3832 6044
70 108 123 161 569

403 107 629 172 QUAESTIONES
649 113 682 166 ΙΝ
703 111 1123 189 Ertsret.ifsr.tdt1.÷rn
1146 119 1251 185 EPlST.
1270 121 1318 176 ab
1339 122 1459 178 EPHES.

1740 123 1792 193 570

70 244 168 284 unum
182 226 349 283 seeundum
363 244 452 284 usum
466 228 608 303 loquendi
620 232 770 297 dicuutur,
783 237 816 302 ut
829 232 905 289 fides
922 238 946 291 Α
996 238 1125 303 ansno
1138 242 1205 296 t'lll.
1221 240 1321 311 Supra
1335 258 1420 299 cerne
1435 259 1550 317 nomen,
1566 245 1646 315 qrcod
1658 249 1792 305 cremina·

68 333 140 372 mea
161 320 190 373 et
211 315 287 372 fides
303 317 381 373 illius
394 334 463 373 cunr
479 319 546 374 ιὶιιιιι
562 320 843 389 stercorandum
865 327 906 378 ta-

68 421 141 462 men
150 404 219 459 dure
234 404 417 477 simpliciter,
430 406 482 461 scd
497 423 559 462 una
579 407 718 464 dicuntur
736 427 742 478 ;
758 409 830 482 quia
844 425 906 466 uua

69 500 140 550 sunt
151 494 250 567 specie
267 511 273 560 ;
296 493 337 550 sie
361 494 398 550 dc
413 494 517 563 herba,
541 495 578 551 de
594 513 676 565 voce,
693 497 730 553 de
745 497 904 567 intellectu,

67 583 134 639 risu
148 587 178 639 et
187 582 288 639 multis
304 583 377 651 aliis,
393 582 498 655 littera,
510 585 617 656 figura,
630 585 786 656 elemento,
798 588 903 656 vocali,

67 671 270 728 differendum
280 675 333 727 est.
399 738 402 742 ⁴

104 762 238 826 erresno
252 765 296 816 lll.
312 761 396 816 Sicut
420 763 508 832 clepit
523 778 586 829 rios,
611 768 642 818 ut
657 778 782 819 esscrnus
797 766 903 834 sancti,

68 851 122 904 etc.
141 847 216 903 llicit
226 847 402 918 l¹elagianus
417 849 500 921 quod
514 866 566 905 eos
580 866 657 922 quos
683 854 760 906 [leus
772 851 811 907 ab
823 856 905 908 reter-

68 952 107 991 no
120 935 217 1006 elegit,
234 936 301 992 idco
318 954 369 992 eos
396 937 492 1008 elegit,
509 939 580 1011 quia
597 940 772 1012 praesciebat
795 958 846 996 cos
859 941 903 996 fu·

69 1029 151 1081 turos
181 1024 279 1080 honos
306 1030 334 1082 et
360 1042 413 1098 per
427 1026 527 1082 libone
558 1027 717 1085 uoluntatis
737 1029 902 1103 arbitrium,

67 1128 128 1167 non
152 1113 224 1184 quia
239 1129 290 1168 cos
317 1118 380 1169 erat
394 1114 644 1172 sanctificaturus,
666 1117 724 1173 Sed
745 1119 822 1173 hanc
839 1119 903 1189 ejus

66 1200 205 1256 lueresim
219 1200 343 1258 destruit
354 1202 512 1274 ,tpostolus
534 1220 602 1259 cum
627 1204 715 1262 dicit:
733 1206 824 1278 Elegit
835 1223 900 1274 nos,

65 1289 98 1360 ut
112 1303 247 1343 essemus
271 1290 375 1358 sancti,
390 1297 417 1348 ct
432 1294 622 1349 irnerucutnti
634 1307 646 1365 ,·
673 1310 732 1350 non
746 1295 817 1351 dicit
830 1294 902 1368 quia

65 1372 157 1429 futuri
170 1392 291 1432 cramus
307 1379 401 1434 sancti
417 1398 423 1446 ;
437 1380 489 1436 scd
504 1385 536 1436 ut
551 1398 694 1438 essemus.
712 1382 740 1439 Si
755 1382 902 1438 enimhoe

65 1466 145 1517 esset
169 1463 252 1535 quod
280 1464 352 1521 dicit
379 1467 564 1537 l‘elagianus,
592 1468 764 1539 justificatio
800 1475 903 1527 nostra

66 1564 159 1605 causa
186 1557 264 1609 essct
289 1554 398 1610 divinae
423 1555 583 1625 electionis,
598 1573 660 1613 nen
683 1557 785 1614 divina
799 1557 901 1614 electio

65 1653 158 1694 causa
172 1645 280 1697 nostrae
292 1642 523 1714 justificationis,
541 1651 569 1700 et
584 1644 624 1700 sie
639 1645 721 1717 quod
735 1649 778 1701 cst
788 1650 902 1718 tempo·

64 1725 125 1781 rale
142 1743 234 1785 eausa
255 1736 332 1787 esset
355 1732 420 1802 ejus
447 1734 529 1805 quod
555 1737 599 1788 est
627 1738 782 1802 aeternum,
804 1750 901 1790 noue

63 1829 210 1871 converso
228 1818 330 1889 :quod
340 1833 401 1874 non
417 1824 595 1892 potestesse.

101 1923 235 1986 Qresrro
253 1925 570 1996 {trapotutanus
586 1929 827 2002 redemptionem,
843 1935 898 1988 etc.

65 2008 214 2073 Quoeritur
226 2025 264 2066 an
276 2010 356 2067 idem
368 2019 453 2069 vocet
465 2014 702 2087 redemptionem
715 2020 743 2072 et
753 2017 900 2072 remissio-

64 2112 136 2152 nem
149 2104 341 2170 peccatorum
357 2101 371 2155 ‘t
385 2101 408 2157 si
423 2102 503 2158 idem
523 2104 649 2172 vitietur,
675 2107 757 2178 quod
772 2106 898 2163 alterum

63 2185 215 2258 superflue
243 2188 374 2259 positum
406 2189 451 2246 sit.
487 2191 608 2249 Solutio.
642 2194 897 2267 lletlcrnptioncrm

63 2273 193 2345 pretium
219 2273 302 2344 illud,
319 2291 372 2348 per
396 2277 479 2349 quod
495 2278 640 2352 redempti
670 2297 784 2349 sumus,
800 2287 897 2351 vocat,

62 2376 118 2433 per
127 2361 210 2435 quod
225 2361 315 2419 datur
328 2364 453 2422 facrdtas
478 2366 566 2423 nobis
578 2367 723 2424 redeundi
740 2388 746 2437 ;
762 2369 897 2426 remissio

61 2453 433 2526 compeditorumque
455 2454 542 2510 nohis
569 2456 718 2512 confertur
741 2457 772 2513 in
787 2456 897 2529 baptis-

62 2553 125 2604 mo,
142 2536 264 2593 eflectus
274 2541 420 2613 estipsius
433 2542 655 2615 redemptionis

98 2626 230 2690 eresrro
257 2629 288 2684 V.
319 2628 496 2685 Insteurure
518 2632 628 2699 ornain,
659 2647 727 2703 prae
751 2633 783 2687 in
815 2634 896 2689 coelis

60 2717 144 2786 scrut,
159 2719 213 2770 ete.
231 2717 304 2771 Cum
327 2718 459 2774 Christus
486 2735 541 2791 pro
555 2719 669 2790 angelis
693 2735 753 2775 non
770 2720 806 2776 sit
819 2736 897 2776 mor·

63 2805 142 2870 tuus,
158 2803 303 2874 queritur
322 2794 477 2877 quomedo
492 2824 527 2862 ea
541 2824 609 2879 quae
625 2808 733 2864 suntin
749 2807 829 2864 ecelis
844 2825 897 2881 per

61 2888 210 2946 Christum
226 2892 284 2948 sint
308 2897 500 2951 restaurata?
521 2896 642 2953 Soluti0.
664 2897 732 2952 ldeo
752 2898 809 2954 hoc
825 2897 895 2952 dici-

62 2983 118 3044 tnr,
134 2979 206 3051 quia
221 2981 273 3053 qui
293 2998 347 3054 per
369 2984 495 3052 gratiam
509 2984 671 3052 salvantur,
688 2986 827 3059 supplent
841 3002 896 3041 nu·

59 3082 180 3122 merum
202 3069 379 3137 angelorum
402 3070 584 3127 diminutum
603 3091 609 3141 ;
638 3072 684 3128 rel
699 3088 751 3144 per
766 3088 801 3128 ea
826 3089 895 3147 quur

58 3153 90 3208 in
107 3153 189 3209 cerlis
203 3160 280 3224 sunt,
303 3157 438 3228 intelligit
462 3159 590 3231 animas,
612 3176 680 3233 quae
692 3161 757 3232 J'am
781 3161 894 3217 suntin

58 3243 137 3299 codo
152 3262 158 3310 ;
184 3260 238 3317 pcr
250 3263 285 3302 ea
297 3264 364 3320 qiua
380 3248 410 3303 in
425 3248 509 3304 terris
524 3253 602 3315 sunt,
619 3255 738 3306 sanctos
752 3250 851 3306 adhuc
864 3251 895 3306 in

57 3333 115 3388 hac
130 3333 191 3389 vita
205 3333 356 3404 degentes.

95 3426 224 3487 Quesrro
239 3426 282 3480 Vl.
298 3425 417 3495 signati
430 3428 498 3483 estis
512 3428 628 3497 Spiritu
650 3435 763 3498 secreto,
785 3429 838 3499 qut
851 3434 893 3485 est

54 3512 168 3581 pignus
194 3511 388 3570 hereditatis.
410 3515 556 3581 Quaeritur
585 3516 740 3589 quomodo
769 3517 893 3590 Spiritus

58 3603 179 3654 sanetus
191 3599 307 3656 dicatur
323 3603 432 3674 pignus
447 3604 626 3661 haereditatis
642 3610 750 3662 nostrie
768 3625 774 3674 ;
790 3622 890 3662 noune

57 3687 168 3758 pignus
182 3693 226 3744 cst
237 3688 311 3745 illud
329 3692 413 3763 quod
427 3693 466 3748 ad
485 3697 604 3762 tempus
613 3711 668 3767 pro
682 3695 783 3768 aliquo
796 3695 892 3768 pretio

56 3775 156 3842 datur,
170 3778 315 3834 etiterum
329 3796 398 3836 eum
413 3782 542 3854 pretium
556 3783 689 3851 soluitur,
706 3784 779 3841 illud
794 3784 890 3840 aufer·

57 3868 106 3920 tur
117 3866 131 3920 ‘t
144 3867 284 3939 nunquid
299 3884 370 3938 ergo
387 3869 511 3942 Spiritus
528 3872 648 3929 anobis
664 3873 805 3942 aufertur,
822 3891 891 3930 curn

57 3953 294 4025 ipsahaereditas
319 3957 407 4013 nobis
421 3959 510 4016 datur
524 3963 538 4017 ‘l
563 3962 684 4019 Solutio.
712 3963 821 4034 Pignus
842 3964 890 4020 hic

56 4040 179 4113 ponitur
198 4060 252 4116 pro
267 4045 365 4113 arrha,
382 4064 450 4120 quae
465 4053 508 4105 cst
522 4050 559 4106 dc
573 4050 639 4124 ipso
651 4052 755 4124 pretio,
772 4068 826 4121 nee
842 4069 892 4109 au·

56 4132 150 4186 fertur
169 4148 238 4188 curn
258 4134 388 4206 pretium
407 4137 551 4207 sobitum
577 4140 657 4196 unde
672 4141 796 4213 quidam
811 4141 891 4197 codi-

58 4234 108 4274 ces
123 4220 238 4277 habent
251 4224 382 4292 arrham,
398 4241 459 4282 non
473 4227 593 4300 pignus.

92 4310 222 4374 Qrtnsrro
236 4314 291 4368 Vll.
305 4313 492 4372 Constituere
507 4318 816 4386 emmerammum,
832 4323 888 4376 ete.

55 4399 134 4452 neus
162 4398 287 4471 Spiritus
301 4407 354 4469 est,
370 4419 425 4459 nec
440 4405 573 4477 corporis
598 4405 694 4462 forma
716 4406 827 4475 finitur,
842 4408 889 4464 vel

56 4487 267 4546 concluditur:
295 4493 449 4562 quomodo
473 4510 544 4563 crgo
557 4493 664 4550 dicitur
680 4495 767 4551 Filius
788 4497 890 4553 sedere

55 4575 96 4629 ad
109 4575 264 4633 dexteram
287 4579 388 4648 Patris,
412 4598 480 4637 cunr
497 4585 581 4639 Pater
596 4599 657 4638 non
681 4584 791 4641 habeat
813 4585 890 4641 latus

54 4663 195 4719 dextrum
209 4665 257 4721 vel
282 4667 445 4737 sinistrum,
461 4671 608 4742 quianon
637 4672 728 4729 habet
751 4690 860 4746 corpus
876 4675 889 4731 ‘l

56 4749 180 4809 Solutio.
196 4755 249 4809 Per
263 4754 417 4812 dexteram
432 4757 482 4813 bei
492 4758 522 4813 in
538 4776 623 4816 sacra
636 4761 787 4834 Scriptura
797 4778 892 4834 quan.

53 4839 158 4912 doque
184 4840 368 4912 significatur
392 4849 502 4902 reterna
522 4847 686 4917 beatitud0‚
707 4850 890 4923 quandoque

53 4929 181 5001 {equalis
196 4930 304 4988 dirinre
319 4938 443 5003 natune,
463 4937 647 5010 quandoque
666 4938 824 5009 judiciaria
837 4956 889 5011 po-

55 5022 157 5074 testas.
178 5022 228 5077 Est
241 5021 322 5077 enim
337 5022 469 5079 Christus
484 5025 524 5080 ad
537 5025 690 5094 dexteram
701 5027 801 5096 Patris,
818 5027 889 5101 quia

53 5107 86 5163 in
99 5109 194 5163 Patris
208 5110 364 5182 majestate
379 5118 482 5169 manet
504 5114 637 5187 aequalis,
653 5120 682 5172 et
703 5115 775 5188 quia
797 5118 891 5172 Pater

53 5211 115 5253 non
132 5198 256 5267 judicet
269 5215 457 5274 quenquam,
473 5204 525 5259 sed
549 5220 635 5260 enarre
643 5205 793 5274 judiciam
809 5205 890 5263 dedit

51 5285 135 5341 Filio
150 5285 249 5357 (doen.
265 5289 302 5360 r).
318 5291 371 5345 Per
385 5291 539 5347 dexteram
554 5307 625 5363 crgo
638 5293 688 5348 bei
701 5293 748 5349 vel
762 5310 816 5367 per
826 5310 889 5349 ma·

51 5389 139 5444 num,
164 5375 211 5431 rel
224 5376 393 5447 brachium,
409 5380 458 5436 rel
479 5381 616 5451 digitum,
633 5381 680 5439 rel
694 5382 826 5454 oculum,
841 5383 889 5439 rel

51 5479 171 5532 aurem,
185 5469 214 5520 et
228 5464 345 5534 similia,
373 5467 447 5524 nihil
470 5470 624 5542 corporale
648 5470 737 5527 dehet
755 5469 887 5541 intelligi,

51 5553 106 5609 sed
124 5556 220 5610 totum
235 5554 433 5626 spiritualiter.

961 331 1011 381 tur
1025 343 1084 383 ιιοιι
1110 331 1204 384 sotum
1223 332 1253 384 in
1276 331 1331 388 hoc
1346 335 1462 404 secuto,
1486 338 1540 390 etc.
1565 337 1791 392 h'onnenovem

960 417 1028 470 suut
1042 416 1161 472 ordines
1184 419 1364 497 urigclorum
1380 421 1394 476 ἱ)
1409 421 1522 493 angeli,
1537 420 1718 494 archangeli,
1734 421 1790 478 vir·

958 507 1044 571 tutes,
1060 510 1229 576 potestates,
1245 509 1439 581 principatus,
1463 511 1692 580 dominationes,
1712 512 1792 569 thro·

958 591 997 658 ni,
1024 593 1177 662 cherubin,
1193 597 1343 669 seraphin,
1357 603 1386 654 ct
1402 615 1463 655 non
1479 605 1548 656 sunt
1561 600 1662 674 plures
1675 599 1721 670 iis,
1737 600 1794 674 qui

958 679 988 735 in
1013 682 1151 753 prresenti
1176 701 1281 739 omncs
1309 685 1511 744 nominantur.
1538 688 1695 755 Quomodo
1718 704 1789 759 ergo

958 767 1049 824 dicit:
1065 770 1260 827 Consulatum
1288 788 1377 844 super
1401 789 1489 829 omne
1511 776 1594 847 quod
1617 776 1790 833 nominatur

957 872 1019 911 non
1046 857 1143 912 solum
1171 859 1201 913 in
1220 860 1277 914 hoc
1293 860 1411 926 seculo,
1434 863 1486 918 sed
1512 865 1601 919 etiem
1616 865 1646 919 in
1669 865 1787 937 saturo,

958 945 1044 1016 qumi
1058 945 1151 1018 aliqui
1162 946 1219 1003 siut
1233 947 1264 1002 in
1284 948 1383 1003 futuro
1409 950 1595 1018 nominandi,
1609 951 1701 1023 quiin
1715 969 1789 1024 prce·

957 1033 1030 1089 scuti
1046 1050 1107 1089 non
1122 1035 1325 1092 nominantur.
1342 1037 1462 1094 Solutio.
1478 1039 1684 1104 Quorumdam
1699 1055 1789 1110 ange·

957 1121 1054 1178 lorum
1077 1122 1335 1181 denominationes
1359 1126 1437 1182 date
1464 1130 1533 1183 sunt
1558 1126 1599 1182 eis
1621 1127 1788 1185 seeundum

956 1209 1053 1267 officia
1063 1228 1131 1283 quae
1146 1213 1233 1269 uobis
1248 1213 1391 1271 exhibent
1411 1214 1604 1288 inpraesenti,
1621 1221 1653 1272 ut
1678 1215 1786 1288 angeli,

955 1299 1136 1369 archangeli,
1161 1301 1292 1371 virtutes,
1317 1308 1487 1376 potestates
1513 1303 1707 1376 prineIpatus,
1735 1305 1788 1361 do-

954 1386 1153 1445 iniectiones:
1169 1389 1236 1446 idco
1264 1390 1404 1447 dicuntur
1430 1391 1554 1448 nomina
1580 1391 1611 1448 iu
1636 1392 1785 1465 praesenti,

954 1475 1026 1547 quia
1053 1477 1110 1533 hoc.
1136 1478 1227 1534 modo
1253 1495 1357 1537 eonnn
1379 1480 1582 1538 denominatio
1608 1485 1720 1554 spectat
1746 1481 1786 1538 nd

920 1580 1097 1644 Bprasens.
1118 1568 1200 1623 Unde
1225 1568 1255 1624 in
1279 1569 1378 1625 futuro
1402 1570 1639 1640 evacuabuntur,
1662 1571 1786 1644 quando

956 1653 1087 1710 Christus
1098 1655 1194 1711 tradet
1207 1672 1335 1724 regnum
1350 1660 1409 1713 Deo
1424 1663 1452 1714 et
1464 1658 1549 1727 Patri,
1573 1659 1696 1732 quando
1709 1662 1787 1716 bens

955 1743 1011 1797 erit
1027 1744 1127 1798 orrrrn'o
1142 1744 1173 1799 ιἰι
1187 1744 1330 1801 cerinthus.
1348 1745 1554 1812 Quorumdam
1569 1763 1640 1803 vero
1666 1747 1786 1817 angelo

954 1846 1023 1898 runi
1037 1830 1295 1887 denominationes
1310 1832 1349 1887 ad
1363 1833 1496 1906 futurum
1511 1837 1620 1890 statum
1640 1837 1784 1908 spectant,

953 1922 987 1973 ut
1005 1919 1112 1987 throni,
1139 1919 1283 1976 cherubin
1298 1925 1326 1976 et
1344 1921 1484 1993 seraphin
1501 1940 1507 1989 ;
1525 1922 1604 1977 unde
1627 1922 1727 1979 necin
1741 1921 1785 1978 fu·

953 2011 1019 2063 turo
1033 2009 1269 2078 evacuabuntur,
1295 2008 1348 2064 sed
1362 2025 1453 2082 super
1477 2025 1582 2065 omnes
1595 2011 1651 2066 hos
1665 2010 1785 2067 ordines

953 2097 1208 2169 supcrcoelestium
1224 2097 1382 2170 spirituum
1395 2098 1556 2156 sublimata
1562 2102 1606 2156 est
1612 2098 1784 2155 humanitas

954 2185 1123 2243 Salvatoris.

988 2276 1120 2341 Qresrro
1136 2278 1177 2331 lll.
1193 2275 1232 2330 Et
1248 2276 1345 2344 ipsum
1360 2275 1439 2332 dedit
1456 2281 1546 2346 caput
1567 2290 1658 2345 super
1668 2290 1783 2333 omnem

951 2362 1128 2418 Ecclesiam.
1151 2361 1297 2428 Qrueritur
1323 2362 1489 2418 seeundum
1511 2379 1605 2434 quam
1631 2367 1783 2431 naturam,

952 2448 1208 2505 scilicetdirinam
1236 2465 1275 2506 an
1296 2448 1473 2519 humanam,
1489 2450 1619 2507 Christus
1642 2449 1680 2506 sit
1693 2453 1784 2525 caput
1849 2505 1854 2513 ,

951 2538 1096 2596 Ecclesire.
1114 2539 1235 2597 solutio.
1248 2541 1344 2596 Potest
1357 2539 1415 2597 dici
1430 2540 1514 2614 quod
1527 2541 1694 2597 secundum
1708 2540 1783 2597 divi·

949 2643 1032 2694 nam,
1049 2627 1217 2683 secundum
1244 2643 1338 2700 quam
1352 2632 1452 2700 caput,
1469 2627 1660 2701 principium,
1674 2633 1702 2684 et
1714 2643 1783 2685 auc·

950 2719 996 2770 tor
1010 2719 1054 2770 est
1077 2714 1214 2771 omnium
1240 2714 1384 2771 fidelium.
1402 2715 1454 2772 Cui
1468 2715 1608 2771 solutioni
1623 2715 1664 2772 sic
1680 2715 1782 2788 objici-

950 2808 997 2859 tur
1012 2821 1018 2858 :
1036 2801 1146 2858 Eadem
1167 2803 1282 2859 ratione
1297 2807 1394 2876 potest
1404 2802 1466 2858 tlici
1490 2802 1573 2875 quod
1588 2803 1623 2858 sit
1637 2807 1728 2876 caput
1740 2802 1781 2860 la·

949 2889 1037 2963 pidis,
1053 2895 1081 2946 et
1094 2890 1193 2946 omnis
1208 2894 1360 2958 creatura,
1389 2906 1520 2963 quorum
1543 2895 1588 2946 est
1608 2896 1713 2947 auctor
1728 2909 1735 2961 ;
1753 2894 1782 2948 ct

949 2977 1022 3033 nihil
1036 2978 1183 3035 diceretur
1209 2977 1246 3035 de
1274 2977 1413 3034 Ecclesia.
1437 2976 1505 3035 ldeo
1531 2977 1669 3046 dicimus,
1697 2977 1781 3052 quod

951 3066 1082 3124 Christus
1096 3066 1215 3139 proprie
1226 3067 1393 3122 secundum
1403 3066 1622 3123 humanitatem
1633 3072 1677 3123 est
1691 3071 1782 3139 ceput

949 3154 1095 3211 Ecclesife.

986 3244 1115 3307 ansrro
1134 3245 1164 3298 ll.
1181 3242 1277 3307 Quare
1301 3239 1433 3297 Christus
1451 3239 1558 3295 dieitur
1580 3244 1671 3312 eaput
1684 3238 1780 3295 Eccle-

949 3327 1009 3384 siae.
1026 3329 1123 3394 Quare
1137 3328 1245 3384 dicitur
1259 3331 1349 3400 caput
1370 3343 1445 3395 esse,
1461 3342 1522 3383 non
1539 3325 1781 3383 inconvenienter

948 3420 1045 3488 potest
1058 3416 1161 3489 quaeri.
1178 3414 1299 3474 Solutio.
1316 3416 1385 3471 ldeo
1398 3414 1529 3472 Christus
1540 3417 1631 3487 eaput
1644 3411 1778 3470 Ecclesiae

947 3504 1044 3559 dictus
1059 3509 1112 3572 est,
1125 3503 1198 3577 quia
1222 3504 1298 3560 sieut
1311 3503 1342 3559 in
1357 3503 1452 3576 capite
1465 3502 1595 3558 hominis
1609 3501 1696 3575 plene
1710 3504 1780 3558 sunt

946 3609 1052 3649 omnes
1067 3608 1172 3648 sensus
1186 3592 1330 3661 carnales,
1341 3592 1450 3648 scilicet
1462 3590 1553 3659 risus,
1563 3590 1692 3660 auditus,
1706 3590 1779 3648 odo-

946 3686 1029 3738 ratus
1042 3682 1090 3737 vel
1105 3681 1241 3754 olfactus,
1258 3687 1362 3752 gustus
1377 3686 1405 3737 et
1430 3685 1526 3736 taetus
1543 3698 1550 3749 ;
1567 3679 1608 3736 sie
1620 3680 1652 3736 in
1664 3679 1779 3762 Christo

948 3774 992 3826 est
1006 3769 1160 3842 plenitudo
1175 3770 1312 3826 omnium
1327 3785 1471 3826 sensuum
1482 3767 1690 3841 spiritualium,
1704 3765 1779 3822 scili-

947 3865 993 3916 cet
1009 3861 1162 3935 plenitudo
1177 3862 1289 3932 gratiae,
1301 3862 1338 3918 de
1352 3863 1439 3932 cujus
1450 3859 1640 3931 plenitudine
1654 3873 1706 3914 nos
1718 3872 1777 3914 om·

947 3964 997 4005 nes
1012 3951 1180 4019 accepimus
1191 3951 1291 4018 (deun.
1306 3955 1338 4018 ι),
1355 3948 1435 4025 unde
1450 3952 1479 4005 et
1492 3945 1629 4004 membra
1639 3944 1776 4014 dicimur,

946 4038 1032 4110 quasi
1047 4038 1179 4110 aliquem
1199 4053 1321 4094 sensum
1336 4052 1398 4093 non
1414 4052 1519 4092 omnes
1533 4034 1688 4103 habentes,
1702 4032 1778 4090 sieut

947 4131 1053 4182 cratera
1065 4126 1202 4182 membra
1213 4125 1346 4197 corporis
1361 4141 1457 4180 unum
1476 4125 1574 4180 solum
1589 4138 1711 4179 sensum
1725 4123 1777 4179 ha·

946 4213 1019 4269 bcnt
1034 4232 1040 4283 ;
1057 4211 1173 4268 nullum
1187 4211 1279 4268 habet
1292 4226 1398 4266 omnes
1412 4216 1519 4283 prretcr
1533 4215 1633 4284 caput.

983 4322 1112 4386 Quesno
1125 4322 1167 4375 lll.
1182 4319 1312 4374 Erremus
1327 4322 1440 4373 natura
1460 4318 1520 4385 pta
1533 4319 1586 4372 tra
1599 4317 1719 4385 (Ephcs.
1735 4317 1775 4388 u),

947 4413 1002 4466 etc.
1019 4411 1096 4464 lleus
1107 4411 1151 4462 est
1165 4411 1269 4463 auctor
1278 4409 1410 4461 nature:
1427 4402 1452 4457 si
1466 4419 1537 4473 ergo
1550 4408 1658 4459 natura
1671 4417 1778 4457 sumus

946 4497 999 4553 filii
1013 4497 1074 4563 irai,
1090 4495 1208 4552 videtur
1221 4494 1304 4567 quod
1317 4496 1376 4548 ileo
1391 4494 1511 4547 auctore
1524 4491 1581 4547 hoc
1596 4505 1711 4545 sumus.
1727 4490 1777 4546 So-

945 4585 1028 4641 lutio.
1045 4587 1155 4640 Natura
1170 4581 1264 4638 tribus
1280 4579 1378 4637 modis
1394 4578 1537 4653 accipitur
1558 4577 1589 4633 in
1604 4592 1689 4634 sacra
1704 4575 1777 4634 Seri-

944 4678 1041 4747 ptura,
1058 4671 1170 4727 seilicet
1185 4686 1240 4743 pro
1253 4669 1304 4725 illo
1328 4668 1442 4739 integro
1466 4672 1494 4725 et
1505 4668 1669 4740 interrupto
1682 4665 1775 4737 bono,

944 4763 974 4818 in
986 4777 1048 4834 quo
1063 4760 1201 4816 conditus
1213 4764 1257 4816 est
1269 4759 1370 4826 homo,
1392 4757 1559 4814 secundum
1573 4772 1667 4830 quam
1692 4772 1775 4814 acee-

945 4849 1078 4923 ptionem
1091 4847 1198 4905 dicitur
1208 4845 1292 4920 quod
1307 4845 1405 4902 omnis
1415 4852 1550 4903 creatura
1564 4845 1616 4901 liei
1627 4845 1709 4902 bona
1720 4848 1774 4901 est.

944 4939 1054 4995 llicitur
1068 4937 1156 4994 etiam
1168 4943 1276 4994 natura
1288 4935 1438 5008 corruptio
1453 4935 1576 5009 peccati,
1589 4935 1620 4991 iu
1635 4951 1697 5008 qua
1706 4948 1775 4991 con·

944 5028 1061 5101 cipitur,
1077 5032 1105 5083 et
1116 5043 1186 5084 cum
1211 5042 1273 5099 qua
1287 5025 1419 5083 nascitur
1447 5025 1546 5082 omnis
1568 5025 1670 5092 homo,
1686 5026 1715 5080 et
1733 5022 1775 5078 sie

945 5116 1088 5189 accipitur
1100 5115 1147 5171 hie
1162 5132 1231 5171 curn
1246 5115 1352 5171 dicitur
1368 5132 1375 5170 ι
1391 5116 1514 5171 Eramus
1524 5117 1631 5168 natura
1645 5109 1698 5165 filii
1711 5108 1772 5164 irre.

944 5207 1052 5263 Vitium
1067 5205 1146 5262 enim
1170 5204 1291 5261 inolevit
1316 5219 1372 5277 pro
1393 5207 1501 5259 natura
1517 5220 1523 5256 :
1539 5198 1612 5274 quia
1634 5212 1705 5267 crgo
1718 5211 1775 5270 pre

945 5296 1033 5368 eulpa
1047 5294 1198 5366 originalis
1214 5293 1336 5367 pcccati,
1354 5307 1424 5346 cum
1438 5306 1500 5363 quo
1513 5287 1675 5354 nascimur,
1691 5285 1775 5356 digni

944 5400 1049 5440 sumus
1065 5384 1212 5453 gehenna,
1236 5382 1304 5436 ideo
1319 5379 1447 5435 dicimur
1461 5381 1569 5433 natura
1582 5375 1705 5434 filiiirae.
1721 5383 1774 5434 hc·

944 5470 1051 5543 cipitur
1063 5471 1153 5527 etiarn
1166 5472 1274 5524 natura
1288 5482 1343 5539 pro
1358 5464 1489 5538 reliquiis
1503 5462 1582 5521 illius
1603 5463 1677 5522 boni
1688 5471 1774 5525 natu-

941 5559 1021 5628 ralis,
1037 5574 1104 5631 quae
1119 5558 1327 5614 remanserunt
1340 5553 1371 5610 in
1384 5552 1473 5609 nobis
1488 5557 1557 5626 post
1568 5559 1736 5628 peccatum,
1746 5560 1774 5614 ct
