3832 6044
46 113 102 167 aaa.
465 80 672 165 lrnaeonm
692 111 724 164 n
745 77 865 163 aaran
883 109 1145 167 rasrmruran.
1162 139 1196 149 -
1216 111 1280 166 na.
1300 110 1332 167 v.
1707 119 1759 174 aar

47 231 127 286 enim
140 229 293 287 homicidii
318 230 391 303 quid
411 235 464 299 θεῖ,
481 232 567 303 eujus
594 236 671 288 Ueus
700 249 791 289 caasa
814 248 875 288 non
894 239 918 292 A
932 231 1039 289 Omnia
1051 231 1110 289 ulia
1125 233 1202 289 lacta
1217 249 1291 291 θεεθ.
1308 236 1382 290 Usus
1397 239 1497 291 minen
1521 236 1655 294 Ecclesiae
1669 239 1759 297 aliam

47 321 107 377 sit?
122 324 222 394 h'equc
237 321 317 376 eninr
330 322 413 394 quod
428 321 495 377 lcve
510 339 636 377 manum
651 322 688 377 ad
713 321 876 394 perentien-
930 321 1021 378 habet
1032 322 1262 379 distinctionem.
1278 327 1317 380 Ue
1330 323 1409 380 idolo
1424 341 1546 397 quoque
1556 325 1627 382 dicit
1638 331 1761 402 Aposto

45 410 122 465 dum
136 408 256 465 aliunde
271 413 316 465 cst
329 425 422 483 quam
446 427 482 466 ex
504 409 651 477 facultate,
679 427 773 482 quam
800 413 877 468 Deus
930 409 987 484 lus,
1004 412 1275 484 quodnihilcstll
1287 415 1351 470 Col.
1374 418 1442 481 uu).
1475 414 1584 471 Uicitm·
1603 420 1703 474 autem
1719 433 1762 474 se-
1832 487 1839 499 .

45 495 233 565 mihidedit;
257 496 310 553 scd
338 513 436 570 neque
452 497 553 570 ipsum
579 501 731 570 percutere
757 495 877 554 aliunde
932 499 1066 556 eundum
1077 499 1223 570 originem
1251 500 1445 558 simulacrum
1473 504 1693 576 rcprrescntatio
1719 505 1762 562 rei

47 590 100 642 cst.
131 584 160 642 Si
188 590 289 641 autem
317 589 401 642 actas
429 585 492 653 istc,
522 584 605 660 quod
642 601 768 642 manum
797 583 878 653 erigo
932 587 1092 656 existentis,
1106 588 1154 645 vel
1168 589 1255 661 cujus
1269 589 1432 647 similitudo
1447 590 1524 648 iuter
1538 609 1585 648 rcs
1613 592 1766 651 invenitur

47 674 88 730 ad
111 674 339 747 percutiendum
376 690 541 748 pauperem
569 674 599 729 in
625 690 661 732 co
684 673 768 746 quod
795 677 879 730 aetus
933 677 1131 734 ldolumvero
1154 679 1375 752 repraesentatio
1391 680 1433 735 rei
1459 697 1520 736 nou
1547 682 1705 751 existentis,
1730 688 1764 739 at

48 767 102 830 cst,
131 762 310 829 attendatur,
339 762 413 818 nihil
449 761 479 817 in
507 761 573 834 ipso
609 761 753 835 reperitm
785 776 879 834 quare
932 766 1107 834 hircocervi,
1129 765 1287 833 chimaerae,
1322 770 1349 820 et
1372 767 1556 836 hujusmodi.
1586 771 1668 827 Unde
1691 770 1763 845 quia

48 868 67 907 a
96 854 230 907 beenon
246 850 282 907 sit
307 850 405 921 magis
425 866 519 922 quam
545 849 575 906 in
603 850 658 906 isto
686 849 770 922 quod
798 849 879 918 erigo
933 854 1006 910 iUud
1020 859 1223 926 repraesentat,
1239 855 1320 927 quod
1352 854 1425 910 nibil
1447 861 1501 923 θεῖ,
1517 861 1546 912 ct
1567 857 1667 930 ipsum
1689 859 1764 916 nihil

47 957 174 997 manum
190 940 229 996 ad
251 939 480 997 sustentandum
504 955 681 1013 pauperem.
712 943 811 1013 h'cque
839 942 880 994 ta·
933 958 997 998 esse
1012 941 1128 1009 dicitur,
1144 959 1162 998 a
1177 959 1268 998 eausa
1283 943 1619 1002 ellectumtranslatum.
1636 945 1686 1002 Vel
1700 947 1764 1003 ido-

48 1044 120 1084 men
146 1032 304 1100 peccatum
333 1026 448 1100 aliquid
475 1032 528 1095 cst,
558 1028 644 1098 cujus
673 1031 749 1084 Ueus
777 1031 881 1083 auctor
934 1030 997 1087 lum
1012 1030 1118 1087 dicitur
1128 1031 1177 1087 illa
1187 1030 1267 1087 fictio
1283 1031 1400 1099 mentis,
1417 1047 1479 1104 qua
1492 1032 1636 1102 tingimus
1647 1032 1764 1106 lignum

49 1117 109 1173 sit:
126 1117 227 1190 ipsum
254 1117 334 1174 enim
348 1117 423 1174 nihil
437 1120 490 1174 est.
508 1116 589 1174 Unde
604 1135 623 1174 a
641 1115 824 1190 quibusdem
839 1113 880 1169 sic
935 1123 1028 1176 Ucmn
1041 1136 1116 1188 esse,
1129 1120 1177 1176 vel
1204 1120 1245 1177 illi
1259 1119 1417 1193 praesidere
1433 1139 1440 1176 ε
1469 1121 1552 1193 quod
1578 1122 1635 1179 nisi
1651 1123 1764 1181 falsitas

49 1206 266 1263 determinatur
280 1222 334 1279 per
346 1206 547 1275 negationem,
571 1223 639 1279 quae
654 1205 737 1273 tollit,
756 1209 786 1260 et
808 1197 882 1260 nihil
934 1226 997 1266 non
1007 1214 1098 1278 estet
1110 1209 1176 1266 ideo
1187 1209 1300 1266 idolum
1310 1209 1540 1267 nihilcst.lnrta
1547 1212 1631 1285 quod
1641 1212 1762 1270 dicitur:

50 1295 197 1368 ponitllst
207 1294 288 1351 enim
302 1301 534 1367 peceatum,non
546 1295 642 1352 lacere
656 1293 881 1368 quodquisere·
935 1301 1056 1355 bestrae
1071 1298 1186 1355 idolam
1200 1298 1297 1355 cordis
1310 1298 1362 1356 tui.
1378 1299 1428 1354 Vel
1443 1299 1485 1355 ibi
1496 1299 1621 1357 dicitur:
1648 1301 1764 1360 ldolum

51 1383 96 1439 dit
120 1399 174 1456 pro
203 1387 262 1439 Uee
289 1379 459 1440 iaciendum
488 1401 562 1453 csse,
582 1384 629 1440 vel
651 1400 712 1440 non
735 1382 881 1439 dimittere
935 1387 1010 1443 nihil
1022 1405 1096 1453 θεεθ,
1112 1389 1143 1444 id
1158 1393 1201 1444 θεῖ
1214 1387 1323 1443 nullius
1338 1387 1488 1457 efficaciae,
1505 1393 1535 1445 nt
1548 1388 1617 1447 inde
1631 1390 1688 1447 cibi
1699 1407 1765 1448 san·

51 1471 135 1544 qnod
150 1470 244 1527 credit
256 1471 467 1529 dimittendum
481 1489 544 1529 esse
559 1477 681 1546 propter
697 1476 801 1528 Ueum.
826 1469 881 1526 Alii
936 1476 1100 1533 etificcntur
1114 1481 1143 1534 ct
1153 1476 1355 1550 inquinentur.

51 1559 156 1616 dicunt
169 1560 251 1632 qnod
267 1560 392 1632 privatio
407 1560 488 1617 bona
503 1565 555 1629 θεῖ,
571 1561 618 1616 vel
637 1559 763 1634 privatio
790 1557 882 1615 debiti
901 1590 921 1643 B
973 1566 1180 1636 Quodseetam
1194 1572 1246 1634 cst,
1256 1568 1287 1622 ia
1302 1568 1365 1636 ipso
1376 1568 1437 1624 cita
1449 1573 1523 1624 crat.
1534 1571 1573 1624 Ne
1583 1568 1652 1642 quis
1662 1586 1766 1626 sccun-

52 1648 131 1715 finiS,
154 1649 202 1705 vel
228 1648 406 1722 perversitas
435 1649 604 1706 voluntatis
629 1648 754 1706 privatio
781 1653 882 1704 autem
936 1654 1010 1710 dum
1026 1658 1123 1710 creata
1148 1658 1242 1711 licum
1270 1655 1486 1728 inspiceretur
1506 1657 1765 1729 quemadmodum

53 1737 141 1806 actio,
158 1737 470 1795 relvoluntasdebito
497 1739 556 1794 fine
586 1756 655 1795 cum
682 1739 722 1795 ad
736 1738 817 1795 aliud
841 1737 883 1793 di·
936 1743 1119 1798 mutabilitas
1134 1743 1164 1798 in
1178 1743 1251 1816 ipsis
1262 1748 1315 1815 θεῖ,
1328 1743 1369 1800 εῖθ
1384 1744 1422 1800 sit
1434 1748 1462 1799 et
1475 1744 1506 1801 in
1525 1749 1653 1814 creante,
1670 1750 1766 1802 oston-

52 1825 168 1897 rigitur,
184 1826 331 1899 quemad
346 1826 430 1899 quod
444 1827 532 1897 dirigi
560 1827 657 1885 debet.
684 1828 775 1886 Debet
803 1825 883 1882 enim
937 1832 980 1888 dit
993 1831 1093 1904 ipsum
1108 1831 1331 1888 immutabiliter
1346 1832 1448 1887 omnia
1461 1833 1617 1890 mutabilia
1638 1850 1764 1891 creasse.

54 1915 142 1987 dirigi
156 1915 195 1972 ad
207 1915 354 1972 honorem
367 1915 427 1985 Uei,
442 1917 526 1990 quod
541 1934 611 1973 cum
632 1933 694 1973 nen
708 1917 751 1986 fit,
767 1931 883 1990 pervcr·
938 1925 1011 1977 Nam
1026 1920 1179 1993 adipsum
1195 1920 1549 1992 dieitur...lnrmatasqac
1574 1938 1697 1980 erraticas
1712 1925 1767 1980 ιΙαε

55 2005 133 2072 titur,
148 2009 177 2061 et
189 2004 224 2060 fit
236 2008 403 2078 peecatum.
421 2005 477 2062 Sed
490 2023 559 2062 cunr
574 2006 712 2063 voluntas
724 2007 804 2062 malo
823 2005 883 2060 linc
938 2014 1046 2066 carnelo
1062 2009 1182 2066 arevaci.
1200 2007 1369 2065 sicutenim
1384 2007 1458 2064 dum
1471 2008 1575 2064 artilex
1588 2015 1687 2066 mente
1697 2026 1767 2066 cen·

56 2093 215 2150 informata
230 2092 310 2150 mala
325 2093 380 2162 sit3
397 2098 426 2150 et
439 2098 538 2150 tamen
560 2094 590 2150 in
611 2111 652 2162 sc,
675 2095 764 2152 idest
790 2093 821 2151 in
848 2110 884 2150 eo
938 2097 1017 2170 cipit,
1032 2097 1193 2153 similitudo
1206 2101 1317 2164 manet,
1333 2112 1389 2153 nec
1404 2101 1536 2153 mutatur
1554 2114 1586 2154 re
1600 2102 1693 2167 mota,
1714 2098 1766 2173 sic,

56 2182 139 2255 qnod
166 2180 279 2255 aliquid
307 2186 360 2248 θεῖ,
393 2181 476 2238 bona
502 2182 639 2239 videtur:
669 2184 753 2256 quod
778 2182 884 2240 eadem
939 2190 1058 2246 Creator
1071 2185 1219 2253 omnium,
1245 2189 1323 2242 Ucus
1348 2185 1386 2241 ab
1406 2191 1518 2241 aeterno
1547 2186 1693 2259 sapientia
1713 2205 1768 2246 sua

56 2270 376 2327 voluntassecundum
392 2270 514 2328 alludet
535 2271 616 2327 aliud
644 2272 725 2328 bona
751 2276 779 2328 ct
805 2272 885 2328 mala
939 2275 1041 2332 omnia
1067 2274 1293 2347 comprehendit
1318 2290 1508 2347 quecunque
1534 2275 1666 2333 facturus
1694 2283 1767 2345 crat,

56 2360 104 2427 sit,
121 2364 148 2415 ct
163 2359 203 2415 ita
217 2359 301 2433 quod
315 2359 464 2416 contraria
476 2360 535 2416 sint
547 2359 578 2414 in
592 2360 699 2416 eodem
715 2377 722 2427 3
745 2360 828 2433 quod
842 2359 886 2416 di·
940 2365 992 2420 scd
1007 2361 1240 2419 immutabiliter.
1262 2362 1344 2418 Unde
1356 2377 1418 2418 non
1431 2366 1476 2418 est
1489 2363 1666 2421 omnimoda
1689 2365 1769 2422 simi-

57 2448 96 2503 cit
121 2447 303 2518 Augustinus
325 2447 428 2503 dicens
456 2466 463 2504 z
491 2446 635 2517 Regmam
663 2447 886 2504 dialecticorum
939 2452 1033 2509 litudo
1048 2451 1267 2507 intermcntcm
1282 2450 1412 2522 artificis,
1427 2455 1455 2507 θῖ
1468 2455 1599 2508 mentem
1621 2452 1766 2522 divinam,

57 2537 106 2593 hic
119 2535 189 2604 lan,
206 2552 276 2592 eum
290 2552 379 2592 ornnc
394 2536 510 2592 malum
524 2536 561 2592 sit
573 2536 689 2593 bonum
700 2540 885 2610 corruptum.
940 2541 1012 2614 quia
1026 2540 1055 2596 in
1070 2545 1216 2613 conceptu
1231 2539 1352 2596 artificis
1366 2543 1465 2596 motus
1489 2543 1542 2607 est,
1557 2541 1629 2614 qnia
1643 2541 1727 2615 prius
1741 2549 1770 2600 ct

59 2627 118 2684 Sed
129 2625 188 2682 dici
211 2630 317 2698 potest,
342 2626 425 2699 quod
439 2641 501 2682 non
523 2625 554 2681 in
568 2625 702 2699 qualibet
715 2625 887 2699 acceptione
941 2629 1106 2705 posterius:
1121 2635 1150 2686 et
1165 2629 1206 2685 sie
1219 2629 1354 2685 variatio.
1372 2633 1404 2684 ln
1417 2630 1685 2702 comprehensione
1697 2648 1770 2689 vero

58 2715 175 2772 bonum
195 2719 224 2770 ct
238 2714 354 2770 malum
369 2713 427 2770 sint
440 2713 610 2771 contraria:
637 2731 707 2771 eum
722 2714 804 2771 enim
818 2712 888 2769 dici·
941 2716 1042 2773 divina
1056 2717 1156 2774 nullus
1169 2720 1213 2773 cst
1227 2720 1336 2783 motus,
1352 2715 1435 2772 nulla
1454 2716 1588 2786 variatio,
1610 2734 1680 2775 cum
1706 2718 1770 2793 ipsc

60 2810 117 2873 tur,
131 2803 212 2877 quod
228 2803 293 2859 haec
304 2802 441 2860 voluntas
455 2802 538 2859 bona
552 2807 596 2859 est
609 2819 646 2860 ex
656 2819 693 2861 eo
705 2802 788 2877 quod
799 2820 818 2860 a
828 2806 889 2860 er
943 2809 1020 2863 Deus
1035 2805 1072 2862 sit
1083 2805 1149 2879 ipsa
1167 2805 1404 2878 comprehensio.
1435 2805 1517 2861 Unde
1543 2805 1659 2878 dicitur,
1687 2807 1772 2881 quod

60 2909 125 2948 csse
140 2892 239 2960 habet,
251 2891 299 2948 hic
311 2891 427 2959 dieitur,
452 2891 536 2964 quod
550 2891 681 2964 prodest,
696 2892 744 2949 rel
754 2893 838 2965 quod
851 2892 888 2948 si·
908 2940 928 2994 C
943 2897 1006 2971 ipsc
1020 2897 1149 2967 disponit
1171 2897 1271 2952 arania
1285 2897 1418 2952 aaronita·
1429 2895 1513 2965 (Sap.
1527 2895 1594 2968 vni),
1612 2896 1675 2954 sine
1687 2901 1772 2955 motu

59 2981 259 3038 militudinem
272 2980 447 3037 habetcum
462 2997 517 3037 suo
533 2984 678 3038 creatore.
691 2980 890 3039 Undedicitur
944 2985 1053 3042 scilicet
1077 2989 1105 3040 et
1127 2984 1239 3040 labore.
1271 2985 1393 3055 Propter
1420 2983 1498 3040 hanc
1522 2985 1708 3055 suavitatem,
1729 2986 1773 3042 di·

60 3070 217 3144 quodlibet
231 3068 268 3125 de
279 3068 402 3141 singulis
412 3085 431 3125 a
443 3072 503 3126 beo
518 3074 651 3125 creatum
661 3069 776 3127 bonum
789 3074 891 3127 essect
944 3075 1018 3132 citur
1042 3073 1093 3141 ibi,
1114 3072 1172 3129 vita
1187 3088 1261 3138 csse,
1278 3071 1361 3143 quod
1375 3071 1488 3127 laetum
1515 3078 1568 3129 cst.
1583 3074 1678 3131 Habet
1691 3076 1772 3130 enim

60 3162 100 3216 cle
111 3158 252 3216 omnibus
267 3158 363 3227 simul,
380 3159 460 3229 qaod
471 3164 558 3215 erem
574 3159 662 3216 calda
677 3158 889 3232 borrchcau).
944 3166 1028 3220 Pater
1053 3162 1146 3218 vitam
1174 3160 1205 3216 in
1224 3160 1393 3231 semetipso,
1420 3165 1448 3215 et
1484 3159 1565 3216 dedit
1587 3161 1658 3217 l'ilio
1683 3161 1775 3218 habc-

63 3251 94 3307 Si
108 3248 188 3305 enim
202 3247 232 3304 in
246 3247 379 3321 quolibet
393 3247 540 3304 laetorum
555 3247 668 3320 aliquid
693 3247 786 3304 divini
805 3249 891 3305 dcco
944 3267 976 3308 re
1000 3252 1030 3307 in
1059 3249 1228 3322 semetipso.
1256 3246 1337 3304 Unde
1363 3248 1424 3304 vita
1460 3265 1528 3321 qaae
1563 3249 1594 3304 in
1628 3249 1694 3323 ipso
1720 3253 1774 3319 est,

60 3338 190 3405 riserat,
211 3336 304 3393 multo
318 3337 415 3405 magis
443 3336 473 3392 in
488 3335 630 3392 omnibus
652 3335 892 3393 convenientissi-
946 3338 1044 3395 differt
1058 3353 1076 3392 a
1091 3336 1149 3392 vita
1174 3335 1314 3399 hominis,
1342 3352 1410 3408 qua
1436 3334 1537 3391 anima
1552 3340 1605 3408 est,
1630 3342 1659 3393 et
1685 3337 1776 3394 avita

63 3445 113 3484 me
144 3425 289 3483 ordinatis
317 3425 508 3499 pulchritudo
537 3424 681 3482 creatoris
717 3424 891 3499 apparebat.
947 3427 1065 3494 animae,
1082 3441 1152 3480 cum
1167 3427 1267 3481 tamen
1282 3423 1342 3479 vita
1358 3423 1465 3480 anima
1495 3423 1560 3495 ipsa
1573 3424 1631 3481 sit:
1659 3429 1777 3505 motum

66 3516 149 3573 Unde
164 3532 233 3571 cum
252 3514 360 3571 dicitur
371 3515 454 3587 quod
469 3513 608 3571 voluntas
633 3514 691 3570 hoc
705 3514 798 3570 modo
812 3514 894 3570 bona
947 3515 1028 3572 enim
1039 3513 1158 3570 vivendi
1171 3512 1202 3569 in
1228 3529 1259 3568 sc
1285 3511 1385 3581 habet,
1401 3529 1464 3569 non
1491 3512 1529 3569 ab
1556 3512 1614 3570 alia
1641 3519 1778 3571 creatura

65 3611 119 3672 cst,
134 3604 243 3661 etitem
267 3604 351 3677 quod
374 3603 431 3659 hoc
446 3603 538 3660 modo
563 3603 645 3660 mala
670 3608 723 3671 cst,
743 3602 774 3659 id
797 3601 894 3660 estad
947 3603 1103 3664 contrahit.
1143 3604 1200 3661 Sed
1224 3608 1324 3659 tamen
1346 3603 1413 3676 ipsa
1438 3603 1541 3660 anima
1567 3621 1586 3661 a
1613 3603 1683 3674 vita,
1708 3620 1777 3676 quae

66 3694 182 3752 malum
195 3693 287 3749 fidem
301 3693 422 3762 directa,
438 3709 500 3749 nen
516 3696 585 3749 sunt
606 3692 754 3750 contraria
777 3693 894 3749 bonum
948 3698 1025 3752 Deus
1040 3698 1093 3762 cst,
1107 3692 1137 3748 in
1151 3692 1245 3749 tribus
1259 3690 1380 3748 inferior
1394 3695 1447 3760 est,
1463 3696 1492 3749 et
1514 3692 1597 3765 quod
1625 3691 1778 3750 mutabilis

66 3789 95 3842 et
107 3784 233 3842 malum.
247 3786 342 3848 Quare
357 3799 413 3841 nec
430 3784 509 3840 hanc
526 3782 708 3841 locutionem
722 3782 893 3856 recipimus,
948 3788 1001 3856 cst,
1016 3787 1044 3839 et
1057 3781 1141 3855 quod
1155 3780 1273 3838 initium
1285 3780 1385 3850 habet,
1406 3784 1435 3837 ct
1466 3781 1549 3854 quod
1561 3780 1655 3837 finem
1667 3779 1778 3838 habere

66 3874 150 3948 quod
164 3873 271 3932 cadem
289 3873 428 3931 voluntas
447 3872 484 3929 sit
506 3871 587 3930 bona
602 3876 630 3930 et
657 3872 747 3941 mala,
772 3871 844 3945 quia
859 3887 896 3927 cx
948 3875 1054 3946 potest.
1078 3870 1141 3927 Vita
1154 3885 1224 3926 vero
1250 3868 1300 3926 Uei
1324 3872 1353 3925 ct
1366 3867 1548 3927 invariabilis
1576 3872 1630 3938 θεῖ,
1645 3884 1700 3926 nec
1725 3867 1780 3925 ini-

66 3965 165 4023 fcrma
177 3962 271 4037 ipsius
289 3962 320 4020 in
346 3962 494 4020 contraria
509 3961 724 4033 significatione
750 3961 897 4035 acciperc-
949 3961 1033 4030 tium,
1049 3975 1104 4016 nee
1117 3959 1210 4016 finem
1224 3958 1325 4015 habet.
1354 3958 1436 4015 Unde
1463 3959 1528 4015 hac
1543 3958 1607 4016 sola
1630 3975 1702 4016 vcra
1719 3957 1780 4015 vita

66 4059 115 4112 tur
136 4054 253 4111 bonum
278 4058 306 4110 et
331 4053 456 4122 malum,
472 4051 582 4108 scilieet
606 4051 689 4125 quod
714 4051 820 4108 eadem
853 4051 896 4107 di·
950 4055 1002 4107 est.
1024 4048 1106 4105 Unde
1134 4048 1213 4104 dicct
1235 4045 1439 4116 evangelista!
1470 4047 1557 4114 Quod
1585 4048 1698 4106 lactum
1725 4051 1778 4116 θεῖ,

66 4144 211 4214 rigaretur
226 4141 265 4197 ad
289 4141 405 4198 bonum
429 4145 458 4198 et
472 4140 610 4197 malum:
640 4139 723 4211 quod
749 4154 896 4196 essenon
950 4139 981 4195 in
1009 4139 1074 4211 ipso
1106 4136 1168 4192 vita
1193 4138 1266 4204 crat,
1289 4135 1319 4190 id
1352 4140 1396 4190 est
1428 4138 1506 4191 Deus
1533 4152 1551 4192 a
1576 4152 1639 4209 quo
1666 4136 1779 4206 omnia,

66 4234 174 4306 potest.
188 4232 270 4287 Patet
283 4230 383 4304 itaque
397 4233 491 4286 Deum
505 4231 658 4284 auctorem
673 4227 809 4284 omnium
833 4243 897 4285 csse
950 4227 1033 4302 quod
1056 4225 1095 4281 ab
1117 4229 1227 4282 aeterno
1254 4223 1393 4297 providit,
1408 4224 1635 4281 immutabiliter
1647 4231 1781 4299 tempore

67 4325 214 4394 tanquam
229 4334 403 4392 supremam
418 4333 542 4375 causam
572 4320 601 4373 et
624 4316 779 4387 originem,
794 4333 813 4373 a
835 4333 897 4390 quo
912 4288 934 4342 ὓ
951 4315 1119 4389 complevit.
1132 4317 1209 4371 Deus
1222 4313 1302 4369 enim
1312 4328 1366 4386 per
1376 4312 1562 4384 sapientiam,
1571 4329 1640 4386 quaa
1652 4314 1716 4388 ipsc
1726 4318 1779 4384 θεῖ,

68 4409 172 4467 omnia
183 4412 334 4477 emanant,
346 4408 406 4465 sive
416 4423 469 4481 per
479 4405 752 4480 ipsumtiantnullo
763 4405 898 4463 median·
951 4406 1053 4465 omnia
1068 4405 1107 4462 ab
1121 4407 1232 4461 aterno
1247 4402 1405 4476 disposuit,
1433 4406 1461 4459 et
1488 4401 1634 4476 disposita
1648 4408 1781 4476 tempore

69 4504 107 4569 ῖθ,
121 4499 184 4556 sive
199 4498 300 4572 aliquo
314 4484 536 4564 medianta'vel
550 4499 668 4565 natura,
685 4495 733 4552 vel
759 4494 898 4553 facultate
952 4493 1120 4569 complevit.
1137 4492 1220 4549 Unde
1233 4496 1262 4548 et
1276 4508 1294 4549 a
1309 4490 1455 4564 sapientia
1469 4490 1519 4548 Uei
1534 4491 1636 4548 omnia
1649 4496 1678 4550 et
1688 4490 1781 4548 vitam

70 4589 109 4646 ab
120 4588 186 4661 ipso
196 4587 313 4644 collate.
325 4584 542 4658 Undequidam
553 4585 621 4653 hoc,
632 4584 716 4658 qnod
727 4584 797 4643 dicit
809 4600 899 4641 cvan-
952 4590 981 4643 ct
995 4599 1058 4641 θεεθ
1073 4581 1195 4639 habent.
1213 4580 1295 4637 Unde
1310 4579 1427 4637 athene
1450 4579 1492 4635 ibi
1517 4579 1578 4636 vita
1601 4597 1665 4638 θεεθ
1679 4579 1783 4637 dicun·

69 4678 197 4752 gelista:
214 4675 321 4735 Omnia
334 4674 499 4748 peripsum
514 4673 592 4732 iacta
618 4677 697 4742 sunt,
719 4673 849 4731 referunt
860 4674 900 4732 ad
953 4679 1009 4742 tur,
1023 4671 1096 4746 quia
1119 4669 1189 4726 inde
1201 4669 1294 4727 vitam
1306 4668 1497 4726 contrahunt.
1515 4668 1564 4725 Vel
1576 4669 1618 4727 ibi
1640 4670 1699 4728 vita
1717 4667 1781 4739 fuit,

70 4784 244 4842 operaque
257 4765 322 4839 ipse
335 4763 470 4836 facitpcr
482 4779 523 4832 εθ,
544 4762 590 4820 vel
605 4768 713 4821 natura
738 4763 898 4821 mediante.
953 4761 1025 4836 quia
1037 4760 1124 4833 juxta
1136 4757 1313 4832 sapientiam
1340 4758 1402 4827 Uei,
1424 4775 1492 4832 quae
1506 4758 1568 4816 vita
1588 4760 1725 4818 omnium
1739 4763 1784 4818 θεῖ

71 4857 160 4924 Quod
172 4872 244 4914 vero
254 4853 388 4928 sequitur
404 4872 410 4909 ε
426 4854 464 4910 Εῖ
479 4854 542 4910 atae
556 4854 619 4923 ι’ρεο
632 4854 799 4923 factumest
809 4853 899 4925 nibil,
953 4851 1065 4908 factum
1079 4852 1229 4917 astemoe
1241 4846 1325 4921 quod
1335 4845 1447 4906 lactum
1457 4852 1510 4906 cst.
1525 4851 1584 4906 Hoc
1595 4849 1675 4907 enim
1684 4864 1783 4907 exem·

69 4947 112 5003 ad
124 4962 161 5002 ea
177 4945 308 5002 referunt
321 4959 390 5017 quae
400 4942 478 4998 fiunt
489 4958 507 5000 a
520 4941 618 4999 nobis.
640 4940 815 5000 Ambrosius
827 4959 900 5017 quo·
953 4939 1020 5013 plar
1043 4937 1095 4995 Uei
1108 4935 1172 5005 fuit,
1201 4937 1241 4994 ad
1256 4937 1342 5009 eujus
1357 4937 1535 5012 exemplaris
1560 4938 1783 4996 similitudinem

69 5052 131 5110 que
142 5034 274 5092 scribens
289 5031 329 5090 ad
344 5031 517 5089 Gratianum
532 5030 718 5104 episcopum,
731 5035 760 5088 ct
771 5034 900 5088 loannes
953 5032 1033 5087 totus
1048 5025 1181 5084 muudus
1195 5025 1292 5084 factus
1307 5030 1360 5096 est,
1381 5032 1411 5083 ct
1423 5033 1467 5084 θεῖ
1480 5028 1529 5084 hic
1541 5027 1588 5083 illc
1604 5027 1784 5098 archetypus

70 5125 302 5197 Chrysostomus
317 5121 358 5178 sie
373 5119 578 5190 distinguunt:
609 5118 676 5176 Sine
697 5119 764 5192 ipso
788 5119 900 5176 lactum
954 5116 1097 5185 mundns,
1123 5115 1163 5174 ad
1189 5117 1275 5189 cujus
1312 5115 1535 5172 similitudinem
1571 5112 1703 5169 mundus
1729 5109 1784 5166 iste

70 5215 117 5268 est
130 5209 203 5266 nihil
215 5210 295 5282 qaod
306 5210 423 5280 scetem
441 5214 493 5275 eat,
508 5211 629 5280 propter
642 5206 798 5265 haereticos
811 5225 901 5282 quos·
955 5205 1102 5265 sensibilis
1127 5205 1223 5264 factus
1252 5209 1305 5262 cst.
1326 5208 1426 5275 Neque
1455 5202 1536 5258 enim
1564 5199 1727 5256 dicendum
1741 5200 1786 5254 θεῖ

69 5299 155 5365 dam,
165 5296 218 5371 qui
224 5295 381 5353 occasione
388 5296 498 5352 horum
512 5294 675 5351 verborum
687 5294 828 5353 dicebant
839 5296 902 5369 Spi·
955 5296 1105 5372 quasdam
1112 5296 1242 5353 rationes
1251 5294 1283 5349 in
1292 5295 1392 5347 mente
1402 5290 1571 5346 divinacsse
1582 5287 1658 5343 infra
1669 5289 1785 5344 Creato-

70 5387 164 5442 ritum
180 5389 317 5441 sanctum
330 5384 441 5440 iactum
461 5400 536 5451 csse,
557 5399 593 5439 eo
612 5382 696 5454 quod
719 5385 902 5455 evangelista
956 5401 1030 5453 rcm,
1042 5388 1070 5441 ct
1084 5400 1176 5456 supra
1186 5384 1336 5437 creaturas
1351 5378 1554 5434 consistentes.
1571 5373 1646 5431 Nihil
1660 5375 1784 5433 enimin

70 5473 225 5532 mentione
235 5472 357 5531 lactade
368 5475 492 5540 Petraei
504 5470 573 5526 Filio
584 5471 683 5528 statim
696 5473 901 5543 subjunxerit:
958 5476 1018 5531 lieo
1032 5478 1085 5541 ast,
1101 5471 1184 5545 quod
1198 5472 1274 5524 Ueus
1297 5465 1419 5523 nonsit.
1445 5467 1544 5538 Neque
1568 5464 1695 5524 varietas
1717 5483 1785 5541 pro
