3832 6044
186 128 253 181 tneo
367 120 518 176 hunonis
540 119 583 173 llll
604 117 631 172 S.
653 116 894 171 vttl'iotttorr.
916 112 1043 168 PhllSl.
1064 114 1369 170 -ttxntiattcn-
1390 117 1421 169 ll.
1444 115 1712 169 insinuentur.
1825 119 1872 170 tta

181 247 331 303 voluntate
346 242 502 309 essentiali,
520 264 533 291 n
548 243 605 297 hoc
616 246 659 296 cst
676 239 796 296 arbitrio
816 239 908 294 libero
923 239 1044 293 natu-h
1063 237 1137 292 dum
1152 237 1273 293 virtutes
1287 238 1474 307 suggerendo
1490 238 1630 304 excibant,
1646 255 1711 293 non
1723 244 1874 294 coactasuc·
1898 272 1905 345 p

182 335 245 393 cali.
260 333 363 405 hugeli
377 333 456 389 cnim
468 333 618 388 humanas
629 335 743 386 mentes
753 330 792 386 ad
803 332 896 384 herini
907 342 1010 384 aman·
1064 325 1207 393 cessitate,
1224 326 1276 381 scd
1290 347 1303 374 a
1314 331 1470 399 sequcnles
1486 327 1651 383 voluntate.
1669 350 1683 374 n

842 630 986 687 'strutus
1011 629 1168 684 curritur
1189 630 1218 684 Χ.

672 774 841 845 Synapoptc
861 772 1007 842 appetiere
1026 769 1225 827 ordinationis
1246 776 1392 841 repetam.

512 945 667 998 titiant.
1063 941 1263 1010 ascendendo,
1280 940 1885 998 occultioretmanifestiordivinitatisilh-

213 1039 358 1093 Conncra
371 1040 411 1090 est
429 1034 529 1104 itaque
540 1032 583 1087 sic
597 1034 660 1102 ipsa
677 1033 794 1103 attidem
811 1031 1008 1086 ltcnrorahilis-
1063 1028 1224 1085 minatione
1238 1033 1393 1103 purgatur,
1408 1035 1437 1086 et
1460 1030 1656 1091 illuminatur.
1673 1033 1705 1085 et
1720 1029 1885 1101 porticam·

178 1127 254 1182 sima
269 1126 349 1181 circa
366 1124 458 1178 fleam
475 1124 644 1178 anirnornrn
666 1122 819 1190 ttisimsitio
843 1136 880 1176 er
892 1121 1008 1189 perfec-
1063 1120 1102 1174 llc
1118 1118 1215 1190 prima
1239 1118 1405 1175 hierarchia
1425 1118 1504 1186 dicit,
1527 1136 1594 1192 (luce
1607 1118 1640 1175 in
1669 1118 1775 1174 tribus
1792 1124 1887 1174 constit

179 1215 241 1270 tiva
264 1213 486 1268 illuminatione
512 1211 664 1271 ordinata,
693 1211 725 1264 in
750 1225 813 1265 carn
841 1209 1008 1264 iniriacch'ate
1062 1206 1227 1274 ordinibus,
1254 1208 1414 1280 seraphim,
1443 1207 1598 1264 cherubim
1627 1212 1659 1263 et
1679 1207 1816 1263 thronis.
1838 1209 1885 1262 llrr

178 1303 362 1360 ascendendo
377 1302 575 1357 occrtltior:et
589 1300 776 1370 irrattifestior
788 1299 957 1354 diuinitatis
972 1298 1008 1352 il·
1061 1295 1161 1368 itaque
1185 1296 1348 1368 dispositio,
1378 1297 1437 1354 sive
1456 1296 1604 1353 ordinatio
1629 1297 1826 1363 annnorum,
1845 1297 1885 1352 hot

179 1393 541 1461 luminationepmpatar,
553 1396 579 1446 ct
593 1389 796 1455 idenditatem,
805 1395 830 1444 ct
838 1389 1005 1457 perficitur.
1061 1391 1106 1442 est
1119 1386 1278 1458 spirituum
1297 1386 1559 1444 honorabilissima
1572 1386 1619 1444 vol
1646 1385 1887 1443 excellentissim

178 1481 462 1552 occattiorqaatem
479 1485 621 1551 tanqrtanr
652 1479 842 1537 intisihilior.
870 1477 1006 1546 etrnapis
1061 1474 1215 1530 omnium:
1242 1492 1377 1531 connexa
1400 1481 1445 1533 est
1470 1477 1548 1533 circa
1572 1479 1679 1543 licum,
1710 1477 1777 1533 hoc
1799 1480 1888 1537 estet

176 1572 369 1641 simplificata
385 1576 412 1626 et
427 1570 582 1638 unificata.
598 1568 790 1637 llatnifcstior
802 1582 870 1622 erro
885 1572 916 1621 at
938 1568 1041 1620 arctet}
1061 1563 1137 1620 inter
1151 1580 1181 1620 sc
1197 1564 1382 1621 concorditer
1393 1565 1508 1636 juncta,
1522 1569 1551 1620 ct
1565 1567 1626 1620 [leo
1652 1565 1837 1622 immediata
1856 1581 1888 1619 so

176 1659 259 1730 data,
288 1665 314 1716 et
339 1659 438 1729 primo
462 1658 551 1726 lrtcct,
579 1663 605 1712 et
630 1655 885 1724 affirmatione
908 1654 1003 1723 incipis
1058 1652 1152 1720 ciata;
1168 1653 1210 1710 sic
1225 1654 1362 1711 onlinata
1377 1671 1414 1711 ex
1429 1655 1587 1728 perfectiva
1610 1653 1888 1721 illuminatione,il

176 1749 483 1819 ineam,atoportet,
502 1746 725 1815 fornicantium.
749 1744 794 1799 itit
817 1744 881 1812 ipsa
904 1749 1003 1798 auten
1058 1746 1103 1798 cst
1126 1742 1238 1809 (lisina,
1274 1760 1342 1816 qnae
1373 1743 1436 1800 sola
1469 1743 1597 1816 perfecte
1626 1743 1720 1800 lucet
1746 1749 1779 1800 ct
1800 1740 1888 1799 hinni

175 1837 283 1894 iterum
294 1836 566 1906 proportionaliter
574 1834 715 1899 arcuada,
729 1839 755 1888 et
767 1848 785 1887 a
800 1830 930 1887 secunda
947 1835 1003 1884 ter·
1057 1835 1119 1887 nat.
1134 1832 1310 1904 titiicunquc
1320 1833 1445 1890 enimait
1455 1833 1521 1905 ipsa
1531 1832 1760 1900 illuminantur,
1775 1832 1888 1889 lucendo

176 1929 228 1995 tia,
243 1933 272 1984 ct
290 1942 328 1983 ca
342 1927 431 1983 tertia
446 1925 608 1981 secandam
627 1940 678 1978 rios
704 1921 886 1989 hierarchia,
901 1936 1003 1976 scrun-
1058 1921 1181 1994 quidcm
1194 1921 1221 1977 ci
1235 1922 1448 1990 assimilantur,
1462 1928 1492 1979 ct
1509 1922 1715 1979 illuminando
1731 1922 1815 1982 auos
1835 1938 1888 1978 can

174 2016 245 2070 dum
260 2016 355 2083 ipsam
381 2014 451 2069 hene
473 2014 609 2068 ornantis
633 2012 832 2068 animationis
858 2011 950 2079 tepent
972 2011 1003 2064 in
1057 2010 1220 2067 imitantur.
1236 2011 1294 2067 Sed
1316 2016 1416 2068 amen
1439 2028 1494 2067 nec
1509 2011 1539 2068 in
1559 2028 1596 2068 eo
1618 2013 1708 2084 quod
1734 2012 1850 2079 lucent,
1871 2011 1889 2064 ci

176 2103 334 2159 harmonia
348 2102 462 2171 divina,
479 2101 711 2171 etanalopioad
724 2100 919 2155 sinmlonmis
936 2098 1006 2153 itini
1059 2104 1263 2172 nominantur,
1278 2116 1333 2156 nec
1348 2101 1378 2156 in
1400 2117 1437 2156 eo
1453 2101 1537 2173 quod
1560 2099 1752 2168 illuminant,
1782 2115 1890 2172 compr·

174 2195 299 2248 ornatas
318 2205 408 2260 super
428 2190 599 2260 principale
609 2190 795 2259 principiam
818 2195 844 2245 et
870 2204 1004 2245 consum·
1058 2194 1170 2245 rantur.
1187 2193 1344 2262 Propterea
1358 2189 1524 2246 hierarchia
1535 2188 1600 2257 ista,
1611 2206 1684 2262 quat
1700 2189 1772 2245 sola
1786 2189 1890 2262 abipsa

174 2282 333 2338 irationem
363 2279 543 2338 hierarchice
567 2280 731 2336 reducitur.
761 2279 1003 2348 ilfaniscstatores
1058 2277 1243 2335 illuminatur
1265 2279 1447 2345 immediata,
1468 2278 1658 2349 singulariter
1672 2295 1712 2335 ex
1739 2278 1889 2352 perfectin

174 2374 273 2429 antem
283 2385 382 2428 omnes
397 2375 466 2426 strat
482 2376 508 2427 et
523 2370 626 2441 anpeli
644 2384 756 2440 coram,
770 2369 823 2439 (μα’
836 2373 906 2424 ante
926 2369 1003 2438 ipsos
1057 2367 1273 2423 illuminatione
1287 2368 1452 2424 ordinatur.
1463 2367 1517 2422 Alii
1531 2366 1656 2440 qnippe,
1672 2366 1729 2441 quii
1744 2367 1888 2427 inferiore·

173 2467 253 2517 sant.
279 2460 342 2532 Ipsi
364 2459 482 2532 quidem
505 2459 760 2516 honorabilissimi
776 2458 830 2514 Dei
848 2459 1002 2528 irrorentis,
1058 2456 1289 2513 illuminationes
1316 2457 1444 2514 mediate
1475 2454 1653 2529 suscipiunt,
1681 2456 1888 2512 convenienter

169 2548 441 2619 proportionaliter
463 2551 562 2602 antem
578 2548 680 2603 caeteri
702 2561 739 2602 ca
763 2546 822 2602 Deo
844 2551 1000 2601 raotoram.
1058 2545 1148 2602 eham
1157 2545 1280 2603 iuferius
1297 2544 1433 2618 dispositi
1445 2549 1474 2601 et
1487 2545 1615 2601 onlinati
1631 2550 1716 2603 surii.
1744 2549 1807 2602 ists
1828 2560 1886 2599 sen

175 2640 303 2693 Tantam
318 2638 395 2694 enim
421 2636 554 2691 omnium
571 2636 827 2705 superessentialis
845 2635 1002 2691 harmonia
1057 2634 1232 2703 hierarchia,
1247 2652 1317 2708 qma
1330 2651 1364 2690 cx
1376 2633 1546 2707 perfectiva,
1564 2634 1625 2691 sive
1648 2633 1884 2698 tehurehicant

173 2726 334 2797 unicuiqae
346 2726 554 2790 rationalium,
570 2731 596 2781 et
611 2726 948 2782 intellectualiamsacro
957 2740 1003 2779 or·
1057 2722 1160 2779 divina
1178 2723 1404 2791 illuminatione,
1430 2740 1499 2797 quae
1511 2723 1653 2796 princeps
1668 2729 1716 2783 esi
1728 2722 1881 2779 samana

173 2820 257 2883 nata,
279 2819 306 2869 et
319 2814 463 2869 ordinata
476 2814 616 2869 ductione
624 2815 775 2886 praevidit,
785 2819 930 2885 quantam
940 2815 1003 2884 ipsc
1058 2812 1153 2879 tionis,
1170 2811 1201 2867 id
1210 2813 1369 2885 estprima,
1382 2817 1412 2868 ct
1424 2812 1566 2881 maxima,
1579 2828 1616 2869 ac
1626 2810 1795 2884 singuhris
1804 2826 1882 2868 carm

173 2900 414 2958 hierarchiarum
429 2902 1033 2975 temrsqaispneordosacrc,etdecenter(3
1056 2900 1298 2958 sanchfieationis
1320 2901 1484 2970 onlinatsrr,
1506 2901 1563 2969 uel,
1590 2905 1624 2956 ut
1647 2903 1821 2976 expressim
1844 2900 1881 2956 di·

169 2991 285 3061 prosilias
299 2990 527 3047 cst.Etomncm
542 2989 743 3047 hierarchiam
757 2991 999 3061 aidanusinpri·
1053 2995 1145 3059 eatur,
1171 2991 1372 3064 pontificatur,
1401 2991 1458 3047 lioc
1483 2991 1582 3048 estin
1610 2991 1822 3065 pontificalem
1842 3007 1881 3046 or

172 3093 246 3150 mas,
261 3083 288 3135 et
301 3077 423 3149 medias,
439 3083 467 3134 et
481 3078 604 3134 ultimas
615 3079 739 3135 virtutes
752 3078 888 3135 dinisam.
904 3080 1000 3137 Sedet
1053 3081 1164 3150 dinem,
1189 3081 1251 3137 sive
1275 3081 1452 3152 ‹tignianm
1476 3080 1657 3139 sublimatur
1677 3101 1685 3137 :
1713 3081 1880 3140 convenien-

172 3168 278 3248 ipsam,
291 3182 349 3237 per
363 3166 499 3238 sinpnlas
518 3168 689 3237 specialiter
709 3168 875 3240 dicendam,
903 3169 999 3239 dispo·
1055 3175 1096 3226 ter
1120 3171 1244 3238 cunctis,
1271 3171 1414 3242 dignitate
1445 3170 1669 3243 superinnitnr,
1697 3171 1729 3228 in
1755 3188 1825 3230 mm
1850 3169 1880 3224 si-

170 3258 305 3313 sitionmn
320 3257 392 3326 ipsis
405 3255 514 3313 diuinis
530 3255 695 3312 harmoniis
707 3257 856 3314 discrerit.
870 3259 1000 3328 Propter
1053 3259 1158 3315 delicet
1196 3259 1443 3318 illuminationem
1475 3258 1646 3316 immediate
1685 3260 1879 3325 uccndcndo,

171 3346 251 3418 qnod
264 3352 292 3403 et
304 3347 382 3416 ipsos
393 3345 590 3403 diuininirnos
606 3345 758 3415 seraphim
774 3347 904 3418 theolopi
913 3350 999 3405 aiant
1053 3349 1195 3405 occidtior
1218 3350 1357 3418 existens,
1380 3353 1410 3406 et
1422 3348 1606 3406 manifestior
1626 3365 1664 3406 ex
1687 3350 1802 3407 mem
1821 3348 1880 3407 divi·

171 3436 301 3492 alteram
324 3436 365 3492 ad
392 3436 521 3492 aiteram
550 3435 682 3491 clamare
710 3435 790 3507 (lsai.
822 3440 871 3504 vv),
897 3445 1000 3507 aperte
1053 3438 1152 3495 nitatis
1176 3438 1392 3496 illuminatione
1417 3443 1573 3512 purgatur,
1593 3443 1624 3494 et
1640 3437 1881 3503 illuminatnr,ct

171 3523 237 3592 hoc,
261 3529 293 3578 at
318 3524 463 3594 existimo,
489 3524 687 3592 declarantes,
716 3525 796 3595 qaod
819 3525 999 3598 theolopicas
1054 3527 1213 3599 perficitur.
1235 3527 1393 3594 Qiiontodo
1412 3531 1512 3583 autem
1535 3526 1635 3600 prima
1655 3527 1881 3596 hierarchiam

170 3613 331 3670 sententias
344 3613 402 3682 ipsi
418 3612 514 3681 primi
529 3613 665 3668 accurretis
679 3613 999 3672 tradant.Atididerim
1054 3618 1184 3689 eoquod
1198 3617 1333 3674 (lisinam
1357 3616 1605 3674 illuminationem
1627 3615 1806 3678 immediate
1827 3635 1882 3674 sas·

170 3707 270 3760 antem
282 3702 433 3773 fortassis,
449 3707 475 3758 et
492 3701 546 3757 hoc
559 3716 619 3757 non
634 3704 806 3774 inconprue,
823 3705 903 3774 qaod
915 3710 943 3760 et
958 3721 1000 3762 se·
1054 3706 1133 3779 cipit,
1150 3711 1177 3763 et
1191 3708 1383 3775 occidisset
1396 3705 1581 3763 manifestior
1598 3706 1646 3775 sit,
1661 3707 1765 3764 verbis
1786 3707 1881 3764 arbec

171 3792 302 3849 curidum
311 3793 439 3862 seipsam
455 3792 656 3860 artusqaisqnc
669 3795 696 3846 et
711 3792 845 3860 caelestis,
857 3797 885 3848 et
897 3792 1000 3851 harna-
1053 3797 1214 3869 quentibus
1238 3796 1369 3869 exponit,
1397 3796 1500 3853 dicens
1516 3814 1523 3852 τ
1552 3819 1566 3845 «
1580 3795 1736 3853 Oecvdtior
1759 3797 1878 3871 quidem

169 3896 226 3936 nas
240 3880 359 3936 antinus
374 3879 515 3946 speciales
536 3876 621 3933 trahet
644 3881 670 3932 et
681 3879 808 3952 primas,
827 3886 854 3936 et
875 3882 997 3954 medias,
1054 3892 1199 3960 tanquam
1231 3885 1416 3955 invisibilior,
1449 3889 1479 3943 et
1510 3885 1607 3954 magis
1635 3884 1830 3958 simplificata
1852 3891 1877 3941 et
1915 3903 1916 3908 ¹

170 3975 197 4025 et
208 3968 330 4023 trituras
345 3966 559 4033 ordinationes,
575 3970 604 4022 et
618 3967 751 4036 virtutes,
772 3969 813 4025 ati
819 3971 887 4040 jorn
904 3972 999 4028 dictas
1053 3977 1211 4034 vivificata.
1228 3974 1405 4035 Manifestior
1418 3991 1488 4031 vem
1502 3979 1536 4030 nt
1547 3989 1617 4047 quae
1631 3977 1703 4031 ante
1716 3974 1874 4035 cautam.

165 4072 224 4127 per
251 4069 490 4128 unamquemque
518 4054 776 4114 hierarchicarunn
805 4060 999 4118 illuminatio·
1054 4072 1082 4124 ei
1100 4067 1198 4140 primo
1216 4065 1303 4133 lueet,
1319 4068 1348 4121 et
1375 4062 1570 4120 universalior
1585 4067 1650 4132 est,
1676 4068 1710 4120 et
1733 4064 1873 4136 magicis

169 4160 241 4200 narn
252 4145 395 4215 proprias
411 4156 564 4215 anapopas
574 4146 845 4214 proportionaliter
860 4149 999 4219 ruanifes·
1053 4175 1121 4216 eam
1147 4159 1181 4212 ut
1205 4158 1329 4228 oportet,
1359 4154 1457 4210 torma
1488 4151 1592 4209 effusa.
1611 4174 1627 4202 n
1653 4153 1816 4219 occidam,
1840 4153 1874 4208 in.

97 4306 102 4314 ἡ
170 4241 269 4292 tatas:
294 4251 349 4305 per
369 4248 443 4306 arcas
467 4234 697 4305 ctrrttchraciqne
711 4236 742 4290 in
762 4238 1033 4329 participatione„
1047 4249 1126 4324 quit,
1151 4250 1194 4302 est
1220 4245 1252 4300 in
1275 4260 1310 4300 co
1338 4243 1421 4316 quod
1449 4240 1624 4298 invisibilior
1648 4247 1705 4311 est,
1733 4248 1763 4300 et
1789 4242 1873 4312 magis

167 4327 212 4394 iit,
228 4325 304 4382 sicat
318 4323 446 4394 idipsam
460 4329 486 4379 et
496 4322 546 4393 sas
561 4328 614 4393 est,
628 4327 656 4379 ct
666 4323 817 4396 possibile,
826 4328 997 4395 superinco
1052 4336 1249 4412 simplificata,
1262 4336 1291 4389 et
1303 4331 1454 4389 unificata.
1471 4335 1503 4387 tn
1518 4346 1554 4387 eo
1575 4330 1723 4388 occmhor
1736 4337 1783 4390 est
1800 4330 1873 4406 quod

168 4414 341 4484 prritissima
359 4413 552 4484 palpationis
568 4412 738 4480 plenissimi
762 4413 891 4483 laminas,
914 4421 996 4473 ante·
1050 4427 1146 4499 magis
1160 4421 1314 4481 invisibilis
1327 4425 1380 4489 est,
1395 4425 1423 4477 et
1437 4417 1634 4494 propinquior
1647 4419 1831 4495 simplicitati
1850 4423 1874 4477 st

164 4502 310 4574 perlectae
318 4491 522 4572 perfectionis.
543 4500 660 4558 Etenim
676 4500 756 4559 nihil
764 4517 822 4573 per
839 4519 869 4562 se
878 4506 996 4576 perfec·
1049 4516 1153 4577 unitati
1192 4513 1320 4571 peitatis.
1354 4509 1532 4570 Manifestior
1563 4513 1664 4566 numm
1702 4515 1759 4582 ast,
1783 4514 1874 4586 utpote

169 4598 231 4649 tam
258 4591 395 4664 indipcns
422 4592 598 4648 anioasalis
614 4592 819 4666 perfectionis,
844 4595 904 4652 nbi
928 4611 996 4655 vere
1049 4623 1117 4683 quae
1138 4604 1241 4661 lucens
1261 4618 1298 4660 ex
1319 4601 1384 4657 luce
1407 4598 1479 4656 data
1493 4597 1549 4655 sibi
1562 4602 1642 4666 autc,
1664 4597 1697 4655 id
1721 4604 1769 4658 esi
1790 4599 1875 4674 inhio

164 4681 415 4751 perfectissimam
430 4687 458 4738 ef
472 4687 541 4737 ante
554 4680 731 4750 perfectam.
1048 4713 1142 4772 quam
1156 4693 1239 4752 aliis:
1263 4690 1332 4748 ideo
1345 4689 1444 4763 primo
1456 4687 1544 4758 limet,
1564 4690 1595 4745 οι
1606 4686 1814 4747 ρχωῃθῃῇω,
1829 4691 1875 4746 12.

487 4771 676 4828 EXPOSlTlO·
809 4818 814 4827 ·
1049 4786 1181 4845 nifcstior
1194 4780 1426 4854 estetiam,quia
1437 4776 1631 4835 universalior
1641 4776 1875 4853 caldariarum
1910 4768 1915 4839 i

201 4857 316 4916 Decimi
329 4859 432 4932 capitis
453 4860 553 4915 titulus
568 4867 610 4917 est
625 4881 631 4916 z
659 4864 827 4937 synagogae
853 4865 994 4939 angelica
1049 4875 1210 4934 similitudo
1224 4873 1255 4930 in
1269 4870 1405 4947 pluribus
1420 4873 1544 4938 mnstat,
1566 4866 1639 4942 qiria
1662 4869 1767 4941 magis
1779 4873 1875 4930 notun

167 4947 361 5006 ordinationis
375 4948 517 5022 repetitio.
533 4949 584 5005 llic
598 4951 678 5008 enim
700 4952 830 5011 breviter
842 4955 992 5030 repetitur,
1048 4971 1093 5024 esi
1106 4964 1190 5040 quod
1202 4962 1300 5036 magis
1321 4976 1482 5019 commune
1496 4962 1549 5028 est,
1566 4956 1709 5031 pluribus
1734 4958 1876 5018 ommia

166 5039 355 5115 quodsupra
378 5038 566 5106 dictumest,
592 5041 711 5110 scilicet,
736 5044 873 5103 ordinata
901 5048 994 5119 Syna·
1050 5056 1132 5113 [inde
1145 5058 1247 5112 autom
1271 5049 1468 5108 universalior
1488 5045 1680 5118 sitetmagis
1703 5048 1876 5110 condmdh,
1915 5036 1916 5071 l

166 5146 254 5204 gogo,
269 5129 301 5187 id
315 5135 358 5188 est
372 5130 572 5202 congregatio,
587 5133 632 5188 vel
645 5132 803 5191 multimdo
817 5135 993 5205 angelicam
1048 5144 1216 5202 adinvicem
1231 5143 1447 5213 consequenter
1461 5135 1597 5204 mandit,
1612 5134 1688 5208 quia
1701 5136 1877 5196 sanutus

165 5219 306 5277 omnibus
328 5221 389 5276 suis
404 5219 518 5293 primis,
533 5225 562 5277 ct
575 5221 724 5289 secandis,
740 5227 768 5279 et
780 5224 881 5282 tertiis.
899 5229 994 5300 Caput
1047 5230 1326 5300 marcionitana
1346 5226 1533 5295 illummatio,
1548 5223 1832 5297 eanaiormatur
1850 5227 1878 5282 vt
1915 5258 1916 5279 i

164 5314 265 5367 atatem
278 5311 320 5367 sic
335 5310 456 5383 incipit:
1046 5320 1152 5388 ltreeat,
1168 5318 1275 5388 magis
1291 5316 1379 5372 idest
1402 5314 1579 5389 expressius.
1603 5312 1652 5368 vel
1670 5312 1876 5373 abundantius

201 5419 213 5442 «
230 5400 370 5455 Cannena
384 5403 427 5454 cst
440 5399 539 5472 itaque
555 5400 596 5454 sic
612 5399 675 5472 ipsa
695 5400 817 5472 quidem
831 5403 991 5459 honorabi-
1046 5410 1140 5466 offusa
1151 5413 1195 5465 cst
1208 5408 1239 5463 in
1253 5423 1331 5477 cam,
1347 5423 1439 5479 quain
1450 5406 1479 5460 in
1494 5403 1875 5463 aliashierarehiassuhd'r

163 5481 276 5543 lissima
290 5488 368 5545 circa
381 5492 476 5546 licum
489 5491 659 5547 animorum
684 5490 849 5565 dispositio,
876 5509 912 5548 ex
925 5510 991 5567 per·
1046 5505 1100 5558 tas.
1116 5502 1227 5558 Sensus
1242 5495 1400 5554 autcmhic
1414 5498 1474 5551 est:
1490 5491 1874 5559 Qmasoilioetdivinailla

164 5569 269 5630 factiva
280 5574 498 5636 illuminatione
512 5579 659 5648 ordinata,
678 5578 710 5637 iu
732 5597 800 5640 eam
818 5581 991 5642 immediate
1046 5586 1169 5648 minatio
1183 5586 1214 5646 in
1228 5586 1316 5645 istam
1330 5581 1529 5642 hierarchiam
1541 5580 1640 5656 primo
1652 5581 1874 5654 samnitum
