3832 6044
65 129 134 184 1029

413 122 590 183 arrestata
613 127 645 181 ΙΝ
665 125 850 181 liiElihliCli.
872 124 1029 182 cOEtnST.
1047 124 1426 190 S.1)10Nl'Sll.-LlB..V.

1705 147 1775 201 1030

60 266 167 305 eorum
182 249 387 323 perfectiones.
414 254 544 326 »Neque
569 253 650 309 enim
671 251 758 308 valde
779 251 890 307 111111111-
909 251 1130 323 herisiensem,
1146 257 1298 329 nequead
1313 259 1458 315 exteriora
1481 260 1645 333 aliquando
1664 279 1774 322 exeun·

59 339 134 394 dum
150 342 203 407 cst,
220 339 243 394 si
259 356 314 395 nos
328 340 365 397 de
384 340 457 414 ipsis
471 342 528 399 hoe
544 358 604 399 non
626 357 789 414 possumus
804 340 888 409 scire,

58 429 143 501 quod
159 429 216 502 ipsi
231 431 321 486 etiam
337 430 373 486 de
389 448 420 487 se
441 447 502 487 non
518 431 615 488 valent
637 429 890 503 comprehendere

58 519 112 591 qui
127 519 260 592 idipsum
283 521 373 577 ctiam
397 522 479 593 quod
504 521 540 577 de
556 520 612 576 iilis
634 520 755 589 seimus,
771 519 891 577 nonnisi

59 622 114 678 per
127 607 194 663 illos
209 624 227 662 a
239 608 428 676 theodatum,
444 612 472 664 et
485 609 685 666 ministratum
700 609 773 664 scire
786 624 892 681 possu-

59 713 141 753 mus.
158 700 317 769 Propterea
339 697 524 770 impossihile
545 702 589 754 cst
598 714 653 754 nos
669 699 743 755 seire
767 698 890 771 deipsis

60 785 184 858 aliquid,
205 786 261 841 nisi
275 786 360 859 quod
381 786 518 844 diuinitas
531 804 585 861 per
598 787 679 861 ipsos
704 804 765 845 non
778 787 888 844 docuit.

61 894 78 927 ‹
93 874 161 941 hisi,
178 874 284 946 inquit,
296 874 337 930 ibi
350 874 456 932 dixerit
469 876 548 949 quis,
568 891 757 949 quacunque
771 893 824 950 per
839 892 890 933 eos

60 968 207 1036 tanquam
221 964 343 1036 propria
369 963 446 1019 bene
470 964 595 1020 scientes
619 964 756 1021 divinitas
782 968 890 1037 myste-

58 1052 104 1109 ria
131 1053 274 1110 docuit.»
301 1053 486 1126 impossibile
501 1060 545 1111 est
559 1071 615 1111 nos
635 1055 718 1122 seire,
744 1054 802 1111 nisi
822 1054 890 1128 quis

58 1141 166 1198 dixerit
189 1141 240 1210 ibi,
265 1158 321 1198 nos
347 1144 556 1200 tantummodo
587 1144 661 1200 scire
687 1143 738 1199 ubi
761 1159 814 1216 per
838 1159 889 1200 eos

59 1232 158 1288 edocti
173 1248 277 1288 sumus
292 1247 481 1305 quaecunque
494 1233 646 1306 mysteria,
662 1233 693 1289 id
708 1236 752 1290 est
766 1238 888 1300 secreta,

58 1320 201 1379 divinitas
234 1337 289 1378 nos
322 1320 424 1378 docuit
455 1337 508 1395 per
544 1338 604 1388 eos,
635 1327 780 1394 tauquam
812 1323 889 1379 bene

59 1409 187 1466 seientes
225 1410 347 1483 propria
379 1409 552 1467 ministeria.
585 1414 658 1467 liene
687 1426 758 1483 crgo
793 1411 890 1467 schmt

58 1499 183 1573 propria
216 1498 388 1567 ministeria,
423 1503 572 1572 quantum
601 1499 709 1556 suflicit
744 1499 784 1556 ad
820 1516 889 1556 nos-

947 344 1005 396 tem
1022 361 1028 410 ;
1049 348 1077 399 et
1092 344 1287 415 traditamid
1303 351 1346 404 est
1360 349 1539 419 ordinatam,
1555 354 1584 407 et
1597 350 1771 425 dispositam

946 430 1022 485 uniri
1048 431 1105 504 ipsi
1134 433 1243 491 seilicet
1271 439 1341 505 lieo,
1371 437 1402 493 id
1429 443 1482 508 est,
1507 443 1540 496 ut
1565 439 1622 513 ipsi
1653 440 1775 498 uniatur

945 522 1065 588 attente,
1082 538 1200 595 semper
1215 523 1323 583 seilicet
1339 526 1370 581 in
1384 527 1484 600 ipsum
1503 529 1680 599 intendens,
1700 535 1728 588 et
1741 534 1775 589 ut

945 605 1001 680 ipsi
1018 609 1138 666 uniatur
1152 615 1220 669 ante
1235 613 1308 671 alias
1324 615 1457 673 coelestes
1475 616 1607 687 virtutes,
1623 634 1692 693 quaa
1705 623 1775 678 sunt

946 701 1014 769 post
1029 698 1136 772 ipsam,
1163 706 1192 758 et
1211 702 1383 761 immediate
1406 706 1534 775 uniatur,
1552 713 1583 766 ut
1604 709 1694 767 nullae
1716 711 1774 769 sint

946 792 1013 843 ante
1026 788 1134 860 ipsam.
1161 793 1497 852 «sanctissimos-enim
1520 798 1639 855 thrones
1655 804 1682 857 et
1704 817 1773 857 ocu·

944 874 1024 930 iosos
1046 880 1075 932 et
1095 892 1246 949 pennosos
1261 881 1381 937 ordines
1403 883 1557 941 cherubim
1581 887 1773 946 Hebraeorum

944 978 1027 1032 voce,
1046 968 1074 1020 et
1088 967 1240 1038 seraphim
1255 969 1436 1039 nominatos,
1451 973 1618 1030 secundum
1632 976 1773 1034 omnibus

945 1053 1163 1126 superpositam
1176 1056 1430 1130 propinquitatem
1446 1058 1524 1116 circa
1550 1064 1644 1118 ileum
1668 1063 1773 1121 imme·

945 1140 1022 1197 diate
1038 1140 1186 1212 collocari,
1203 1145 1252 1213 ait,
1271 1146 1385 1203 tradere
1401 1147 1570 1206 divinorum
1585 1149 1773 1224 eloquiorum

944 1230 1226 1291 manifestationem.
1243 1253 1258 1288 ›
1282 1234 1329 1293 hit
1342 1250 1413 1307 ergo
1428 1237 1490 1312 ipse
1511 1239 1656 1311 perfector
1678 1246 1707 1299 et
1720 1242 1773 1299 do·

945 1323 1007 1375 etor
1033 1326 1134 1378 noster
1158 1322 1328 1380 divinorum
1352 1325 1539 1400 eloquiorum
1562 1328 1773 1387 manifestatio-

945 1425 1014 1465 nem
1048 1410 1109 1467 sive
1140 1413 1346 1471 auctoritatem
1377 1415 1502 1485 tradere,
1532 1422 1584 1475 aut
1615 1418 1772 1491 perhibere

944 1499 1146 1557 sanctissimos
1166 1501 1303 1571 thronos,
1335 1508 1364 1561 et
1382 1505 1535 1574 oculosos,
1561 1510 1589 1563 et
1620 1523 1772 1581 pennosos

59 1591 136 1644 tram
166 1586 386 1644 eruditionem:
415 1593 444 1644 et
466 1588 543 1645 bene
572 1588 717 1657 nesciunt,
741 1592 889 1663 quantum
909 1587 1064 1662 pordines
1079 1590 1271 1649 Hebraeorum
1286 1609 1359 1650 voce
1374 1594 1546 1652 nominatos
1566 1595 1721 1656 cherubim
1744 1601 1774 1656 et

60 1677 170 1735 suffieit
194 1678 233 1734 ad
260 1677 391 1751 plenam,
409 1681 437 1734 et
460 1678 622 1750 perfectam
651 1678 889 1753 comprehensio·
945 1677 1119 1752 seraphim;
1154 1681 1293 1739 oculosos
1325 1682 1434 1741 scilicet
1467 1682 1622 1742 cherubim
1650 1689 1773 1761 propter

58 1784 140 1825 nem.
944 1768 1237 1842 contemplationem,
1253 1787 1405 1844 pennosos
1420 1773 1528 1834 scilicet
1537 1775 1689 1850 seraphim
1706 1792 1773 1851 pro

97 1858 258 1932 Sequitur:
288 1861 388 1915 «lion
410 1874 481 1930 ergo
504 1875 560 1916 nos
576 1859 699 1934 quidem
720 1858 888 1933 quidquam
943 1859 1009 1926 pter
1036 1855 1235 1914 dilectionem.
1266 1862 1334 1928 llos,
1360 1860 1496 1935 inquam,
1518 1862 1647 1934 ordines,
1673 1863 1705 1921 id
1729 1868 1773 1922 est

59 1949 182 2023 pl'opt'lo
196 1953 280 2006 motu
293 1949 435 2006 dicimus:
452 1966 652 2024 quincumque
665 1953 765 2006 aulem
780 1949 890 2020 angeli·
943 1943 1077 2016 thronos,
1102 1945 1258 2003 cherubim
1274 1951 1302 2004 el
1316 1949 1477 2022 seraphim,
1495 1951 1535 2009 alt
1554 1952 1618 2025 ipse
1633 1953 1772 2012 collocari

59 2055 165 2095 corum
180 2037 419 2111 speculationum
439 2055 457 2095 a
476 2039 584 2096 sanctis
601 2038 744 2111 theologis
759 2043 889 2096 contem·
943 2032 1021 2091 eirca
1049 2036 1143 2091 Deum
1171 2035 1343 2094 immediate
1371 2037 1539 2095 seeundum
1567 2039 1772 2115 propinquita-

59 2128 142 2201 plata
167 2133 236 2185 sunt
258 2129 323 2184 haec
347 2129 488 2186 docentes
512 2146 567 2186 nos
591 2133 739 2202 quantum
754 2131 889 2202 potentes
944 2127 1013 2191 tem,
1042 2141 1136 2198 quam
1164 2125 1276 2182 habent
1303 2126 1342 2183 ad
1370 2130 1464 2185 Deum
1487 2129 1716 2203 superpositam,
1744 2133 1774 2189 ct

60 2235 175 2287 sumus,
190 2207 386 2291 exponemus.
404 2237 418 2270 s
436 2217 696 2291 Quandoquidem,
712 2217 816 2292 inquit,
833 2234 889 2274 nos
942 2212 1184 2270 excellentiorum
1204 2215 1345 2272 omnibus
1361 2215 1425 2273 aliis
1438 2217 1604 2276 ordinibus.
1623 2219 1772 2278 ‹Trinum

59 2324 113 2381 per
131 2324 186 2362 nos
201 2308 238 2363 de
261 2306 343 2381 ipsis,
365 2307 437 2363 nihii
461 2307 534 2363 scire
556 2323 728 2380 possumus,
751 2306 834 2380 quod
849 2307 888 2363 ad
942 2317 1013 2372 ergo
1033 2301 1114 2359 hunc
1135 2309 1283 2373 ornatum,
1306 2305 1394 2378 quasi
1416 2323 1519 2376 unam,
1536 2311 1563 2364 et
1587 2325 1672 2382 aeque
1695 2308 1773 2366 ordi·

57 2393 131 2466 ipsis
145 2409 206 2449 non
222 2391 434 2449 didicerimus:
460 2407 531 2462 ergo
553 2391 584 2447 in
608 2391 652 2461 iis,
677 2408 746 2465 quae
764 2391 888 2465 deipsis
942 2393 1055 2459 natam,
1085 2397 1113 2449 et
1136 2409 1204 2449 vere
1229 2392 1360 2467 primam
1380 2395 1578 2453 hierarchiam
1603 2396 1772 2457 communis

58 2482 156 2539 dicere
174 2482 323 2550 volumus,
351 2496 412 2537 non
436 2480 564 2537 dicimus
587 2496 652 2549 nos,
669 2480 700 2537 id
715 2486 759 2538 est
773 2497 809 2537 ex
821 2496 905 2554 pro.
943 2483 1043 2535 noster
1067 2478 1209 2552 magister
1231 2480 1280 2538 ait.
1299 2501 1314 2535 ›
1336 2483 1394 2538 Hos
1414 2498 1485 2553 crgo
1506 2486 1563 2541 tres
1587 2485 1706 2542 ordines
1732 2483 1773 2543 ait
1827 2523 1831 2532 -

57 2571 124 2644 prio
139 2570 282 2640 motu,vel
297 2570 460 2639 sensumve
474 2569 652 2640 cogitatione
665 2569 738 2625 nihil
748 2569 886 2627 dicimus.
944 2583 1037 2624 unam
1059 2569 1235 2626 constituere
1259 2568 1457 2628 hierarchiam
1478 2572 1607 2644 primam
1632 2571 1770 2642 adelisa,

59 2659 118 2716 Sed
131 2674 320 2734 quaecunque
334 2658 428 2715 sancti
445 2657 576 2730 theologi
596 2674 649 2732 per
664 2659 888 2733 contemplatio
944 2673 1029 2729 aque
1055 2657 1225 2715 ordinatam
1253 2658 1284 2715 111
1316 2676 1356 2716 se.
1381 2663 1413 2716 ln
1441 2676 1511 2734 qua,
1539 2660 1772 2720 scilicethierar-

58 2765 131 2805 nem
155 2749 191 2805 de
214 2749 286 2823 ipsis
301 2747 415 2820 angelis
435 2747 579 2821 speculati
601 2752 679 2816 sunt,
706 2765 888 2806 noseorum
944 2745 1011 2801 chia
1029 2743 1097 2802 licet
1116 2745 1181 2802 aliis
1208 2745 1384 2803 excelsiores
1406 2747 1464 2804 sint
1491 2747 1522 2805 in
1548 2748 1692 2822 singulari
1706 2761 1772 2822 gra·-

58 2837 264 2894 auctoritatem
285 2841 433 2911 quantum
456 2852 619 2910 possumus
641 2837 805 2910 sequendo,
830 2838 888 2895 hoc
944 2831 992 2901 tia,
1022 2849 1110 2906 pares
1134 2839 1236 2891 tamen
1257 2835 1485 2909 quodammodo
1513 2851 1618 2895 omnes
1645 2841 1715 2897 sunt
1741 2837 1772 2895 in

58 2928 214 2984 docemus.
244 2928 385 2984 «Omnes
411 2924 561 2997 theologra
588 2925 721 2982 coelestes
745 2927 888 2984 essentias
908 2920 1137 3019 Cdispositione
1161 2939 1245 2982 una:
1282 2927 1311 2981 et
1337 2941 1373 2980 ex
1400 2941 1436 2983 eo
1465 2926 1631 2984 secundum
1659 2927 1773 3002 aliquid

57 3033 170 3073 norem
182 3015 297 3072 vocarit
310 3013 533 3073 manifestativis
547 3015 889 3085 cognominationibus.»
944 3011 1074 3084 aequales
1087 3011 1225 3081 existunt,
1255 3014 1339 3086 quod
1362 3029 1466 3071 omnes
1491 3015 1663 3074 immediate
1677 3020 1772 3074 Deum

61 3109 183 3174 Omnes,
197 3104 303 3178 inquit,
331 3105 462 3163 coelestes
477 3105 629 3172 essentias,
655 3104 685 3161 id
700 3105 887 3180 estspiritus,
943 3100 1126 3174 respiciunt:
1152 3100 1241 3175 primi
1265 3101 1295 3157 in
1320 3101 1487 3172 dilectione,
1518 3103 1642 3160 secundi
1666 3103 1698 3161 in
1725 3120 1773 3161 co

59 3194 177 3251 vocarit
198 3192 347 3265 theologia
368 3211 479 3252 novem
497 3193 721 3251 manifestativis
736 3195 889 3265 cognomi·
944 3187 1086 3261 gnitione,
1112 3189 1187 3247 tertii
1214 3190 1245 3247 111
1279 3190 1466 3249 discretione.
1497 3193 1635 3256 ‹Qua›
1664 3192 1774 3252 scillcet

58 3282 243 3351 nationibus,
258 3282 288 3339 id
303 3286 356 3353 est,
368 3282 507 3340 discrevit
517 3299 571 3356 per
584 3298 693 3339 novem
704 3272 887 3353 manifestas,
943 3279 1109 3336 hierarchia
1125 3298 1132 3335 ι
1159 3295 1250 3336 enon
1275 3284 1318 3336 est
1341 3278 1400 3336 alia
1424 3279 1526 3353 aliqua
1539 3280 1721 3352 deiformior,
1744 3287 1774 3342 et

58 3378 88 3429 et
115 3373 265 3430 evidentes
297 3364 585 3443 cognominationes,
616 3370 725 3428 scilieet
753 3373 886 3443 angelos,
944 3384 997 3441 per
1012 3383 1043 3425 se
1054 3367 1311 3442 praeoperantibus
1333 3367 1493 3426 divinitatis
1506 3367 1773 3428 illuminationibus

60 3463 267 3535 archangelos,
289 3461 484 3536 principatus,
504 3464 673 3536 potestates
690 3460 821 3530 virtutes,
837 3460 890 3519 do·
943 3455 1114 3513 immediate
1140 3455 1289 3513 intentior.
1314 3475 1329 3511 s
1363 3455 1458 3524 Nulla,
1488 3456 1594 3532 inquit,
1631 3458 1690 3517 alia
1712 3458 1773 3517 hie-

61 3552 250 3621 minationcs,
276 3551 409 3620 thronos,
432 3549 587 3607 cherubim
607 3555 635 3606 ct
656 3549 806 3623 seraphim
821 3565 889 3624 pro·
944 3545 1062 3603 rarchia
1074 3545 1247 3603 deiformior
1267 3550 1311 3603 est
1333 3561 1427 3620 quam
1448 3545 1513 3617 ista,
1528 3562 1626 3622 neque
1639 3548 1773 3608 similitu-

58 3642 130 3715 priis
144 3641 298 3700 vocabulis
312 3640 508 3711 distinguens.
525 3659 540 3694 a
557 3642 625 3708 lias,
642 3639 747 3713 inquit,
768 3638 888 3696 divinus
943 3635 1006 3692 dini
1038 3635 1090 3691 Dei
1122 3634 1218 3706 magis
1246 3634 1504 3710 appropinquans,
1542 3652 1641 3711 neque
1675 3638 1773 3711 magis

58 3736 159 3789 noster
187 3735 308 3789 sanctus
331 3728 477 3805 perfector
497 3728 529 3785 in
550 3731 609 3785 tres
633 3731 769 3800 segregat
790 3732 889 3785 ternas
943 3724 1100 3782 intendens
1115 3723 1384 3783 illuminationibus
1398 3725 1559 3785 divinitatis
1581 3725 1613 3784 iri
1627 3726 1694 3801 ipsa
1708 3726 1773 3786 sola
1808 3728 1812 3737 '

58 3822 278 3896 dispositiones.
304 3841 319 3876 ›
349 3820 497 3890 bivinum,
523 3823 720 3894 sanctumque
748 3819 890 3893 perfeeto·
943 3814 1211 3889 praeoperantibus,
1231 3814 1303 3890 quia
1318 3819 1385 3873 ante
1401 3814 1497 3885 aiias3
1523 3819 1552 3873 et
1572 3831 1627 3889 per
1650 3831 1681 3875 se
1703 3832 1773 3891 ope·

58 3928 134 3979 rem,
157 3912 219 3968 sive
242 3911 397 3970 doctorem
421 3926 510 3967 suum
534 3908 686 3965 neminem
709 3908 757 3966 hic
783 3908 890 3966 melius
943 3903 1089 3974 rantibus,
1105 3902 1254 3978 quianon
1271 3903 1423 3979 peralias.
1440 3903 1550 3963 Divina
1572 3903 1653 3962 enim
1666 3904 1774 3963 illumi·

59 4000 244 4072 significasse
260 4000 398 4070 creditur,
414 4015 508 4074 quam
523 3997 696 4072 apostolum
710 3998 845 4067 Paulum,
872 4014 891 4056 a
943 3992 1079 4051 nationes
1104 3994 1135 4050 in
1158 3994 1215 4050 ista
1236 3994 1300 4054 sela
1321 3993 1489 4053 hierarchia
1511 3998 1579 4054 ante
1605 3994 1679 4053 alias
1702 4011 1773 4070 ope·

58 4107 121 4164 quo
134 4090 346 4164 baptizatus,et
360 4090 463 4147 infide
476 4086 763 4147 catholicaeruditus
778 4086 888 4156 fuerat3
943 4087 1057 4151 rantur,
1086 4081 1158 4155 quia
1181 4098 1286 4138 omncs
1314 4082 1482 4156 posthanc
1508 4083 1708 4144 hierarchiam
1733 4085 1773 4143 ab

58 4180 229 4254 quiesque
252 4180 292 4237 ad
314 4179 432 4238 tertium
454 4176 564 4234 coelum
586 4177 616 4234 in
639 4175 815 4251 paradisum
839 4174 890 4232 liei
943 4170 1016 4245 ipsis
1030 4169 1136 4227 divinis
1151 4168 1419 4227 illuminationibus
1432 4170 1639 4229 illuminantur
1654 4189 1661 4240 3
1678 4175 1706 4228 et
1719 4186 1774 4245 per

58 4274 173 4344 raptus,
186 4268 289 4344 ibique
304 4272 504 4343 secretaque
518 4266 658 4324 nonlicet
670 4264 889 4341 hominilequi,
945 4275 975 4317 se
990 4260 1022 4316 in
1043 4260 1098 4317 ista
1124 4259 1188 4316 sola
1209 4258 1318 4316 divina
1342 4259 1574 4316 illuminationes
1599 4263 1771 4332 operantur,

58 4358 185 4416 audiens
202 4376 209 4428 3
231 4362 380 4431 quantum
401 4357 439 4414 de
461 4355 508 4413 his
527 4354 597 4411 hanc
622 4355 689 4412 vitre
710 4355 828 4413 mortali
843 4321 926 4413 con
944 4347 1016 4424 quia
1030 4365 1084 4424 per
1098 4347 1186 4407 istam
1208 4362 1314 4405 omnes
1336 4345 1401 4404 aliae
1422 4345 1595 4403 hierarchiae
1620 4362 1639 4403 a
1664 4343 1773 4402 divinis

59 4463 202 4518 gnoscere
216 4447 264 4503 vei
277 4446 356 4517 utile,
371 4445 417 4503 rel
431 4443 573 4520 possibile
589 4443 653 4511 fuit,
670 4447 732 4500 tam
743 4443 813 4500 huic
827 4443 889 4503 siro
944 4438 1212 4497 illuminationibus
1223 4439 1440 4511 consequenter
1454 4433 1668 4492 illuminantur.
1693 4435 1773 4497 ‹Se-

59 4541 162 4594 sancto
180 4552 275 4610 quam
300 4535 373 4603 aliis,
389 4536 441 4608 qui
464 4551 518 4610 per
543 4533 684 4609 Spiritum
709 4531 760 4590 Dei
785 4533 891 4591 huma·
944 4530 1076 4588 cundem
1090 4545 1162 4587 vero
1183 4544 1258 4598 esse,
1274 4527 1324 4597 ait,
1339 4546 1354 4582 s
1371 4525 1480 4605 scilicet
1492 4523 1690 4582 hierarchiam
1706 4543 1721 4580 ‹
1736 4539 1774 4582 ex

58 4642 132 4682 nam
168 4624 395 4698 intelligentiam
421 4629 619 4693 excesserant,
647 4623 687 4680 ad
712 4623 890 4681 memoriam
943 4618 1150 4693 potestatibus,
1183 4621 1212 4674 ct
1249 4614 1514 4684 dominationibus,
1551 4618 1581 4672 et
1614 4613 1774 4672 virtutibus

58 4715 237 4788 posteritatis
255 4713 480 4772 transmittendo
493 4731 546 4789 per
561 4730 612 4770 eos
625 4711 724 4787 potius
743 4713 890 4770 revelasse
944 4708 1138 4783 completam:
1157 4729 1171 4758 »
1186 4705 1290 4764 ordine
1306 4709 1406 4763 tamen
1421 4707 1616 4775 commutato,
1632 4708 1665 4762 ut
1678 4702 1774 4762 domi-

58 4808 190 4878 putatur.
205 4805 298 4876 liujus
314 4822 385 4876 ergo
400 4805 574 4862 auctoritate
588 4803 690 4873 fretus,
706 4805 890 4860 sanctarum·
941 4797 1077 4856 nationes
1091 4795 1206 4871 primae,
1222 4799 1251 4854 et
1265 4796 1405 4854 secrmdaa
1419 4795 1551 4866 virtutes,
1566 4795 1657 4854 tertie
1675 4798 1774 4870 potes-

58 4909 119 4967 que
151 4894 371 4968 Scripturarum
404 4893 579 4953 testimoniis
605 4893 708 4963 fultus,
725 4893 890 4951 celestium
943 4892 1016 4946 tates
1030 4886 1242 4959 intelligantur.
1259 4910 1272 4939 e
1290 4890 1322 4946 ut
1335 4891 1487 4948 ternarum
1497 4887 1659 4945 novissime
1672 4885 1773 4943 cceles-

58 4982 261 5056 cognitionem
284 4985 315 5043 in
338 4989 447 5044 terram
468 4985 601 5044 deduxit.
619 4987 687 5054 llas,
714 4983 820 5058 inquit,
837 4983 890 5041 sci·
943 4979 1017 5037 tium
1031 4977 1277 5051 hierarchiarum,
1297 4979 1484 5054 angelorum,
1511 4975 1770 5049 archangelorum,
1854 5001 1858 5007 ·

57 5072 126 5130 lieet
139 5074 293 5143 essentiae,
315 5073 413 5144 idest,
438 5075 494 5130 hos
509 5091 620 5132 novem
632 5072 764 5142 ordineS,
786 5091 802 5128 a
818 5071 890 5129 divi·
942 5074 971 5127 et
984 5068 1207 5144 principatuum
1221 5070 1457 5146 dispositionem.
1481 5092 1495 5120 »
1524 5062 1771 5125 Subaudiendum

57 5177 117 5218 nus
140 5166 241 5219 noster
266 5166 387 5219 sauctus
413 5163 559 5236 perfector
574 5166 720 5234 segregat,
739 5180 756 5215 >
785 5160 814 5216 111
834 5164 887 5232 est,
943 5164 986 5216 cst
999 5176 1016 5216 a
1031 5159 1185 5233 superiori,
1202 5161 1241 5216 ait
1261 5161 1324 5234 ipsc
1339 5159 1481 5230 magister
1495 5159 1604 5222 noster,
1618 5157 1771 5210 ternarum

58 5249 213 5321 distinguit
240 5272 255 5306 a
279 5253 309 5308 in
333 5257 391 5308 tres
419 5257 528 5319 ternas,
556 5273 569 5301 ›
599 5252 629 5307 id
661 5256 705 5307 cst
747 5249 889 5308 ternarias
943 5248 1107 5306 caelestium
1121 5248 1356 5307 hierarchiarum
1377 5246 1495 5303 novisse
1518 5242 1698 5299 collocaram
1711 5239 1772 5296 dis-

58 5360 73 5392 «
91 5339 310 5411 dispositioncs.
324 5345 356 5397 nt
370 5342 499 5414 primam
510 5338 632 5414 quidem
648 5358 712 5395 esse
727 5340 798 5396 dicit
812 5340 890 5396 circa
942 5340 1131 5414 positionem,
1148 5338 1333 5407 augelorum,
1358 5333 1607 5403 archangelorum
1622 5334 1650 5387 et
1664 5329 1771 5404 princi-

56 5434 153 5487 Deum
169 5430 352 5501 existentem,
370 5448 497 5504 semper,
515 5435 543 5486 et
565 5433 672 5487 attente
696 5430 762 5505 ipsi,
779 5434 807 5487 et
821 5434 889 5486 ante
942 5437 1078 5505 patuum.
1096 5430 1150 5486 Ubi
1160 5429 1183 5483 si
1196 5430 1348 5499 quaeratur
1361 5440 1455 5498 quare
1469 5422 1577 5480 Paulus
1589 5423 1619 5479 in
1635 5422 1770 5496 Epistolis

56 5520 133 5579 alias
161 5520 333 5579 immediate
357 5520 434 5578 uniri
465 5519 645 5577 traditam.»
673 5521 803 5577 Primam
827 5518 891 5592 qui-
943 5520 1003 5576 suis
1018 5536 1088 5578 eum
1107 5515 1283 5589 angelorum
1307 5512 1533 5588 dispositionem
1559 5512 1770 5589 distinguendo

57 5613 129 5669 dem
144 5612 373 5686 dispositionem
387 5610 459 5671 dicit
473 5609 553 5668 cirea
578 5614 672 5667 heum
687 5626 750 5667 esse
772 5623 891 5681 semper
943 5608 1140 5674 enumeraret,
1163 5605 1243 5663 hunc
1262 5604 1400 5664 ordinem
1424 5619 1486 5662 non
1502 5605 1670 5673 servaverit,
1700 5619 1770 5661 cum
