3832 6044
166 113 216 169 ros
324 103 476 164 uueorus
494 105 540 163 DE
561 105 588 164 S.
608 102 757 162 VICTOR!
775 102 850 162 OPP.
870 103 959 162 PARS
978 105 998 161 l.
1019 132 1054 149 -··
1072 102 1273 162 exenensi.
1294 134 1328 144 —
1347 105 1367 162 l.
1389 106 1423 162 lN
1444 105 1471 162 S.
1495 105 1721 162 sententnan.
1825 109 1875 163 tea

163 232 284 308 putrirl
299 232 430 290 Christus
447 231 564 302 :Caput
589 229 704 286 Christi
714 230 793 287 Deua
809 231 838 299 (l
852 229 919 285 Cor.
935 231 986 296 ur).
1007 229 1249 300 Alumentorum
1278 229 1341 286 sola
1374 233 1490 287 terrena
1512 232 1666 303 appetunt,
1695 234 1722 285 et
1747 229 1878 285 caelestia

165 325 265 396 ltaque
286 326 376 395 caput
403 320 507 378 Christi
529 324 573 375 cst
599 322 698 375 lleus:
720 323 748 376 ct
771 319 835 393 ipse
863 319 994 377 Christus
1047 319 1130 375 nullo
1143 318 1250 376 mentis
1266 319 1373 376 affectu
1386 318 1558 392 requirunt,
1572 318 1613 375 ita
1634 318 1753 375 tandem
1781 319 1878 374 carnis

165 426 342 468 ascensurus
357 409 387 465 in
402 409 512 465 ccrlum
540 407 635 464 elisit:
663 409 800 466 Ascendo
817 409 858 466 ad
871 410 993 466 Patrem
1047 409 1241 466 delectatione
1273 414 1432 477 orerentur,
1461 412 1489 465 et
1512 408 1701 481 voluptatum
1735 407 1878 464 illecebris

164 516 271 573 meum,
285 506 311 557 ct
324 501 446 556 Putrem
460 503 589 555 oestrum
603 514 616 554 .·
634 499 727 555 Deum
742 515 840 555 ruerem
857 505 885 555 et
899 499 993 555 Deum
1048 498 1214 571 sopiuntur,
1231 503 1263 555 ut
1285 515 1340 555 nee
1354 499 1484 570 cogitare
1498 497 1649 554 calcante
1667 497 1776 570 quibus
1791 495 1878 554 bonis

163 594 294 646 vestrum
311 590 409 654 (dcun.
424 589 485 656 xx).
503 585 531 643 Si
545 601 615 658 crgo
630 586 669 642 ad
688 589 781 643 ileum
796 586 938 655 ascendit,
955 587 994 643 ad
1048 588 1216 658 ceciderint,
1244 605 1342 662 neque
1362 588 1401 644 ad
1428 605 1496 661 quar
1520 586 1600 643 mala
1628 587 1685 643 sint
1709 588 1877 660 perventuri

164 681 254 752 eaput
264 693 352 732 suum
368 674 502 732 ascendit
517 694 524 744 3
543 674 614 748 quta
629 680 719 749 caput
734 675 838 733 Christi
861 678 950 732 llcns.
962 678 995 730 Et
1048 677 1227 750 prospicere.
1246 677 1321 744 Quid
1341 676 1431 748 igitur
1445 675 1503 743 isti,
1520 676 1576 731 nisi
1590 676 1620 731 in
1634 675 1763 733 tenebris
1774 676 1878 733 umbu-

162 764 220 822 hoc
234 769 324 845 eaput
339 771 383 822 est
393 781 501 823 aurum
528 764 601 821 illud
629 765 776 838 optimum
802 765 886 838 quod
912 764 994 820 nulla
1047 764 1119 833 lant,
1133 766 1185 838 qui
1195 765 1236 822 ita
1250 781 1343 838 prava
1357 764 1551 821 delectatione
1562 763 1664 821 creeati
1679 769 1757 832 sunt,
1769 769 1801 821 ut
1824 781 1877 820 nec

162 854 272 925 rubigo
287 854 445 924 consumit,
461 854 544 910 nulla
557 858 687 911 vetustas
715 854 850 923 conticit3
879 854 951 927 quia
964 853 994 909 in
1048 869 1118 910 vera
1132 854 1213 910 bona
1225 853 1342 927 possint
1356 869 1545 923 cognoscere,
1562 870 1616 910 nec
1631 870 1700 909 vcra
1711 853 1791 909 mala
1804 870 1878 926 prar-

163 942 298 1000 mortalis
308 942 448 1000 divinitas
464 943 686 1016 corruptionem
707 959 768 1000 non
793 943 905 1016 recipit.
922 947 994 999 Ecce
1048 942 1171 999 videret
1196 945 1275 1010 Quas
1296 942 1434 1000 tenebras
1449 943 1528 999 intus
1547 943 1700 1017 patiuntur
1714 944 1766 1017 qni
1779 943 1876 998 luceru

163 1031 251 1105 igitur
265 1037 356 1107 caput
369 1037 504 1090 nostrum
516 1050 636 1089 sursum
646 1038 691 1089 cst
704 1032 845 1102 Christus,
860 1037 888 1090 et
905 1036 995 1105 eaput
1048 1035 1226 1104 presentem
1240 1048 1302 1088 non
1311 1032 1423 1101 vident,
1437 1037 1465 1088 et
1475 1032 1548 1088 illud
1559 1032 1674 1088 bonurn
1683 1037 1877 1105 nonpossunt

162 1126 298 1186 nostrum
313 1138 432 1178 sursum
447 1127 490 1178 est
502 1125 588 1191 Deus,
605 1126 632 1178 et
646 1138 740 1178 unum
756 1126 845 1194 caput
857 1125 994 1177 nostrum
1049 1137 1222 1192 agnoscere,
1252 1122 1340 1194 cnjus
1367 1122 1557 1195 praesentiant
1581 1121 1664 1178 nulla
1683 1121 1782 1178 valent
1795 1137 1877 1178 arer-

165 1209 295 1267 Christus
311 1214 440 1279 etDeus3
466 1212 576 1284 quiaot
599 1210 730 1268 Christus
753 1215 840 1281 lleus,
868 1215 896 1267 et
916 1227 994 1267 unus
1049 1210 1131 1266 sione
1156 1210 1330 1268 declinare?
1350 1213 1446 1278 Quare
1473 1210 1550 1268 lroe‘l
1579 1211 1634 1266 nisi
1661 1211 1732 1285 quia
1760 1211 1877 1267 stultitia

164 1301 241 1355 Deus
257 1298 387 1357 Christus
400 1318 406 1355 :
420 1303 448 1355 et
460 1303 550 1372 capnt
565 1299 669 1358 Cluisti
697 1303 773 1356 lleus
786 1305 815 1356 et
827 1316 922 1356 unum
947 1315 994 1356 ca·
1049 1299 1208 1357 excaecarit
1234 1299 1337 1356 oculos
1362 1316 1482 1374 eornm:
1499 1316 1592 1373 qnam
1608 1298 1638 1355 in
1660 1300 1770 1356 tinibus
1795 1305 1877 1356 terra

163 1391 217 1465 put
232 1386 373 1454 Christus
389 1393 418 1445 et
434 1394 524 1462 caput
548 1389 653 1446 Christi
681 1393 777 1458 lleus;
803 1389 877 1446 sieut
900 1406 994 1446 unum
1048 1389 1113 1445 illos
1128 1389 1304 1458 defixerunt,
1318 1393 1477 1446 statuentes
1492 1389 1573 1462 apud
1584 1405 1614 1445 se
1627 1394 1732 1446 oculos
1748 1406 1817 1445 suos
1829 1390 1878 1445 de-

162 1476 343 1552 principtum
355 1476 496 1547 Christus,
516 1481 543 1534 et
555 1481 645 1552 caput
671 1478 776 1535 Christi
798 1481 890 1536 Deus:
918 1480 993 1552 Epo,
1050 1477 1159 1535 clinare
1169 1478 1199 1534 iu
1214 1483 1334 1535 terram.

162 1565 267 1641 lnquit,
279 1567 476 1639 principium,
492 1568 547 1640 qui
558 1573 585 1624 et
602 1569 801 1639 loquorvobis
815 1569 992 1641 (decrerat).
1015 1582 1034 1636 g
1085 1568 1141 1625 Sed
1157 1584 1195 1624 ne
1213 1568 1286 1625 torte
1315 1567 1499 1625 contrarium
1518 1568 1585 1642 quis
1612 1572 1693 1642 putet
1721 1568 1803 1642 quod
1830 1568 1876 1623 lrir

162 1659 222 1714 lloc
238 1655 318 1712 enim
345 1656 526 1730 principium
540 1657 639 1730 ipsum
655 1663 698 1715 est
720 1663 810 1733 caput
833 1663 969 1716 nostrum
986 1677 992 1715 :
1050 1657 1156 1713 stultus
1169 1657 1200 1713 in
1214 1657 1342 1714 tenebris
1357 1657 1513 1714 ambulare
1533 1657 1648 1726 dicitur,
1665 1664 1691 1714 rt
1711 1656 1874 1731 quodidie,

163 1744 203 1803 ad
228 1745 313 1821 quod
340 1745 460 1819 sapiens
488 1746 591 1803 oculos
615 1764 685 1804 snos
716 1749 817 1816 crexit,
846 1765 927 1805 nrnre
955 1748 994 1806 ad
1049 1751 1082 1803 ut
1094 1751 1395 1813 commemorantum,
1416 1750 1469 1813 est,
1486 1746 1564 1803 oculi
1592 1745 1789 1803 stultorumiu
1813 1745 1877 1800 tini-

163 1833 246 1892 iltum
274 1835 457 1892 intendendo
485 1851 539 1910 per
564 1836 666 1904 tidem,
696 1842 729 1894 ut
756 1837 938 1911 posmodum
963 1838 993 1894 in
1048 1835 1203 1892 bustcrrue
1231 1853 1294 1892 esse
1313 1835 1516 1908 perhibentur.
1543 1836 1663 1892 Videtur
1687 1835 1766 1892 enim
1791 1835 1876 1908 quasi

163 1923 236 1981 illud
251 1924 353 1983 oculos
368 1943 439 1983 suos
451 1925 563 1983 trabere
577 1927 681 2000 possit,
702 1926 775 1984 illud
790 1927 994 2001 contemplari·
1047 1925 1409 1999 utrumquealfirmatum,
1421 1925 1630 1999 quodridcant
1641 1925 1874 1983 etnouridcant.

163 2013 203 2072 do
217 2029 271 2088 per
294 2015 434 2091 speeiem.
451 2015 566 2072 Adhoc
592 2014 774 2090 principium
798 2018 879 2076 etad
904 2023 995 2092 caput
1047 2030 1116 2071 cum
1143 2018 1304 2089 utrumque
1332 2019 1432 2071 tamen
1451 2030 1555 2070 rernm
1580 2014 1669 2070 simul
1690 2031 1754 2070 esse
1770 2013 1874 2086 possit,

162 2103 252 2172 istud,
268 2104 414 2161 utoculos
428 2105 560 2162 levemus
591 2105 741 2178 Scripttna
765 2121 821 2163 nos
840 2107 991 2176 admonet,
1048 2103 1131 2178 quod
1143 2101 1265 2160 videant
1276 2108 1304 2159 et
1317 2102 1518 2160 nonvideant.
1537 2106 1610 2159 Nam
1626 2101 1679 2176 qui
1689 2102 1762 2158 dixit
1776 2122 1781 2158 :
1805 2102 1877 2159 Stul-

163 2192 266 2253 dicens
283 2212 289 2251 :
306 2193 340 2250 Si
353 2195 584 2252 consurrexistis
607 2210 675 2252 cum
691 2194 821 2271 Cnidio,
848 2212 915 2269 quoe
929 2213 994 2253 sur·
1049 2192 1137 2251 tusin
1151 2192 1280 2250 tenebris
1304 2192 1448 2262 ambulat,
1474 2192 1590 2249 videtur
1617 2193 1740 2249 omnino
1768 2191 1876 2248 dixisse

137 2292 139 2296 ‘
163 2299 227 2341 snm
242 2288 313 2340 sunt
327 2286 433 2357 sopite,
448 2285 502 2341 ubi
527 2283 663 2342 Clrrr'stus
689 2289 732 2342 est
746 2287 778 2343 ta
801 2286 925 2344 dextere
939 2286 996 2343 Dei
1048 2282 1130 2357 quod
1157 2283 1263 2340 stultus
1285 2299 1348 2338 non
1373 2281 1482 2339 rideat.
1505 2284 1538 2339 Et
1561 2299 1680 2338 rursum
1704 2282 1756 2355 qui
1780 2281 1874 2337 dixit:

163 2373 265 2431 sedens
275 2388 287 2430 .·
301 2388 368 2445 quoe
382 2389 501 2430 cresum
516 2379 585 2430 sunt
600 2377 734 2448 qccoerzte,
748 2391 808 2432 non
821 2391 888 2447 quur
904 2391 996 2446 super
1048 2371 1131 2428 Oculi
1146 2371 1304 2431 stultorum
1325 2371 1356 2427 in
1380 2371 1492 2428 finibus
1508 2376 1601 2439 terrae,
1617 2371 1732 2427 ridetur
1757 2370 1875 2437 dixisse,

164 2465 286 2520 terram.
301 2462 419 2520 Mortui
431 2464 507 2520 enim
528 2464 607 2536 estis,
630 2469 657 2522 ct
670 2465 733 2522 vito
746 2471 845 2524 vestra
873 2464 994 2522 abscon·
1047 2460 1130 2534 quod
1145 2460 1259 2534 aliquid
1273 2461 1403 2530 rideant,
1417 2461 1463 2517 vel
1485 2477 1521 2517 ea
1545 2478 1613 2534 qua
1628 2465 1697 2517 sunt
1717 2460 1746 2515 in
1765 2460 1876 2515 finibus

163 2549 281 2608 ditarat
295 2566 361 2607 cnm
378 2551 496 2608 Christo
511 2553 542 2607 tn
554 2551 614 2609 Deo
638 2552 760 2626 (Cetoss.
776 2552 825 2626 nr).
840 2555 913 2610 llam
941 2551 991 2608 ubi
1047 2553 1141 2607 terrae.
1168 2549 1327 2616 Quomodo
1353 2565 1425 2620 crgo
1448 2548 1627 2606 intenebris
1657 2548 1822 2616 ambulant,
1853 2548 1877 2602 si

163 2638 272 2696 mortui
288 2655 402 2709 sumus,
414 2638 455 2696 ibi
481 2656 586 2713 sapere
609 2657 670 2698 non
696 2640 860 2711 debemus,
876 2640 929 2698 sed
952 2640 992 2698 ibi
1046 2638 1170 2694 vident?
1185 2638 1343 2704 Quomodo
1352 2642 1452 2694 autem
1466 2653 1528 2694 non
1542 2638 1653 2705 rident,
1668 2634 1692 2692 si
1715 2653 1751 2692 ea
1765 2637 1875 2704 vident,

164 2744 268 2802 sapere
287 2727 443 2797 debenus,
459 2728 511 2785 uhi
526 2730 617 2787 vitam
642 2729 800 2788 habemus.
827 2729 856 2787 Si
882 2729 993 2787 mortui
1046 2744 1114 2801 quas
1143 2731 1213 2783 sunt
1239 2727 1269 2782 in
1295 2726 1406 2783 finibus
1438 2726 1544 2783 terrie?
1573 2726 1629 2783 Sed
1654 2725 1808 2781 sciendum
1833 2731 1887 2782 estv

164 2833 268 2874 sumus
296 2821 527 2890 superterram,
553 2818 707 2893 quomodo
741 2818 874 2892 sapimus
903 2834 993 2891 super
1046 2815 1129 2890 quod
1140 2814 1219 2872 stulti
1232 2832 1294 2871 non
1318 2815 1386 2872 ideo
1400 2815 1430 2871 in
1445 2815 1574 2872 tenebris
1589 2814 1744 2871 ambulare
1772 2815 1877 2870 dicun·

165 2908 297 2963 terram?
324 2905 395 2973 Quis
424 2906 504 2963 enim
532 2911 668 2964 mortuus
688 2907 798 2964 sentit?
826 2905 868 2963 mi
892 2907 992 2979 itaque
1012 2909 1103 2998 Ctur,
1118 2904 1201 2979 quod
1222 2904 1295 2960 nihil
1322 2904 1456 2961 rideant:
1473 2904 1575 2960 rident
1599 2904 1687 2971 enim,
1715 2920 1782 2977 quie
1807 2909 1876 2961 suut

164 2995 271 3052 sentire
281 2994 436 3066 debemus,
453 2994 606 3053 ubiritam
631 2995 796 3064 habemus3
812 2995 855 3052 ibi
876 3011 991 3069 sapere,
1046 2993 1201 3051 infinibus
1217 2999 1310 3062 terrra,
1327 2993 1379 3050 sed
1392 2993 1474 3066 quod
1490 2994 1549 3050 sire
1564 2993 1595 3049 in
1609 2994 1655 3049 his
1679 3011 1748 3066 quie
1762 2993 1873 3062 vident,

161 3083 287 3145 ubivita
301 3083 726 3141 nostraabsconditnestcum
744 3081 858 3142 Christo
876 3083 908 3139 in
920 3087 990 3152 Deo,
1045 3082 1161 3140 sivein
1189 3083 1236 3139 his
1264 3099 1331 3156 quoe
1359 3098 1421 3139 non
1444 3083 1553 3151 vident,
1573 3083 1726 3140 ueritatem
1749 3098 1810 3138 non
1833 3083 1874 3138 ri-

160 3172 213 3232 ubi
241 3173 372 3232 Christus
396 3178 441 3231 est
468 3172 507 3231 ad
526 3173 680 3230 dexteram
694 3172 744 3230 Dei
771 3172 887 3230 sedens.
915 3171 992 3240 Quid
1046 3172 1145 3230 deant.
1161 3171 1291 3229 visibilia
1306 3171 1386 3229 enim
1401 3177 1565 3246 tamenper
1579 3172 1771 3228 intentionem
1787 3172 1874 3229 etde-

160 3265 204 3320 est
235 3261 370 3338 saperet
393 3278 495 3319 amare
531 3260 642 3336 ipsum,
682 3265 726 3318 est
750 3277 865 3335 sapere.
901 3265 993 3318 Amor
1046 3261 1189 3319 siderium
1208 3260 1319 3330 vident,
1345 3266 1374 3317 et
1396 3261 1555 3319 invisibilia
1579 3278 1641 3317 non
1665 3261 1774 3317 rident.
1800 3265 1832 3317 Et
1843 3262 1873 3317 in

76 3351 79 3367 '
159 3350 240 3408 enim
268 3350 325 3408 isse
352 3367 443 3426 sapor
466 3355 519 3420 est,
549 3354 577 3407 et
611 3349 728 3407 dilectio
753 3349 820 3424 ipsa
847 3349 993 3425 sapientia
1045 3351 1092 3407 his
1119 3367 1188 3424 quar
1214 3350 1324 3418 vident,
1351 3355 1458 3424 putant
1477 3351 1592 3407 bonum
1607 3366 1680 3417 esse,
1705 3349 1788 3423 quod
1812 3367 1873 3406 non

159 3443 212 3495 est.
242 3443 349 3495 Amare
371 3439 473 3513 itaque
497 3454 565 3512 quae
581 3443 793 3509 sursumsunt,
808 3438 866 3496 hoc
893 3444 992 3497 estse·
1046 3444 1108 3509 cst;
1124 3439 1195 3496 etin
1206 3438 1253 3495 his
1280 3457 1348 3513 quae
1376 3456 1437 3496 non
1451 3439 1560 3507 vident,
1586 3438 1730 3507 nesciunt,
1758 3438 1873 3496 bonum

158 3542 289 3601 peresa,
306 3542 375 3600 quae
390 3543 510 3583 sursum
527 3531 610 3595 sunt;
626 3527 698 3600 quia
712 3527 778 3601 ipsa
791 3527 909 3586 dilectio
923 3528 991 3585 illuc
1046 3545 1121 3597 esse,
1137 3527 1221 3602 quod
1236 3533 1287 3585 est.
1305 3533 1405 3602 ltaque
1427 3544 1579 3601 nusquam
1594 3528 1746 3584 veritatem
1762 3527 1872 3596 rident,

158 3612 257 3683 trahit,
269 3614 321 3670 ubi
333 3619 376 3672 est
388 3615 471 3688 quod
491 3614 641 3685 diligitur:
664 3620 693 3672 et
711 3615 803 3672 habet
815 3615 932 3674 interim
947 3633 992 3674 sa·
1045 3617 1155 3674 etideo
1172 3617 1347 3673 intenebris
1375 3616 1533 3673 ambulant
1556 3618 1645 3673 etiam
1673 3618 1702 3673 iu
1726 3617 1782 3686 lris,
1805 3634 1873 3690 quar

158 3718 264 3781 porem
277 3719 366 3760 suum
377 3719 438 3778 quo
452 3702 592 3772 relicitur,
604 3703 700 3759 donec
708 3704 897 3777 perveniatur
911 3706 950 3762 ad
960 3704 990 3761 id
1043 3706 1153 3763 rident.
1176 3706 1338 3762 Excaecarit
1365 3705 1445 3761 enim
1474 3705 1565 3762 corda
1591 3723 1696 3764 eorum
1718 3706 1873 3762 delectatio

158 3792 242 3867 quod
255 3792 394 3865 diligitur.
412 3793 487 3859 Qura
497 3807 567 3862 ergo
582 3793 665 3866 quod
687 3809 741 3867 per
756 3793 933 3866 sapientiam
947 3793 990 3849 di·
1045 3794 1142 3852 caruis
1157 3798 1186 3853 et
1199 3794 1372 3851 illececebra
1386 3793 1583 3868 voluptatum,
1599 3799 1632 3851 ut
1642 3795 1795 3851 veritatem
1812 3811 1873 3851 non

158 3881 268 3952 ligitur,
284 3897 404 3938 sursum
414 3885 477 3950 est;
492 3879 603 3936 idcirco
616 3898 735 3938 sursum
749 3881 837 3938 trahit
858 3882 926 3954 ipsa
941 3884 990 3940 Sa·
1043 3883 1172 3940 uideant.
1190 3883 1265 3950 Quia
1278 3899 1363 3939 ruens
1384 3882 1458 3939 falsa
1472 3883 1630 3940 dulcedine
1644 3883 1789 3940 inebriata
1799 3884 1873 3940 dnm

158 3969 279 4045 pientia.
293 3973 327 4028 Et
340 3970 412 4043 quia
433 3969 516 4043 quod
530 3985 584 4044 per
604 3970 877 4045 concupiscentiam
896 3971 990 4042 diligi·
1044 3973 1101 4029 hoe
1113 3973 1220 4043 solum,
1243 3973 1325 4045 quod
1338 3973 1368 4029 in
1390 3973 1529 4047 praesenti
1550 3974 1637 4030 dulce
1664 3978 1693 4029 et
1703 3973 1873 4048 jucundum

158 4061 215 4126 tur,
232 4057 374 4114 deorsum
388 4073 509 4133 quoque
525 4058 622 4115 trahat
634 4075 755 4116 necesse
775 4064 819 4117 est
833 4060 899 4134 ipsa
922 4077 990 4116 con·
1043 4062 1168 4131 videtur,
1181 4062 1299 4134 cogitat,
1314 4078 1369 4118 nec
1387 4062 1536 4119 reminisci
1561 4067 1658 4136 potest
1681 4067 1795 4136 quanta
1810 4062 1873 4120 dul-

159 4144 383 4221 cuplscentiam.
399 4146 444 4203 Ab
460 4163 495 4204 eo
510 4151 611 4204 autern
626 4164 687 4222 quo
704 4147 854 4223 Sapientia
868 4166 989 4206 sursum
1044 4152 1118 4209 cedo
1132 4152 1167 4208 sit
1178 4168 1282 4208 eorum
1302 4151 1452 4209 bonorum
1474 4152 1613 4226 aquibus
1641 4153 1796 4209 aversione
1819 4169 1873 4209 sua

158 4235 258 4305 trahit,
273 4239 302 4294 et
316 4235 558 4311 eoncupiscentia
568 4236 817 4315 deorsum‚quasi
831 4239 935 4296 divisio
946 4244 989 4297 est
1044 4240 1164 4309 corruit,
1180 4257 1236 4297 nec
1250 4241 1406 4314 providere
1417 4246 1530 4316 quauta
1557 4241 1593 4298 sit
1617 4241 1786 4298 amaritudo
1811 4258 1873 4298 ma-

157 4324 350 4385 tenelrrarum
362 4325 473 4384 aluee:
490 4331 592 4401 etqua
608 4327 699 4384 corda
713 4327 854 4385 deorsum
868 4329 989 4385 descen·
1043 4330 1142 4388 lorum
1157 4330 1439 4404 supervenientium,
1453 4330 1493 4386 ad
1506 4346 1599 4403 quam
1610 4347 1729 4404 semper
1740 4331 1873 4403 praecipi-

158 4413 233 4473 dunt
248 4414 342 4474 aluce
357 4414 516 4485 deficiunt;
532 4431 601 4491 quse
615 4432 686 4473 vero
701 4416 867 4473 ascendunt
881 4417 911 4473 in
922 4417 987 4474 luce
1042 4420 1160 4477 tationis
1169 4437 1230 4476 sure
1241 4420 1328 4477 ruina
1339 4418 1464 4476 festinat.
1477 4421 1510 4475 Et
1518 4423 1588 4476 nota
1598 4420 1753 4493 quomodo
1762 4436 1792 4476 se
1804 4436 1873 4476 con-

158 4503 305 4571 santoni
319 4503 400 4563 enim
415 4503 620 4562 advanitatem
631 4505 826 4576 descendunt,
838 4506 987 4564 averitate
1043 4510 1176 4583 sequitur
1190 4510 1335 4568 sententia
1348 4508 1487 4565 veritatis.
1503 4509 1644 4582 Superius
1658 4525 1791 4582 namque
1818 4509 1872 4565 istc

158 4592 309 4662 deliciunt,
326 4597 355 4650 et
377 4593 430 4669 qui
443 4610 461 4652 a
474 4594 595 4652 veritate
623 4594 774 4664 deficirmt,
799 4594 942 4653 deliciunt
969 4612 987 4653 a
1041 4599 1229 4656 considerata
1242 4600 1370 4656 vanitate
1385 4614 1486 4655 rerum
1496 4598 1731 4667 mundanarum,
1742 4603 1872 4655 coutem-

157 4680 241 4748 luoe;
256 4680 328 4754 quia
341 4681 449 4738 veritas
464 4681 516 4738 lrur
530 4686 582 4739 est.
601 4686 635 4740 Et
648 4699 710 4740 uon
723 4683 822 4741 deficit
846 4684 911 4758 ipsa
924 4684 985 4753 lux,
1041 4688 1099 4761 ptis
1112 4688 1253 4744 omnibus
1275 4688 1315 4744 ad
1343 4688 1606 4760 contemplandam
1637 4687 1814 4760 sapientiam
1841 4704 1872 4743 se

158 4768 212 4828 scd
226 4767 284 4842 ipsi
297 4784 315 4826 a
328 4768 394 4827 lnce
422 4770 574 4840 deficiunt,
594 4772 718 4845 quando
742 4773 872 4830 tenebrae
891 4774 986 4842 fiunt;
1041 4777 1200 4845 transtulit,
1216 4777 1334 4833 dicens:
1351 4777 1481 4835 Transiit
1497 4778 1535 4833 ad
1548 4776 1813 4850 contemplandam
1827 4793 1872 4834 sa-

157 4857 231 4935 quia
242 4857 372 4914 tenebrae
384 4874 447 4914 non
457 4862 526 4915 sunt
536 4859 597 4928 lux,
609 4876 664 4917 nec
675 4861 908 4920 illuminantura
922 4862 987 4919 luce
1040 4864 1185 4939 pientiam
1222 4882 1396 4940 erroresque
1424 4871 1452 4923 ct
1475 4866 1637 4923 stultitiam.
1667 4866 1777 4923 lleinde
1804 4883 1873 4923 con-

157 4945 331 5005 utluceant.
345 4949 455 5004 Tamen
470 4946 536 5021 ipsa
549 4946 787 5008 luxlueetetiam
801 4952 831 5008 in
847 4951 986 5021 tenebris,
1043 4954 1178 5011 sidereus
1201 4954 1283 5028 quod
1310 4972 1382 5012 vera
1406 4955 1551 5029 sapientia
1571 4956 1702 5012 hominis
1725 4956 1783 5013 alia
1810 4972 1872 5012 non

159 5034 351 5094 sedtenebroe
371 5051 439 5093 eam
463 5051 525 5092 nou
538 5039 796 5112 comprehendunt
811 5043 901 5111 (doen
917 5045 989 5111 1),ut
1043 5047 1096 5112 est,
1132 5060 1225 5118 quam
1248 5060 1318 5102 roro
1350 5044 1432 5102 hona
1458 5061 1601 5118 quarere,
1627 5052 1655 5103 et
1680 5061 1871 5119 amaroque

158 5140 225 5183 eam
236 5123 267 5184 in
280 5141 311 5185 se
321 5125 494 5200 suscipiant,
511 5131 540 5183 et
553 5127 712 5201 participes
724 5129 789 5201 ejus
815 5130 898 5199 fiant,
914 5145 988 5204 quo-
1043 5137 1254 5202 sursumsunt,
1270 5133 1322 5190 uhi
1345 5150 1397 5190 rex
1419 5139 1520 5191 noster
1535 5140 1596 5192 est:
1614 5136 1734 5209 quinos
1759 5133 1872 5191 ideirco

157 5213 240 5274 niam
255 5214 383 5272 tenebrae
397 5214 456 5273 luci
469 5216 691 5274 communicare
704 5234 766 5274 uon
778 5222 913 5291 possunt.
924 5223 987 5275 lstre
1041 5221 1202 5295 precessit,
1214 5221 1283 5277 illuc
1298 5223 1472 5290 ascendens,
1487 5227 1520 5279 ut
1538 5240 1599 5297 quo
1621 5238 1815 5296 sequeremur
1826 5239 1873 5277 os·

158 5316 229 5373 ergo
244 5309 314 5361 sunt
326 5305 455 5361 tenebrae
471 5304 502 5362 in
516 5305 627 5378 quibus
655 5307 812 5364 ambulant
826 5307 922 5364 stulti:
935 5308 987 5380 qui
1042 5310 1184 5368 tenderet.
1197 5313 1358 5368 attendens
1372 5329 1493 5386 quoque
1507 5330 1600 5387 qnam
1610 5313 1729 5370 ditticile
1740 5316 1872 5368 mentem

157 5392 273 5446 terrena
288 5395 407 5467 sapiunt
417 5400 444 5452 et
454 5411 514 5452 non
526 5395 720 5467 intelligentes
732 5397 877 5453 honorem
888 5414 986 5466 snum,
1044 5399 1165 5456 terrenis
1180 5400 1427 5457 delectationrlnrs
1448 5409 1597 5458 assianum
1612 5403 1651 5460 ad
1672 5401 1820 5457 desideria
1836 5420 1872 5456 rr-

68 5563 70 5567 ,
158 5482 327 5552 oocuparet-i
339 5490 408 5540 sucat
432 5487 578 5558 jacientis
601 5487 809 5558 trrsrptentidns
826 5493 853 5546 ct
878 5489 988 5545 steriles
1042 5494 1195 5547 ternorum
1208 5491 1329 5562 erigere,
1345 5491 1482 5565 adjunxit
1496 5499 1525 5549 et
1538 5493 1593 5550 ait:
1611 5493 1687 5560 Quid
1701 5497 1745 5549 est
1767 5491 1870 5560 homo,

156 5565 333 5638 succinant
361 5571 421 5627 iltis
445 5573 539 5640 (Psoi.
567 5578 674 5646 xrun).
704 5577 779 5633 llam
806 5574 878 5648 quia
905 5591 989 5634 more
1042 5581 1076 5638 ut
1089 5578 1174 5653 sequi
1183 5579 1277 5653 possit
1290 5596 1391 5653 rogem
1402 5580 1544 5640 faetorem
1553 5580 1760 5640 suumrviues
1770 5584 1871 5639 tamen
