3832 6044
166 119 215 170 l03
320 116 536 173 HUGONlSDE
557 117 584 173 S.
605 115 753 172 VICTORE
772 114 992 175 oraraflsl.
1013 115 1267 172 -Exssessrlca
1289 118 1362 171 -Ι,
1384 117 1417 171 ΙΝ
1439 116 1466 173 S.
1489 114 1714 172 sefflrruanu.
1819 120 1868 172 lot

163 237 300 294 hocloco
322 239 472 310 arepham
491 239 641 310 [Araiaml.
666 239 816 311 Scriptura
838 239 983 308 nominat,
1003 239 1226 311 Acastigando,
1254 240 1424 298 armabitur
1447 239 1531 309 ferre
1557 244 1584 296 ct
1613 239 1694 310 ligno
1721 241 1869 296 lanceato.

163 327 229 400 ipsa
241 327 369 384 creditur
382 327 473 384 luisse
489 329 589 400 Orpha
597 327 859 397 hichabitis,nu1·us
873 331 985 400 Noemi,
1042 332 1130 387 llasta
1156 329 1272 402 lignum
1296 336 1349 399 est,
1372 330 1477 386 lancea
1504 328 1617 386 lcrrum
1640 329 1728 400 quasi
1747 319 1867 386 diceret.

164 418 245 475 socia
259 418 335 475 Ruth
349 417 387 473 de
402 418 488 488 qu'us
502 417 645 490 progenie
659 417 721 474 nati
736 420 844 477 sunthi
858 424 987 493 quatuor
1042 420 1119 487 Quin
1132 420 1162 477 in
1178 436 1229 477 eos
1242 421 1343 476 sevire
1364 418 1500 487 voluerit,
1525 421 1623 474 utetur
1647 433 1709 474 non
1724 417 1794 475 solis
1809 435 1871 476 ver-

163 506 308 577 gigantcS,
323 505 376 578 qui
389 504 437 562 -hic
452 505 482 561 in
494 521 590 562 manu
604 505 706 574 David,
716 511 744 563 ct
754 524 907 565 servorum
922 508 986 581 ejus
1040 509 1087 566 bis
1101 509 1212 584 quihus
1226 509 1410 577 erudiantur,
1432 509 1485 565 sed
1507 507 1637 564 vindicta
1661 507 1868 581 exstirpentm·,

163 595 303 653 cecidisse
323 594 471 653 dicuntur.
495 595 608 670 Repetit
630 601 731 654 autem
747 613 764 655 a
779 597 987 671 Superioribus
1041 604 1073 657 ut
1087 598 1238 673 exstirpati
1260 599 1476 656 comburantur
1495 597 1564 669 igue
1585 596 1704 665 scilicet,
1731 597 1870 654 inexstin-

164 685 322 758 Scriptura,
338 685 418 743 bella
441 685 496 743 ista
517 686 758 744 commemorans
781 687 914 747 fortassis
928 687 986 745 alio
1041 688 1145 760 guibili
1161 704 1257 762 usque
1271 688 1311 744 ad
1322 687 1449 745 nihilum
1457 685 1665 744 consumendi.
1681 691 1755 745 itote
1768 693 1870 745 autem

163 774 266 832 ordine
280 792 374 850 qnam
395 779 477 848 gesta
491 780 569 833 sunt.
596 781 628 833 ln
651 777 759 849 primo,
784 778 886 835 Abisai
907 778 986 834 iilius
1040 776 1215 849 quodligno
1229 776 1383 851 percussio
1397 775 1440 844 iit,
1456 774 1651 845 lerrosecti03
1667 775 1783 847 lignum
1798 793 1869 848 ergo

164 865 256 922 saviae
270 865 617 934 interfecitleshidenob3
633 866 664 924 in
679 868 822 936 secundo,
839 868 987 926 Sobochai
1040 865 1211 923 lanceatum
1232 870 1276 923 est
1295 864 1426 922 vindicta
1449 881 1511 922 non
1535 865 1632 922 solum
1647 865 1794 934 crucians,
1815 868 1869 923 scd

162 954 306 1013 interiecit
325 956 416 1029 llephi
440 957 538 1030 [Zap];
567 956 598 1014 in
612 957 708 1026 tertio,
736 958 838 1027 David,
864 959 916 1033 qui
938 959 986 1016 hic
1041 954 1252 1012 exterminans.
1265 957 1415 1012 Haeserat
1426 956 1546 1013 aomina
1559 955 1678 1025 sortiare
1691 957 1801 1014 David.
1820 956 1871 1013 llic

162 1044 273 1102 dibitur
286 1046 466 1114 adeodatus,
488 1047 633 1119 qnoniam
656 1048 695 1104 ad
719 1047 924 1106 liberationem
948 1054 987 1107 ls-
1041 1049 1197 1102 enumerat
1210 1060 1261 1102 eos
1275 1044 1328 1118 qui
1341 1044 1372 1100 in
1386 1043 1516 1101 exercitu
1530 1043 1623 1102 David
1637 1044 1807 1102 fortitudine
1822 1061 1871 1101 ex-

161 1135 224 1191 racl
247 1153 266 1194 a
289 1139 349 1194 Deo
363 1136 492 1194 donatus
508 1141 561 1205 est,
585 1142 613 1195 et
635 1137 714 1195 filius
729 1138 831 1207 saltus,
856 1139 986 1214 quiade
1041 1132 1179 1191 callentes
1193 1137 1298 1202 erant;
1323 1131 1434 1206 quibus
1449 1137 1477 1190 et
1497 1132 1597 1207 ipsum
1620 1133 1713 1190 David
1726 1149 1870 1192 annume

162 1225 282 1299 pascuis
296 1230 325 1283 et
338 1225 416 1282 saltu
430 1231 568 1300 sumptus
582 1232 635 1296 est,
652 1234 680 1286 et
689 1228 987 1303 polymitarius,quia
1040 1227 1086 1280 rat
1103 1242 1110 1292 ;
1125 1222 1198 1296 quia
1211 1220 1342 1296 perlecta
1356 1221 1451 1293 gloria
1463 1221 1542 1293 regis
1551 1237 1613 1279 non
1623 1228 1701 1280 esset
1714 1221 1803 1280 fortes
1817 1223 1869 1280 ha-

161 1314 317 1388 multiplici
331 1315 438 1372 decore
454 1316 568 1373 cultum
580 1317 632 1374 Dei
646 1319 763 1375 ornarit
775 1318 805 1376 in
820 1319 944 1392 psalmis
959 1325 988 1377 et
1040 1307 1111 1368 bere
1125 1310 1243 1379 milites,
1259 1310 1316 1368 nisi
1331 1315 1359 1368 θῐ
1373 1311 1436 1385 ipse
1450 1310 1533 1368 s0rfi⁸
1548 1315 1634 1368 esset·
1650 1313 1771 1386 Propter
1785 1313 1869 1386 quod

161 1402 301 1460 canticis:
328 1408 357 1461 ct
380 1404 615 1475 bethlehemites,
631 1411 753 1480 propter
767 1407 904 1482 patriam.
921 1413 986 1483 lpse
1041 1399 1141 1475 ipsum
1168 1399 1281 1458 caetffl'is
1308 1399 1450 1457 Omssfllus
1476 1399 1605 1473 PPaeferh
1626 1401 1714 1474 quasi
1742 1399 1869 1458 f0rfib11⁸

162 1490 272 1548 scilicet
290 1492 382 1550 David
406 1493 550 1551 interiecit
572 1495 688 1552 Goliath
712 1497 875 1555 Gethaeum,
900 1499 986 1565 Quod
1041 1489 1203 1559 fortiorem,
1217 1494 1365 1564 quatenus
1387 1489 1476 1547 ctiam
1489 1489 1624 1563 ipsorum
1645 1490 1867 1548 commendatio

160 1580 274 1638 bellum
286 1583 419 1655 primum
433 1582 523 1640 fuisse
537 1584 663 1653 ridetur,
679 1585 817 1660 quamvis
839 1587 888 1644 hic
907 1604 987 1645 com.
1006 1592 1026 1647 Β
1041 1579 1080 1636 ad
1095 1580 1221 1652 gloriam
1234 1579 1274 1635 illi
1289 1579 1385 1637 cedat.
1402 1582 1541 1636 Numerat
1550 1583 1650 1636 autem
1663 1579 1796 1654 primum
1810 1584 1868 1636 tres

161 1675 343 1728 memoretur
357 1671 485 1729 tertium.
503 1676 534 1729 ln
558 1677 666 1747 quarto
680 1676 822 1732 Jonathas
845 1675 988 1734 interfecit
1042 1686 1177 1728 seorsum
1191 1687 1244 1745 pel'
1259 1687 1301 1739 ὅθ,
1325 1669 1412 1743 quasi
1427 1668 1648 1726 010011011501'08
1669 1669 1821 1737 Omnibus,
1836 1669 1867 1725 in

159 1758 257 1817 n'rum
272 1777 360 1818 senos
374 1760 483 1833 digitos
498 1761 623 1832 singulis
642 1762 785 1820 manibus
798 1763 986 1840 pedibusque
1041 1760 1152 1835 quibus
1180 1760 1274 1817 David
1294 1758 1426 1833 primum
1447 1757 1540 1832 ponit,
1563 1775 1598 1816 ac
1619 1758 1751 1832 primum
1772 1758 1865 1832 ponit,

160 1847 322 1905 habentem
359 1849 412 1922 qui
447 1849 579 1906 similiter
606 1850 661 1908 fuit
688 1851 725 1907 de
754 1852 843 1926 stirpe
869 1856 987 1929 Arepha
1040 1866 1075 1908 ac
1108 1849 1285 1924 prinoipem,
1322 1847 1488 1905 secundum
1525 1847 1720 1916 Eleazarum
1749 1847 1867 1905 tertium

161 1936 279 2010 [Araiai
1042 1941 1190 1998 Semmaa.
1206 1938 1239 1995 lli
1253 1938 1342 2013 primi
1356 1942 1424 1994 tres.
1445 1937 1556 1994 Deinde
1571 1938 1656 2011 ponit
1678 1936 1753 1994 alios
1767 1941 1825 1993 hes
1839 1941 1868 1993 θῖ

197 2026 230 2096 (ll
244 2028 492 2101 Rae.XXlll).Haec
505 2034 577 2086 seret
591 2031 680 2088 verbo
691 2033 849 2090 recensitae
864 2050 929 2106 quae
942 2036 986 2091 dt·
1040 2031 1178 2087 virtutem
1192 2045 1297 2086 eorum
1311 2026 1441 2102 exponit,
1457 2027 1540 2100 quod
1554 2043 1608 2101 per
1621 2026 1722 2084 media
1735 2026 1866 2083 hostium

160 2116 208 2172 ait
220 2115 320 2172 David
334 2119 400 2174 llaec
415 2116 551 2176 videlicet
570 2136 637 2193 quae
660 2121 832 2195 supradicta
846 2128 924 2192 sunt,
939 2123 986 2181 vel
1039 2124 1137 2176 castra
1159 2119 1357 2192 irrumpentes
1372 2133 1485 2191 aquam
1509 2118 1546 2173 de
1567 2116 1704 2185 cisterna,
1722 2120 1867 2190 quaerat

160 2202 225 2261 hoec
239 2220 307 2278 quac
319 2212 503 2280 sequuntur:
521 2209 606 2265 Dicit
620 2210 719 2267 David
729 2212 812 2281 filius
825 2213 897 2281 lsai,
909 2216 985 2271 llere
1039 2208 1070 2265 in
1085 2205 1265 2276 Bethlehem,
1281 2205 1442 2263 attulerunt
1457 2224 1464 2275 ς
1486 2221 1563 2279 quos
1584 2210 1684 2263 tamen
1707 2204 1775 2262 licet
1791 2203 1866 2261 inter

163 2292 382 2369 Scriurptarum
402 2296 440 2353 de
455 2312 486 2352 sc
501 2296 632 2371 loquitur
646 2300 734 2374 quasi
748 2300 786 2357 de
800 2300 878 2358 alio:
900 2305 985 2360 Dicit
1040 2299 1113 2356 alios
1128 2296 1246 2369 triginta
1260 2295 1391 2366 insignes
1404 2294 1576 2367 effulserint,
1592 2293 1696 2368 primis
1708 2293 1803 2351 tribus
1817 2309 1865 2349 ne·

161 2383 208 2438 etr
221 2383 276 2456 qui
295 2385 488 2458 constitutum
504 2392 545 2444 est
561 2386 681 2445 Christo
695 2390 752 2446 Dei
769 2391 874 2463 Jacob,
888 2391 983 2461 idest,
1039 2403 1195 2462 quaquam
1208 2384 1374 2459 aequandos
1395 2400 1459 2441 esse
1480 2387 1612 2440 testatur.
1637 2383 1748 2440 Deinde
1772 2382 1865 2440 adnu-

161 2470 209 2528 eui
224 2471 319 2546 gratia
332 2473 378 2530 rel
393 2473 527 2532 officium
551 2492 728 2536 concessum
751 2484 796 2536 θεῖ
809 2480 847 2538 de
871 2481 985 2540 Christo
1039 2481 1134 2534 merat
1147 2474 1278 2550 reliquos
1302 2473 1373 2530 etin
1395 2489 1516 2531 summa
1535 2471 1655 2544 triginta
1675 2488 1737 2542 sex,
1753 2476 1863 2529 etcum

160 2561 212 2617 Ilei
231 2563 323 2619 iacob
336 2581 343 2630 3
368 2568 401 2620 ut
414 2563 550 2622 videlicet
564 2566 601 2623 sit
615 2567 746 2625 Christus
761 2569 812 2625 Dei
825 2571 926 2628 Jacob.
952 2575 984 2628 ln
1039 2567 1116 2636 Uria,
1133 2566 1252 2637 higinta
1267 2567 1390 2638 septem,
1406 2562 1458 2636 qui
1472 2568 1542 2620 sunt
1555 2561 1596 2619 hi.

161 2647 284 2705 Hebraeo
308 2649 349 2706 sic
373 2655 434 2706 est:
453 2653 539 2708 Diait
554 2655 601 2709 cir·
615 2656 730 2712 levatus
752 2673 843 2727 seper
865 2657 984 2716 Christo

160 2738 216 2794 Dei
226 2738 320 2795 Jacob
329 2754 342 2809 ,·
364 2739 395 2795 id
409 2745 453 2797 cst
465 2741 508 2797 vir
522 2742 574 2816 qui
587 2748 632 2801 θεῖ
654 2745 786 2803 Christus
806 2748 856 2804 Dei
876 2750 983 2819 laech;

160 2832 245 2889 quern
260 2819 321 2888 ipse
332 2819 411 2876 Deus
422 2821 516 2878 Jacob
529 2825 741 2897 superlevavit,
753 2825 784 2882 id
797 2828 985 2887 estexaltavit
1092 2831 1184 2891 llavid
1197 2831 1313 2907 primus
1327 2830 1448 2889 tortium
1460 2831 1627 2905 primorum

160 2912 192 2964 ul
206 2913 283 2965 esset
297 2909 432 2983 superior
452 2912 603 2970 omnihus.
628 2915 775 2988 Egregius
785 2922 899 2989 psaltes
924 2921 983 2979 sive
1003 2944 1023 3001 ς
1095 2923 1213 2980 Eleazar
1759 2925 1776 2976 2

160 2995 316 3070 psalmista
362 3001 394 3055 ia
425 3001 536 3060 Israel.
563 3001 618 3069 Qui
641 3002 746 3062 dixit?
780 3010 838 3065 lloc
862 3009 980 3080 seilicet,
1091 3016 1231 3071 semmaa
1243 3016 1270 3069 3.
1286 3011 1319 3068 lli
1333 3010 1431 3085 primi.

158 3085 291 3156 Spim'tas
303 3089 425 3146 Doarz'ni
434 3091 549 3148 locatas
564 3098 606 3149 est
616 3108 674 3164 per
687 3110 733 3152 rae
742 3111 753 3153 .·
768 3102 794 3154 et
809 3113 904 3156 serrae
918 3103 982 3171 ejus
1089 3101 1190 3159 abisai
1203 3100 1319 3175 primns
1334 3099 1455 3157 fortium
1470 3098 1671 3156 secundorum

153 3191 212 3247 per·
228 3179 361 3250 linguam
376 3195 471 3237 laeam
481 3196 493 3237 .·
502 3183 580 3239 Deus
592 3184 691 3240 lsrael
702 3185 781 3242 dicit
795 3187 872 3244 inibi
884 3194 911 3245 et
919 3190 982 3260 for·
1090 3192 1214 3251 banaias

159 3267 196 3322 tis
218 3268 316 3326 Israel
327 3269 442 3326 locatas
458 3275 499 3327 est
512 3270 596 3328 inibi.
612 3273 688 3339 Quid
711 3274 786 3332 dixit
799 3274 896 3333 milri?
924 3280 981 3336 hoc
1088 3281 1235 3340 asarela.
1253 3279 1285 3336 Ηί
1297 3279 1430 3337 secundi.

158 3355 294 3414 videlieet
307 3358 391 3432 quod
405 3359 452 3415 ille
467 3358 519 3434 qui
536 3362 634 3432 justus
649 3367 692 3420 est
706 3363 795 3423 debet
809 3383 873 3424 esse
887 3367 981 3424 domi·
1088 3370 1221 3428 rtlcanan
1234 3370 1350 3444 primus
1364 3366 1519 3425 tertiorum

157 3447 244 3499 nator
257 3443 425 3504 hominum.
441 3450 483 3504 lta
498 3453 597 3506 tamen
612 3450 696 3523 quod
714 3453 885 3514 dominator
898 3456 934 3513 sit
948 3457 978 3514 in
1086 3463 1208 3519 semma

100 3553 101 3557 ¹
157 3527 262 3586 timore
277 3531 347 3600 Dei3
372 3537 405 3588 ut
418 3532 460 3589 sie
474 3549 528 3606 per
539 3536 683 3606 justitiam
702 3539 840 3598 homines
862 3543 979 3603 infcrio-
1087 3549 1188 3608 Elicha

155 3636 203 3678 res
217 3625 310 3692 regat,
326 3627 473 3696 quatenus
500 3642 618 3700 semper
638 3644 692 3700 per
712 3630 850 3690 timorem
864 3638 924 3693 Dec
947 3653 978 3694 se
1087 3636 1176 3696 Heles

159 3708 269 3767 subdat
283 3711 437 3784 superiori.
466 3713 516 3769 Vel
530 3715 587 3772 hoc
601 3716 676 3774 dixit
687 3718 770 3789 mihi,
786 3722 869 3794 quod
885 3724 978 3782 domi-
1086 3729 1154 3786 Hira

154 3802 242 3857 nator
256 3799 414 3858 hominum
426 3802 524 3873 iustus
539 3808 567 3861 ct
581 3804 752 3865 dominator
765 3809 795 3866 in
812 3810 916 3869 timore
927 3813 977 3870 Dei
1085 3818 1207 3877 Abiescr

1158 2700 1312 2770 [capiant
1326 2698 1449 2754 nomino
1462 2697 1588 2767 fortiam
1604 2697 1635 2753 in
1650 2696 1758 2754 lsrael.

59 3920 60 3924 =
154 3887 254 3945 rutilat
267 3893 295 3945 et
309 3889 465 3960 germinet.
491 3893 550 3949 Hoc
563 3892 637 3951 dixit
650 3895 724 3952 mihi
739 3901 770 3954 ul
791 3899 884 3957 sciam
905 3919 978 3976 qua·
1085 3909 1243 3968 Mobonnai

154 3977 219 4033 liter
233 3993 360 4049 praeesse
381 3978 519 4050 debeam,
545 3987 574 4038 ct
593 3983 720 4056 qualiter
735 3986 867 4058 subesse,
883 3994 912 4047 θῖ
925 4007 978 4065 per
1087 3997 1207 4056 selmon

154 4064 315 4123 hocfactus
329 4083 397 4123 sum
412 4067 597 4141 splendidus.
612 4073 697 4130 Sicut
713 4077 768 4133 lca
782 4092 900 4136 aurora
914 4097 979 4152 qua
1085 4087 1231 4146 Macharai

153 4155 262 4211 rutilat
275 4156 358 4213 ctare
376 4157 486 4239 obsqae
500 4160 603 4218 babilo
617 4179 700 4220 mons
720 4168 928 4243 celeumate,
951 4177 978 4228 et
1085 4177 1195 4251 lieleph

150 4243 253 4327 foetare
266 4261 329 4302 sura
344 4242 527 4322 gennetines,
543 4251 619 4308 sicat
634 4254 759 4328 pluviis,
774 4255 806 4312 id
819 4263 863 4315 θεῖ
876 4258 977 4332 irriga-
996 4300 1018 4355 D
1086 4266 1183 4325 Hithai

152 4332 231 4390 tione
245 4334 418 4407 pluviarum
441 4339 589 4409 germinat
609 4341 703 4400 herba
717 4344 756 4401 de
780 4349 866 4404 terra.
891 4349 976 4416 Quod
1085 4359 1175 4416 Banai

151 4425 253 4480 tamen
267 4422 379 4482 tactum
399 4442 461 4484 non
481 4432 525 4485 θεῖ
547 4429 658 4487 meritis
676 4433 769 4491 meis:
797 4437 869 4507 quia
894 4440 977 4508 opud
1084 4448 1188 4505 fleldai

150 4512 243 4569 Deum
258 4516 344 4585 eujus
356 4522 399 4573 est
414 4522 491 4574 totus
505 4522 645 4594 anundus,
665 4539 725 4580 noa
740 4530 782 4581 est
796 4530 858 4584 tota
872 4527 976 4585 domus
1083 4537 1231 4595 Albiadon
1246 4533 1426 4608 [Albialbon]

150 4601 260 4674 meo,id
273 4608 318 4660 est
337 4604 450 4664 familia
473 4614 501 4665 et
523 4611 681 4684 progenies
695 4630 773 4684 mea,
799 4621 832 4672 at
850 4623 975 4687 pactum
1083 4625 1244 4683 Azinavcth

149 4693 388 4751 arternamim'ret
399 4698 566 4770 raccaredus
575 4702 696 4769 lirinum
705 4706 878 4762 iaomrribus
887 4712 975 4779 utque
1083 4714 1186 4773 Eliaba

149 4779 296 4834 munitam
309 4778 366 4836 nisi
380 4783 477 4852 gratia
490 4802 545 4842 sua
558 4787 616 4846 hoe
630 4789 871 4868 fecisseiuxqua
881 4796 976 4866 gratia
1082 4802 1225 4862 Jonathas

149 4870 194 4923 θεῖ
203 4873 312 4926 cancta
323 4872 405 4927 satus
416 4887 480 4929 mec
491 4879 518 4931 et
529 4879 623 4933 ornate
638 4881 776 4938 relicatas
790 4898 878 4957 raca,
893 4883 976 4942 idest
1081 4896 1140 4948 Ara

149 4955 298 5030 quidquid
312 4957 380 5015 volo
390 4964 418 5017 et
432 4959 568 5021 desidero
583 4980 637 5038 per
651 4983 718 5024 eam
729 4969 817 5028 datur
831 4977 859 5030 et
872 4973 975 5047 imple-
1083 4981 1204 5039 semma

149 5047 205 5117 tur,
221 5051 250 5104 et
263 5063 323 5105 aaa
349 5051 511 5123 quidquam
540 5053 618 5112 cirea
640 5073 689 5115 me
703 5059 749 5116 rel
763 5060 802 5118 ad
825 5078 873 5118 me
888 5065 973 5137 perti-
1082 5067 1176 5125 llaian

147 5139 315 5211 nensqaod
322 5143 973 5219 nonpertitinetetproficiatProevorieatorcs
1082 5155 1219 5214 Heleielet

147 5231 245 5284 eutem
259 5227 357 5301 qualis
373 5229 443 5287 Saul
455 5229 716 5307 fuitqaaespinae
730 5240 972 5298 acclamarunt·
1081 5244 1182 5302 Helian

147 5317 381 5387 cersi,quoniam
396 5317 511 5392 indigni
522 5327 592 5380 sunt
603 5328 637 5381 ut
650 5331 848 5398 permaneant
857 5328 888 5385 in
898 5345 971 5400 agro
1079 5333 1176 5390 Helrai

147 5398 446 5473 Deiquiaspiaoenon
455 5411 972 5489 tolimaturmarathro,quiaintrecta-
1080 5421 1163 5478 Farai

146 5485 221 5543 biles
230 5495 299 5548 sunt
309 5497 337 5549 et
347 5509 401 5567 pcr
411 5497 605 5557 rebellionem
614 5508 754 5576 pungunt
765 5498 971 5576 tangentesdlt
1079 5508 1160 5580 igaal

146 5576 251 5648 siquis
266 5594 315 5640 ecs
328 5586 451 5654 tongere
467 5589 593 5648 voluere
608 5589 792 5668 increpando
818 5593 929 5655 scilieet
943 5599 971 5655 ct
1079 5597 1172 5658 Bonni
