3832 6044
151 136 203 201 255
317 140 529 199 nederusen
545 134 572 198 S.
590 141 738 198 vrcrottn
754 131 828 198 OPP.
845 136 933 198 Paris
949 137 969 196 l.
991 169 1025 180 -

1047 135 1249 194 EXEGETICA.
1264 166 1298 176 —
1319 133 1339 192 l.
1354 138 1388 192 IN
1405 132 1433 192 S.
1449 132 1674 192 scriptumst.
1801 134 1853 189 rm

151 282 241 340 grege
267 260 405 323 vanitatis
428 260 624 340 querentium
650 264 838 323 occasionem
863 264 1011 338 torporitt
1028 279 1090 319 non
1105 267 1149 318 θεῖ
1160 261 1241 319 aliud
1256 278 1350 333 genus
1364 248 1502 316 vanitatis
1513 248 1596 332 quod
1609 247 1739 315 inveniat
1750 267 1854 331 specu-

152 372 216 413 suo.
231 356 264 411 Et
275 355 496 429 reprehendunt
509 355 554 411 isti
570 357 737 426 operantes,
753 359 782 411 θῖ
795 355 881 429 quasi
897 354 974 411 solli-

1028 353 1103 409 lator
1118 351 1174 407 sub
1188 351 1258 408 sole.
1275 352 1343 408 ldeo
1358 350 1507 423 sequitur:

152 444 224 503 citos
243 460 366 515 arguere
380 444 525 511 videntur,
549 447 581 499 ut
606 443 663 517 ipsi
682 444 740 500 sint
760 444 903 502 dissoluti.
929 444 974 501 Sic
1065 441 1263 498 Constiterant
1287 440 1499 511 reperiebam
1523 437 1685 495 venitatem
1708 437 1761 492 sub
1783 438 1854 493 sole.

152 534 232 591 enim
246 532 360 589 vanitas
375 523 473 601 currit,
495 532 527 588 ut
536 547 693 606 nunquam
705 533 839 590 medium
852 533 975 590 limitem
1033 532 1114 588 Unus
1126 536 1178 602 est,
1190 536 1219 587 et
1236 530 1398 587 recaredum
1415 544 1474 585 nou
1491 527 1588 600 tabet,
1603 543 1663 583 con
1673 528 1781 598 filium,
1797 541 1854 582 nou

151 622 264 678 virtutis
279 621 418 678 inveniat.

186 710 226 767 Et
241 709 305 767 ideo
316 712 427 768 stultus
441 713 600 782 complicat
621 728 727 769 inacus
742 728 821 783 suus,
839 717 866 769 et
886 727 977 768 come·

1027 621 1167 692 fratrem,
1192 624 1220 677 et
1244 625 1342 676 tornea
1368 618 1506 674 laborare
1526 632 1586 673 uon
1607 622 1722 687 cessat,·
1743 631 1796 671 uec
1812 631 1857 671 su-

1031 711 1148 766 ticutm·
1170 709 1250 765 ocule
1263 712 1328 778 ejus
1348 706 1471 778 (livitus,
1496 717 1548 763 trec
1562 708 1716 778 recogitat,
1733 705 1832 760 diceus
1846 720 1858 759 .·

152 800 198 856 dit
210 814 315 857 cernes
327 815 406 868 suas,
430 802 530 858 diceus
543 818 555 858 .·
568 803 676 859 Melior
690 807 732 859 est
745 803 893 874 pugillus,
909 817 976 856 cum
1032 799 1090 854 Cui
1107 797 1262 872 laborari
1277 811 1332 852 cur
1350 796 1463 865 fraude
1478 797 1609 851 unimam
1633 809 1728 851 ercam
1749 789 1830 850 bouis
1845 797 1859 848 ‚⁹

152 890 263 962 requie,
285 905 374 963 quam
393 893 486 960 plenu
508 898 636 964 utroque
655 908 761 949 ritanus
776 907 842 948 cum
865 891 975 963 labore,
1032 886 1088 952 Qui
1115 885 1194 941 enirn
1215 901 1293 941 unus
1317 889 1370 953 est,
1392 889 1421 941 et
1439 883 1520 940 solus
1541 882 1634 940 alium
1655 897 1856 938 successorem

153 983 182 1036 et
193 979 358 1049 afflictione
365 982 468 1036 enicet.
481 981 644 1054 Complieat
657 981 762 1038 stultus
776 997 885 1036 manus
896 996 976 1037 suas.

155 1065 264 1123 Stultus
279 1067 359 1124 enim
372 1073 416 1124 θεῖ
434 1069 486 1142 qui
500 1069 556 1125 sibi
577 1069 669 1126 nescit
687 1069 843 1143 providere
858 1069 888 1125 in
911 1085 978 1142 pos-

153 1158 260 1214 terum.
277 1156 386 1213 Stultus
399 1161 443 1213 est
456 1158 508 1231 qui
519 1162 604 1229 putat
617 1174 725 1215 manus
744 1158 804 1215 otio
819 1157 978 1231 complica-

152 1248 199 1302 tas
213 1243 327 1319 impleri
352 1245 469 1302 divitiis.
487 1246 649 1319 Complieat
668 1263 776 1304 manus
801 1264 871 1304 suas
887 1266 894 1304 :
911 1246 979 1304 alte-

153 1332 269 1390 remed
283 1332 407 1390 alteram
421 1333 521 1406 plicat,
536 1349 573 1391 ne
598 1335 795 1392 extendantur
815 1336 854 1392 ad
875 1352 979 1409 opera-

154 1421 274 1478 tionem.
291 1421 455 1495 complicet
474 1439 583 1481 manus
598 1441 677 1492 suas,
703 1425 790 1498 quasi
804 1431 926 1499 pactum
938 1425 980 1482 ta-

153 1509 234 1568 ciens
247 1526 316 1566 cum
329 1510 485 1568 otiositate.
512 1515 545 1569 Et
562 1513 692 1570 comedit
705 1529 810 1570 carnes
824 1530 912 1570 suae.
926 1517 980 1570 Pu·

1031 991 1091 1031 non
1114 974 1214 1042 habet,
1236 989 1292 1030 nec
1315 972 1407 1029 filium
1424 972 1640 1048 quemgenuit,
1661 987 1715 1028 nee
1737 970 1857 1026 fratrem

1032 1081 1101 1121 cum
1126 1080 1187 1137 quo
1208 1063 1325 1135 genitus
1340 1067 1384 1118 est
1401 1061 1486 1135 ipse:
1506 1077 1579 1118 nam
1593 1061 1685 1135 patris
1707 1075 1858 1116 successor

1032 1156 1095 1230 ipse
1105 1159 1159 1211 est.
1176 1153 1231 1221 Oui
1245 1169 1317 1224 ergo
1332 1152 1498 1208 secundum
1513 1151 1686 1218 nonhabet,
1710 1165 1801 1223 quem
1815 1165 1858 1204 re-

1032 1244 1148 1318 linquat
1164 1247 1232 1318 post
1254 1258 1284 1298 se
1309 1257 1511 1299 successorem
1526 1241 1556 1297 in
1570 1240 1658 1296 bonis
1672 1240 1733 1295 suis
1750 1259 1756 1295 :
1772 1242 1800 1294 et
1820 1241 1860 1293 ta-

1032 1350 1101 1391 men
1130 1348 1311 1405 congregare
1335 1347 1396 1387 non
1424 1335 1528 1400 cessat,
1557 1347 1611 1388 uec
1639 1328 1798 1405 perfruitur
1825 1327 1860 1381 iis

1033 1439 1102 1496 qure
1117 1421 1268 1496 possidet;
1295 1420 1347 1477 sed
1362 1424 1459 1477 servat
1474 1435 1560 1476 avare
1579 1435 1646 1492 quae
1668 1416 1774 1490 cupide
1790 1431 1859 1472 cou-

1034 1511 1168 1583 gregavit
1183 1529 1189 1566 :
1205 1510 1277 1584 quid
1291 1511 1348 1566 hoc
1362 1509 1469 1566 vanius
1483 1525 1546 1565 esse
1563 1511 1659 1583 potest
1672 1508 1686 1563 ‘l
1700 1505 1755 1573 Qui
1779 1504 1860 1561 enirn

153 1603 195 1658 tet
209 1615 240 1654 se
254 1600 436 1673 corporisne
450 1616 567 1675 parere,
583 1603 654 1679 <pria
664 1602 736 1659 illud
750 1602 904 1660 laboribus
918 1618 980 1659 non
995 1620 1015 1674 g
1033 1601 1151 1658 laborat
1162 1605 1191 1657 et
1203 1599 1309 1656 fruitur
1319 1599 1421 1656 labore
1441 1615 1505 1666 suo,
1525 1598 1655 1671 aliquem
1669 1597 1799 1652 fructum
1814 1610 1861 1649 ea·

154 1687 268 1759 affligit,
293 1688 344 1745 sed
364 1688 432 1745 inde
456 1705 526 1748 earo
547 1692 612 1763 ejus
632 1695 760 1762 egestate
784 1691 978 1759 consumitur,
1035 1692 1078 1765 pit
1094 1711 1100 1760 ;
1117 1695 1145 1747 et
1158 1690 1211 1764 qui
1224 1689 1349 1755 laborat,
1364 1705 1419 1745 nec
1444 1689 1533 1745 utitur
1553 1687 1588 1744 iis
1602 1703 1670 1760 quae
1689 1686 1790 1742 labore
1806 1698 1861 1738 suo

154 1777 234 1835 unde
261 1779 320 1834 otio
344 1778 481 1836 nutritur.
506 1780 639 1837 Comedit
657 1797 762 1837 carnes
784 1797 863 1837 suas.
888 1780 982 1837 Pascit
1035 1780 1170 1854 acquirit,
1185 1785 1212 1837 et
1221 1785 1322 1836 tamen
1335 1779 1369 1834 iis
1383 1795 1460 1852 quos
1470 1777 1565 1848 diligit
1574 1775 1756 1850 possidenda
1771 1790 1806 1829 ea
1819 1789 1862 1828 re-

155 1866 235 1924 enim
247 1883 316 1923 cum
331 1867 452 1924 stultitia
474 1885 538 1937 sua,
554 1874 583 1927 et
599 1869 731 1926 otiositas
746 1886 801 1926 sua
814 1869 982 1942 impinguat
1034 1868 1151 1943 linquit,
1168 1867 1291 1941 aliquod
1314 1866 1550 1924 emolumentum
1572 1865 1651 1940 capit
1671 1864 1782 1920 laboris
1806 1862 1861 1930 sui,

155 1971 235 2014 eum.
251 1955 308 2013 Sed
329 1959 511 2014 tamencaro
526 1957 591 2029 ejus
605 1961 752 2031 quantum
766 1958 796 2014 in
818 1958 881 2014 utili
895 1974 981 2014 vaca·
1035 1957 1216 2015 desiderium
1233 1960 1262 2012 ct
1282 1960 1385 2013 votum
1399 1954 1564 2012 dilectionis
1584 1970 1655 2010 sure.
1672 1952 1809 2019 Quivero
1823 1950 1863 2007 la-

155 2044 233 2101 tione
247 2045 387 2118 pasoitur,
411 2049 528 2102 tautum
552 2047 743 2119 subsequenti
766 2047 865 2104 inedia
885 2062 982 2104 mace·
1036 2047 1132 2114 horat,
1148 2049 1185 2113 et,
1198 2061 1254 2101 nec
1270 2043 1335 2113 sibi,
1354 2060 1409 2101 nec
1424 2043 1482 2112 alii,
1499 2059 1591 2117 quem
1612 2042 1715 2113 diligit,
1730 2040 1861 2097 laborat:

154 2136 246 2190 ratur.
260 2132 329 2189 ldeo
358 2133 486 2190 comedit
512 2149 616 2191 earnes
639 2150 718 2201 suas,
734 2134 859 2192 dicens:
885 2135 983 2193 llelior
1036 2150 1129 2209 quare
1146 2133 1272 2202 laborat,
1290 2133 1346 2190 nisi
1370 2133 1425 2189 soli
1448 2131 1518 2188 vitio
1534 2148 1589 2189 suo
1611 2131 1659 2188 cui
1682 2131 1798 2187 seruit?
1817 2129 1864 2185 hic

155 2225 200 2277 est
213 2220 343 2293 pugillus
358 2238 428 2278 eum
440 2223 552 2296 requie,
567 2239 661 2296 quam
676 2224 765 2297 plena
779 2228 904 2297 utraque
919 2241 982 2280 ma·
1038 2224 1117 2281 enim
1132 2223 1186 2281 soli
1200 2223 1271 2279 vitio
1285 2223 1382 2289 servit,
1398 2227 1427 2278 et
1440 2237 1501 2277 non
1514 2226 1558 2277 est
1572 2221 1647 2277 alius
1661 2221 1793 2285 allectus,
1815 2217 1865 2293 qui

154 2325 213 2367 nus
234 2326 303 2367 cum
326 2310 438 2380 labore,
461 2315 490 2367 et
509 2311 666 2369 afflictione
688 2312 789 2370 animi.
808 2316 917 2370 Verum
940 2318 984 2369 θεῖ
1037 2317 1158 2370 excuset
1173 2310 1401 2368 sollicitudinem
1423 2326 1543 2377 vanam,
1565 2310 1611 2367 eui
1634 2308 1747 2380 ignosci
1762 2308 1864 2381 possit,

156 2398 239 2470 quod
261 2398 366 2456 melior
386 2404 431 2457 θεῖ
453 2400 583 2475 pugillus
605 2401 630 2457 si
650 2401 776 2459 deficere
795 2402 931 2471 nesciret,
956 2407 985 2458 et
1037 2401 1094 2458 nisi
1114 2402 1195 2457 solus
1210 2399 1257 2473 ille
1280 2415 1371 2472 quem
1385 2399 1490 2456 vitium
1509 2399 1619 2469 genuit.
1645 2398 1722 2456 Multi
1745 2395 1867 2452 suntla-

156 2487 269 2545 cunctis
295 2488 462 2546 benedictio
488 2490 586 2546 viduae
614 2493 784 2566 sareptanae
810 2491 880 2548 data
908 2495 986 2548 esset
1037 2491 1126 2547 bores
1140 2488 1308 2556 hominum,
1331 2488 1383 2561 qui
1407 2487 1510 2544 alienis
1531 2486 1747 2560 relinquuntur,
1764 2489 1865 2541 elnon

156 2576 218 2643 (ΙΙΙ
227 2577 298 2647 fleg.
322 2583 402 2643 xvu).
420 2578 478 2634 Sed
496 2595 557 2634 non
576 2579 615 2636 ad
636 2596 751 2636 omnes.
775 2580 851 2636 Elias
874 2581 983 2635 missus
1038 2579 1160 2652 capiunt
1172 2577 1301 2634 fructum
1317 2592 1352 2632 ex
1369 2576 1421 2644 θῖε,
1443 2576 1495 2649 qui
1519 2575 1631 2632 faciunt
1644 2574 1718 2631 illos.
1734 2577 1767 2630 Et
1780 2573 1865 2628 multi

156 2668 209 2719 est.
239 2665 336 2728 Quare
357 2680 429 2735 ergo
454 2664 539 2721 stulte
560 2666 634 2722 dicis
659 2667 812 2725 meliorem
836 2667 984 2741 pugillum
1038 2684 1159 2742 quoque
1178 2667 1209 2724 in
1236 2665 1380 2739 sapientia
1403 2665 1550 2733 laborant,
1579 2668 1608 2721 et
1631 2663 1702 2720 dant
1729 2677 1863 2735 operam,

156 2766 226 2807 oum
236 2751 348 2823 requie,
364 2767 458 2824 quam
473 2751 594 2824 plenam
604 2758 763 2828 utramque
778 2772 903 2813 manum
914 2773 983 2813 cum
1038 2762 1066 2814 et
1081 2756 1200 2813 student
1218 2755 1312 2812 multa
1327 2755 1409 2822 scire,
1426 2759 1455 2811 et
1475 2754 1573 2811 dicere
1587 2752 1725 2826 plurima,
1746 2757 1774 2807 et
1795 2750 1866 2806 scri-

154 2838 287 2897 labore?
320 2840 451 2896 Forsitan
482 2841 653 2898 consideras
683 2843 805 2915 quando
837 2844 983 2917 pugillum
1038 2850 1089 2920 pto
1104 2861 1192 2901 sensa
1213 2861 1267 2901 sua
1286 2843 1509 2912 commendant,
1535 2848 1567 2900 ut
1591 2842 1629 2899 ad
1639 2846 1773 2914 posteros
1788 2845 1866 2896 trau-

156 2926 260 2996 babeS,
288 2932 316 2984 et
352 2928 486 3001 requiem
521 2929 639 3000 babes3
678 2930 731 2987 sed
761 2947 823 2989 non
856 2933 1019 3025 attendisC
1039 2933 1229 3001 smittantur;
1253 2949 1308 2989 uec
1323 2931 1445 3004 capiunt
1458 2931 1587 2988 fructum
1601 2947 1636 2986 ex
1648 2929 1695 2985 bis
1712 2927 1864 2996 omuibus,

156 3015 281 3088 quando
295 3031 350 3071 nec
371 3016 471 3089 ipsum
490 3017 637 3089 pugillum
657 3018 794 3086 habebis,
819 3020 893 3092 quid
914 3025 983 3077 tuuc
1038 3027 1070 3077 ut
1097 3021 1204 3078 melius
1232 3021 1269 3079 sit
1289 3021 1370 3094 ipsis,
1396 3020 1448 3078 sed
1475 3021 1579 3077 inanes
1599 3023 1756 3076 remanent
1779 3035 1796 3074 a
1816 3034 1866 3073 ve-

156 3102 288 3160 facturus
303 3104 353 3172 sis,
370 3109 398 3161 et
412 3120 505 3179 quam
523 3105 657 3179 requiem
672 3110 742 3163 tune
758 3107 797 3162 sis
816 3108 983 3165 habiturus.
1038 3110 1122 3167 ritate
1137 3114 1165 3166 et
1179 3126 1198 3165 a
1218 3108 1375 3166 dulcedine
1400 3109 1551 3182 sapientire
1570 3107 1665 3164 vacui.
1694 3110 1727 3163 Et
1749 3106 1866 3162 vanitas

157 3192 226 3249 ldeo
245 3209 326 3250 nune
341 3194 473 3251 comedis
496 3194 644 3267 pugillum
666 3196 696 3251 in
717 3197 820 3270 requie
840 3200 868 3253 et
888 3196 985 3270 placet
1038 3204 1082 3255 θεῖ
1100 3199 1198 3257 omnis
1212 3199 1297 3255 labor
1317 3214 1431 3266 eorum,
1454 3197 1569 3254 etiamsi
1590 3197 1705 3254 veritati
1728 3196 1867 3269 approxi-

156 3281 209 3339 tibi
224 3283 416 3340 otiositastua
432 3303 439 3352 ;
454 3299 552 3356 neque
568 3300 655 3341 curas
670 3301 750 3342 nunc
765 3285 882 3342 interim
892 3285 984 3343 alium
1038 3304 1120 3345 mare
1134 3287 1279 3345 videatur.
1302 3287 1441 3344 Nesciunt
1457 3286 1537 3344 euim
1551 3286 1687 3343 homines
1711 3285 1866 3356 hujusmo-

157 3371 304 3445 pugillum
326 3389 458 3445 querere
486 3390 555 3430 cum
575 3374 689 3443 labore,
712 3391 804 3448 quem
831 3375 982 3442 comedas
1039 3376 1079 3445 di,
1097 3376 1144 3433 eui
1157 3376 1303 3444 laborent,
1317 3381 1346 3432 et
1359 3375 1498 3432 fraudent
1511 3375 1644 3431 animam
1660 3390 1746 3430 suam
1760 3372 1864 3440 bonis,

157 3475 228 3516 cum
243 3461 295 3516 iste
310 3460 458 3518 deiecerit.
474 3462 543 3518 ldco
557 3464 690 3520 comedis
701 3481 806 3521 earnes
816 3469 882 3521 tuas
893 3481 983 3533 nunc,
1039 3465 1119 3540 quia,
1147 3481 1217 3522 cum
1244 3465 1284 3521 ad
1311 3465 1406 3521 solam
1434 3465 1531 3536 operis
1558 3461 1795 3535 magnitudinem
1824 3462 1867 3517 in-

157 3548 229 3620 quia
247 3547 320 3620 ipsse
342 3549 529 3621 vapulabunt
556 3556 622 3623 post
648 3552 741 3608 otium
759 3554 815 3609 hoc
843 3554 985 3626 importu-
1039 3555 1171 3623 tendant,
1200 3554 1330 3611 fructum
1355 3570 1391 3610 ox
1419 3570 1454 3608 eo
1482 3569 1542 3609 non
1569 3551 1728 3625 capientes,
1756 3556 1785 3607 et
1809 3551 1866 3607 sibi

157 3652 242 3704 num,
259 3641 287 3693 et
307 3637 353 3693 sui
375 3639 575 3697 maceratione
594 3641 803 3712 postmodum
822 3641 983 3710 exsolvent,
1039 3659 1076 3699 ex
1099 3643 1148 3699 illo
1163 3643 1277 3700 nullam
1292 3642 1447 3698 utilitatem
1461 3642 1618 3714 provenire
1629 3640 1824 3712 conspiciunt,
1838 3645 1867 3695 et

158 3725 241 3798 quod
252 3726 370 3799 requies
384 3728 551 3785 inconsulta
562 3728 743 3801 expenderit.
760 3732 794 3786 Et
811 3729 885 3785 torte
899 3734 985 3802 putes
1038 3737 1139 3788 utrum
1153 3732 1217 3788 hacc
1231 3732 1297 3804 ipsa
1311 3731 1374 3787 aliis
1389 3735 1457 3804 post
1471 3747 1502 3787 se
1520 3730 1676 3803 protutura
1695 3730 1761 3798 sint,
1783 3729 1867 3801 igno-

158 3814 241 3887 quod
252 3830 333 3871 nunc
347 3815 450 3873 omnia
464 3832 574 3888 genera
588 3816 754 3874 vanitatum
771 3817 940 3887 dictasunt,
957 3823 985 3875 ct
1038 3824 1114 3877 rant.

1801 3998 1859 4014 ‘u-

359 4125 1045 4252 ADNOTATIUNCULAE
1105 4133 1665 4257 ELUCIDATORIAE

686 4427 744 4518 IN
784 4430 1040 4520 THRENOS
1079 4433 1339 4521 JEREMIAE

338 4606 540 4672 secuunun
561 4608 815 4676 uunrrrueuu
838 4611 988 4678 seusun
1008 4613 1058 4677 nr
1081 4615 1196 4681 runo
1218 4616 1423 4681 secuunuu
1445 4615 1682 4680 urrunnun

912 4808 1120 4825 w

194 4941 306 5012 (lausa
322 4941 514 5014 blovemite
527 4946 607 5003 sedet
620 4948 685 5004 solo
707 4951 810 5008 civitas
819 4955 913 5022 pleno
928 4969 981 5024 po·
994 4939 1017 4994 ὓ
1039 4958 1134 5010 ceret:
1152 4953 1348 5028 civitasque
1360 4954 1431 5011 olim
1444 4954 1475 5011 in
1490 4959 1622 5028 tempore
1637 4955 1741 5023 David,
1753 4960 1781 5012 et
1794 4955 1864 5011 alio·

154 5030 255 5099 puto?
268 5031 419 5096 Quantum
433 5033 471 5089 ad
489 5033 618 5092 litteram
633 5042 754 5109 spectat,
769 5040 984 5099 desolationem
1037 5043 1455 5117 rumbonorumregnumqui
1463 5044 1864 5118 beoplacueruntplenapo·

156 5119 320 5177 Jerusalem
338 5119 453 5193 plangit
470 5123 621 5193 ieremias,
638 5129 666 5181 et
680 5126 854 5186 admirantis
871 5130 918 5187 vel
932 5131 983 5187 do
1037 5132 1109 5204 pulo
1123 5132 1186 5202 tuit,
1203 5134 1342 5191 attendite
1357 5150 1450 5207 quare
1464 5150 1545 5190 nunc
1559 5133 1622 5190 sola
1635 5133 1787 5190 remansit.
1807 5136 1864 5189 Cur

157 5206 243 5264 lentis
255 5224 314 5265 vox
328 5215 373 5265 cst
388 5209 453 5267 ista.
470 5211 539 5268 ldeo
555 5217 656 5270 autem
668 5215 707 5271 ab
729 5215 925 5275 admiratione
941 5218 983 5275 in·
1037 5220 1118 5278 enim
1131 5222 1197 5290 nisi,
1213 5223 1284 5296 qnia
1304 5226 1397 5279 Deum
1412 5222 1622 5279 otteudertmt‘?
1641 5223 1740 5280 Solam
1762 5226 1863 5276 autem

157 5295 254 5363 ohoat,
274 5303 307 5354 ut
326 5298 562 5370 magnitudinem
584 5302 760 5360 calamitatis
777 5306 923 5376 ostendat,
947 5324 982 5364 ae
1036 5309 1115 5378 dicit,
1132 5311 1247 5367 horest
1263 5310 1438 5379 desolatam,
1463 5315 1584 5384 propter
1605 5310 1751 5384 populum
1769 5310 1863 5366 abdu-

157 5384 280 5481 perboo
295 5390 421 5445 attentos
435 5389 523 5448 faciat
537 5392 703 5449 auditores:
716 5398 748 5450 ut
761 5394 913 5468 inquibus
925 5396 983 5453 sint
1036 5402 1117 5455 ctum
1137 5398 1320 5471 captivatum
1341 5399 1371 5455 in
1394 5399 1586 5473 Babylonem.
1613 5399 1663 5456 Vel
1687 5400 1711 5455 si
1727 5399 1767 5454 ad
1781 5398 1862 5454 idem

156 5469 243 5526 matrs
256 5482 430 5545 agnoscant,
446 5479 526 5536 etad
541 5481 746 5552 poenitentiam
761 5488 979 5543 convertantur.
1036 5491 1154 5560 tempus
1168 5487 1320 5555 reseratur,
1338 5489 1427 5560 plena
1445 5488 1557 5562 populo
1569 5494 1622 5556 est,
1643 5494 1672 5545 et
1686 5493 1784 5544 tamen
1797 5486 1862 5542 sola

156 5559 314 5625 Quomodo
328 5563 481 5628 sedetsola
494 5568 596 5628 civitas
606 5570 835 5645 plenapopulot
845 5573 982 5647 quasidi-
1035 5575 1118 5633 sedet
1132 5595 1139 5645 ;
1155 5575 1226 5650 quia
1240 5579 1334 5638 Detuu
1348 5577 1511 5661 propitium
1523 5593 1585 5636 uon
1601 5577 1700 5645 habet,
1715 5574 1863 5648 quoniam
