3832 6044
18 63 27 76 ·
119 142 204 189 cixlit
772 115 867 175 HUGO
890 115 936 173 DE
955 113 987 173 S·
1004 98 1164 173 VICTORE.
1577 128 1581 145 ¹
1746 130 1828 175 miv

117 255 207 325 liupo
221 251 258 307 de
279 248 334 305 itae
346 247 457 304 mundo
469 247 501 303 ia
517 242 719 313 confessionne
733 255 856 298 summa
877 241 941 296 Tri·
959 242 1083 310 Aauem
1097 241 1161 295 itur
1172 238 1208 294 dc
1220 238 1299 294 dicto
1314 239 1447 295 elaustro
1457 237 1498 294 aei
1511 237 1662 294 ecetesiam
1677 237 1752 295 dicti
1759 241 1826 310 ioci,

11 373 14 379 .
118 324 221 391 nitatis
235 321 321 378 tertio
344 320 417 375 ldus
431 316 598 379 Februarii,
620 313 700 383 seria
722 328 761 378 ιιι,
778 313 853 369 liora
868 317 883 368 3
898 313 944 381 ip·
998 311 1051 368 ubi
1064 327 1130 368 cum
1145 310 1297 367 deuotione
1311 309 1380 365 vavi
1390 311 1452 365 Dea
1466 312 1494 365 et
1507 308 1545 365 B.
1568 309 1684 379 Virpini
1698 312 1787 382 arraei,
1802 312 1829 368 si

117 395 178 451 sius
192 393 261 460 diei,
276 392 377 462 bonus,
390 389 522 451 tremitis,
535 389 708 441 mansuetus
719 389 747 440 et
757 385 836 453 pius.
994 397 1053 452 per
1079 383 1186 438 merita
1207 388 1234 437 et
1258 382 1495 437 intercessionem
1516 381 1643 449 prefati
1663 383 1828 462 aurerandi

152 467 194 520 Ex
208 463 243 520 iis
258 466 358 519 autem
397 477 443 515 nm
459 455 592 526 liugonis
608 470 763 510 excessum
784 458 944 510 consecuta
998 455 1140 523 mapistri
1148 453 1285 522 placeret
1306 453 1397 507 uitam
1418 452 1606 521 protonoare
1629 451 1748 509 domiuo
1763 470 1826 511 mea

117 540 196 603 sunt,
215 477 447 590 memorantium
460 528 592 604 prolecto
606 530 650 582 cst
672 525 703 580 id
716 525 799 597 qaod
816 527 944 580 ioannes
996 527 1140 595 prefato,
1161 524 1338 579 otttationem
1357 537 1454 579 meam
1475 523 1537 580 Deo
1560 537 1597 579 ac
1610 523 1647 579 B.
1667 524 1827 583 Mariscae

115 604 223 680 Aquila
236 603 331 661 Caroli
345 599 450 657 Valesii
464 598 588 656 clericus
603 596 724 670 publico
748 595 944 653 instrumento
995 597 1130 666 praefato
1143 596 1288 665 mapistm
1298 594 1400 650 deuote
1414 593 1578 675 redderem,
1591 610 1657 650 eum
1671 596 1827 664 affectione

116 676 159 733 350
173 673 301 733 asseruit
315 691 322 729 :
962 681 967 689 ’
999 680 1059 737 qua
1069 681 1184 736 possem
1198 667 1254 722 liei
1264 666 1397 737 aratiam
1407 679 1443 720 ac
1457 665 1691 722 misericordiam
1703 680 1739 723 ae
1750 668 1826 725 Bea-

152 746 293 804 Omniius
303 737 944 814 Caristifideiiirusdoannesriquiiairremiiis
1000 741 1038 793 tce
1052 737 1177 808 cirpiais
1191 736 1300 793 Matris
1313 750 1376 792 suae
1398 733 1553 818 humiliter
1575 736 1782 810 internetione,
1798 746 1826 796 et

116 818 233 875 Chresti
243 831 346 873 sunus
356 820 498 871 uternam
509 817 540 868 m
554 812 679 867 Domino
696 812 832 867 satutem.
846 809 945 864 Omni·
997 808 1124 877 prefati
1137 807 1303 864 venerandi
1316 807 1456 877 maqistri
1476 813 1585 864 merita
1599 813 1627 865 ei
1641 809 1825 866 intercessio·

111 889 307 961 potentisliei
317 885 526 956 beneficiasuis
538 880 944 951 ciareimpensatidelibuset
998 893 1065 934 reem
1088 879 1162 935 dicti
1173 879 1321 948 mopiam,
1345 877 1389 948 (ut
1400 879 1450 948 pie
1473 879 1570 949 eredo)
1596 880 1676 950 quod
1690 880 1765 938 itera
1779 883 1826 938 uei

110 959 312 1032 prudentibus
321 958 414 1014 seruis
423 971 484 1012 non
503 959 573 1011 sunt
588 953 806 1016 abscondenda,
817 965 872 1006 nec
888 966 942 1019 po-
998 949 1086 1021 attasi
1099 950 1161 1005 coti
1172 951 1271 1006 emissi
1280 949 1433 1019 prefatus
1452 950 1589 1006 dominus
1604 966 1685 1008 meus
1725 967 1758 1008 cr
1770 953 1826 1009 Dei

113 1022 942 1094 nendasubmodiooirtioionis,sedsupercaudelabrum
997 1021 1129 1089 aratiam
1142 1021 1310 1091 croticaait,
1326 1025 1353 1076 et
1368 1020 1686 1090 desuainiirmitatea
1725 1039 1825 1080 ocan-

108 1100 357 1173 jupismemorie’,
367 1104 400 1155 ui
411 1100 530 1154 iaceant
540 1095 782 1167 omnibus,quiin
793 1093 879 1149 domo
889 1094 944 1148 Dei
998 1092 1104 1158 oaireit,
1120 1092 1200 1163 quad
1211 1106 1267 1161 per
1281 1093 1386 1162 atique
1409 1096 1543 1161 ternpore
1554 1097 1657 1161 postea
1673 1094 1761 1163 uicit,
1776 1110 1824 1151 uo-

114 1173 268 1231 canstituti
280 1177 361 1238 sunt,
376 1175 403 1226 et
418 1175 450 1224 at
463 1169 588 1238 posteris
598 1167 767 1235 cuempiam
772 1164 941 1234 praeeant,
997 1163 1077 1234 tique
1098 1164 1323 1232 promissionem
1350 1164 1443 1231 jacto
1472 1163 1700 1232 possibilitatem
1728 1180 1823 1222 meam

113 1243 245 1317 qualiter
259 1257 337 1299 unus
357 1242 461 1312 uisque
480 1241 627 1296 talentum
646 1237 703 1293 sibi
720 1237 865 1292 creditum
879 1242 941 1290 etu-
996 1234 1142 1303 compteri
1155 1248 1165 1290 :
1179 1249 1311 1291 narrans
1324 1234 1444 1290 cuidam
1465 1234 1501 1290 de
1511 1234 1661 1304 fratribus
1679 1236 1753 1292 dicti
1764 1253 1824 1295 nro·

113 1314 315 1370 deutliomino
347 1313 512 1382 uplicaturn
523 1314 686 1379 reportare.
698 1307 774 1375 Quia
784 1321 853 1362 vero
863 1307 942 1361 inter
995 1305 1122 1361 casterii
1134 1311 1163 1362 et
1181 1307 1378 1375 manifestans
1392 1305 1465 1387 quid
1479 1310 1551 1362 tuac
1564 1307 1743 1364 miraculose
1756 1323 1824 1364 corr-

113 1377 939 1452 ceeteraDeiieneiiciapniiri‘loanniAauiiusacerdoti,
996 1378 1106 1446 tiperat
1120 1377 1152 1432 iu
1171 1391 1302 1446 persana
1324 1377 1397 1434 dicu
1419 1376 1612 1434 domininici
1634 1377 1675 1435 ad
1687 1379 1744 1435 Dei
1758 1380 1823 1436 iacr-

114 1445 182 1512 iicet
191 1455 325 1527 indipno,
344 1454 487 1510 diuinitus
498 1453 641 1522 impensa,
653 1465 746 1505 aaran
761 1451 839 1506 Deus
850 1449 940 1503 omni·
995 1448 1061 1503 dem
1075 1454 1103 1505 et
1116 1449 1246 1518 pieriam
1259 1455 1285 1504 et
1297 1462 1354 1517 per
1367 1448 1474 1504 merita
1483 1448 1627 1517 praefata
1638 1455 1751 1507 sancite
1764 1466 1822 1507 me-

108 1531 370 1599 potenspersuam
383 1523 565 1594 ineffabilem
583 1522 768 1578 clementiam
783 1520 941 1576 concedere
994 1519 1098 1575 morire
1121 1519 1286 1575 venerandi
1298 1519 1339 1575 M.
1355 1520 1492 1589 Huponis
1507 1520 1544 1576 de
1556 1520 1668 1577 Sancto
1696 1522 1820 1578 Victore.

112 1597 334 1682 diprratussuit,
346 1608 406 1652 noa
416 1594 618 1661 musracritis,
630 1593 753 1648 seetsoia
765 1591 940 1661 dipnatione
959 1593 979 1647 li
993 1590 1033 1645 lit
1059 1590 1114 1646 icoc
1128 1590 1205 1646 idem
1228 1590 1364 1674 omnibus
1384 1590 1468 1672 notris
1490 1590 1753 1673 Cariati-fidelibus
1767 1609 1822 1662 per

111 1669 321 1726 misericordia
335 1682 406 1734 sua,
416 1666 588 1737 permerito
606 1669 633 1720 et
644 1664 881 1719 intercessionem
894 1676 938 1717 ce·
993 1662 1049 1717 icoc
1058 1676 1189 1731 praesens
1203 1666 1348 1731 scriptum
1369 1676 1454 1732 siano
1475 1677 1538 1719 meo
1559 1663 1657 1732 soleto,
1679 1679 1736 1735 quo
1755 1669 1822 1720 tan-

112 1738 202 1797 ieiris
220 1739 369 1797 memoria
382 1743 409 1794 et
428 1742 541 1794 sancta
552 1734 768 1792 recordationis
784 1732 941 1789 reuerendi
992 1747 1082 1804 auam
1089 1733 1230 1803 publicus
1244 1733 1424 1789 auctoritaie
1435 1734 1601 1802 apostatica
1614 1735 1748 1791 notarius
1769 1734 1822 1792 ira-

110 1811 152 1867 Μ.
163 1813 300 1884 Huponis
311 1811 347 1866 de
357 1809 466 1866 Sancto
486 1809 602 1863 Victore
612 1806 684 1862 oiim
701 1805 838 1861 canonici
854 1808 883 1859 et
896 1819 939 1858 so·
992 1808 1175 1859 etenususus
1185 1805 1244 1873 sui,
1259 1804 1405 1874 sipnifico,
1419 1808 1451 1858 ui
1466 1804 1622 1861 deuirtute
1634 1807 1665 1861 in
1680 1807 1821 1863 uirtutem

112 1883 225 1938 lammis
247 1881 388 1952 mapistri
404 1893 500 1935 saera
522 1878 686 1948 tireoiopia,
707 1878 739 1931 ia
758 1876 938 1931 monasterio
992 1875 1066 1932 etde
1082 1875 1197 1930 ionoin
1210 1876 1316 1932 metius
1329 1889 1444 1944 semper
1453 1890 1519 1932 cum
1532 1877 1588 1932 Dei
1601 1877 1755 1946 adjutorio
1767 1893 1821 1946 pa-

110 1953 218 2009 Soncti
237 1952 362 2008 Victoris
370 1949 558 2006 Parisiensis.
567 1949 624 2016 Qui
631 1949 699 2003 iicet
704 1960 939 2017 persacrosane·
992 1946 1068 2002 riter
1078 1947 1221 2016 proficere
1232 1947 1413 2002 studeamus.
1427 1946 1505 2004 Acta
1528 1953 1599 2004 suut
1614 1949 1677 2005 truc
1690 1949 1820 2005 Parisiis

111 2027 173 2079 tom
188 2027 314 2079 matrem
324 2021 501 2092 Ecclesiam,
512 2025 684 2076 sanctorum
698 2019 835 2089 cataiopo
847 2017 938 2073 ascri·
992 2031 1072 2073 anno
1083 2022 1111 2073 et
1124 2031 1223 2074 mense
1232 2017 1396 2087 predictis.
1409 2018 1475 2089 Epo
1493 2019 1623 2076 ioannes
1636 2020 1749 2090 Aquita
1764 2021 1821 2076 cic-

109 2099 179 2163 ptus
189 2091 790 2165 nonsuerit,ideoquenanoueieamipsum
797 2103 939 2158 praesum-
992 2090 1073 2144 ricus
1095 2088 1295 2146 Xantonensis
1308 2089 1446 2158 pulsitans
1460 2092 1641 2148 auctoritate
1655 2092 1822 2160 apostoliea

108 2169 214 2234 ptuosc
225 2165 353 2246 propria
368 2165 534 2220 temeritate
547 2161 703 2232 appellare
717 2161 763 2217 uei
782 2161 939 2215 nominare
992 2160 1139 2231 notarius,
1156 2159 1226 2216 iruic
1240 2161 1401 2228 scriptura
1422 2163 1575 2229 prasenti,
1589 2163 1716 2232 propria
1726 2176 1820 2219 manu

109 2241 258 2307 sanctum,
273 2235 366 2306 ipsius
390 2240 489 2291 tamen
503 2234 623 2303 scriptis
644 2231 834 2301 authenticis,
849 2231 937 2301 pestis
992 2231 1119 2301 apposui
1129 2231 1247 2302 siquam
1257 2232 1483 2288 meumsoiitum
1493 2233 1732 2291 intestimonium
1739 2249 1821 2303 pree-

111 2306 325 2377 toadoottions,
347 2307 517 2377 sanctisque
539 2304 686 2375 operibus,
708 2303 814 2386 quitus
828 2302 860 2356 in
875 2302 937 2359 uita
991 2303 1157 2358 missorum.

108 2392 165 2434 sua
177 2378 280 2447 tioruit
295 2383 323 2434 et
346 2376 509 2433 sairrariter
529 2375 738 2445 fructificavit,
765 2373 938 2444 caterisque
1026 2373 1088 2429 Hoc
1103 2376 1203 2430 auum
1224 2372 1414 2442 miraculum,
1435 2389 1497 2447 quo
1519 2375 1740 2434 tenutissimum
1754 2391 1820 2434 esse

108 2449 224 2505 meritis
237 2449 299 2505 suis
311 2447 506 2519 eminentibus,
516 2446 569 2516 pie
582 2445 670 2502 eredo
681 2446 779 2515 ipsum
789 2445 869 2500 inter
882 2458 938 2500 coe-
991 2442 1124 2514 Hugonis
1139 2444 1368 2501 ametimoniam
1387 2445 1479 2502 voluit
1501 2448 1588 2515 Deus,
1603 2447 1634 2504 in
1647 2462 1741 2505 causa
1751 2448 1817 2522 init,

109 2524 186 2576 ieros
200 2519 299 2577 beatos
313 2533 373 2576 esse
386 2519 491 2590 mapni
502 2518 603 2574 meriti
620 2515 703 2587 apud
716 2517 820 2572 Deiera.
836 2515 886 2585 Et,
900 2531 938 2571 ne
991 2531 1044 2570 cur
1057 2519 1163 2588 postea
1173 2531 1281 2589 corpus
1293 2515 1394 2573 illiuse
1407 2517 1536 2574 elaustro
1546 2532 1624 2590 pone
1636 2520 1736 2591 majus
1748 2519 1820 2576 alta-

108 2589 145 2646 cie
158 2589 331 2661 aidusmodi
343 2590 551 2646 taciturnitate
563 2589 609 2644 uei
622 2587 840 2657 inprotiiudine
855 2586 936 2642 bene·
990 2601 1021 2642 re
1040 2586 1257 2654 transferretur,
1269 2587 1322 2643 ubi
1337 2587 1485 2661 hodieque
1499 2588 1529 2646 in
1549 2590 1690 2646 eminenti
1703 2591 1819 2647 tumulo

96 2661 172 2728 ficii
183 2661 259 2717 milri
271 2660 358 2716 aDeo
368 2660 547 2715 miracuioee
560 2658 829 2728 eaiiatiperipsius
848 2658 936 2713 Vene-
990 2657 1145 2714 eonditum
1156 2657 1371 2714 visitaturoum
1381 2657 1487 2729 elogio,
1498 2661 1582 2741 quod
1592 2660 1687 2718 abbas
1703 2661 1819 2718 Guiilel·

109 2731 256 2787 renititis.
270 2731 420 2803 Huponis,
437 2735 464 2786 et
480 2731 532 2800 pie
549 2729 647 2797 eredo,
661 2729 779 2799 merita,
793 2728 935 2797 offensam
989 2743 1058 2784 mus
1080 2730 1218 2785 asancto
1238 2729 1422 2787 Lauriacum
1466 2735 1532 2786 siut.
1554 2735 1596 2788 Ex
1629 2747 1669 2789 uo
1683 2735 1818 2807 tempore

107 2802 164 2858 Dei
176 2807 296 2858 etsuam
307 2801 464 2857 incurrere
471 2799 580 2870 possm
590 2799 680 2873 (quod
689 2799 765 2855 alsit
776 2800 797 2871 t)
807 2800 935 2855 miracu·
989 2798 1135 2871 coepithic
1147 2798 1280 2855 tumulus
1292 2799 1384 2873 paulo
1396 2817 1428 2857 re
1439 2801 1564 2873 igiosius
1580 2803 1620 2859 hu
1643 2802 1695 2861 eri.
1706 2807 1738 2860 tn
1752 2804 1818 2877 qui·

110 2874 171 2930 tum
186 2872 346 2945 quoddam,
361 2876 507 2944 quotenus
522 2871 558 2927 de
570 2871 654 2941 sacto
673 2870 792 2937 aeddit,
806 2870 883 2925 daei
896 2876 935 2926 te·
988 2869 1119 2937 busdam
1133 2870 1214 2926 enim
1226 2870 1309 2926 testis
1321 2871 1467 2928 diaconus
1481 2873 1534 2946 qui
1543 2873 1651 2946 majori
1664 2890 1763 2931 mrssae
1774 2875 1819 2931 in-

108 2945 381 3014 norepreesentium
388 2941 585 3013 prasentiirus
600 2947 627 2999 et
634 2942 762 3012 posteris
767 2940 934 3011 pubiicum.
955 2944 975 3001 C
991 2941 1087 3011 servit,
1103 2940 1194 2998 attare
1208 2941 1289 2998 Beati
1309 2943 1441 3015 Dyonisii
1455 2947 1484 2999 et
1498 2945 1648 3001 tumulum
1663 2945 1817 3016 Regiualdi

107 3013 196 3070 Anno
209 3014 353 3088 siquidem
364 3013 487 3070 Domini
505 3013 662 3069 millesimo
682 3012 882 3070 trecentesimo
895 3013 936 3068 oi·
989 3010 1163 3068 parisiensis
1181 3013 1313 3086 episcopi
1326 3014 1495 3084 etHugonis
1510 3016 1603 3072 nostri
1616 3016 1739 3073 incenso
1751 3017 1818 3073 thu-

108 3086 213 3143 eesimo
227 3086 341 3158 quinto,
351 3084 550 3154 merendune,
560 3085 640 3140 circa
649 3084 757 3154 festum
773 3084 936 3140 beatutid—
989 3098 1021 3138 re
1036 3081 1169 3139 suffitum
1183 3083 1273 3140 vadit.
1291 3087 1445 3155 Craterum,
1459 3085 1574 3143 celebre
1595 3086 1667 3143 tanti
1687 3087 1818 3145 doctoris

107 3156 367 3228 riuldopdaienee,
381 3155 935 3228 praur'sinfirmitosinuasitdominum
989 3168 1100 3210 nomen
1125 3154 1250 3211 forsitan
1267 3154 1364 3212 elteeit
1388 3161 1421 3212 ut
1447 3157 1583 3213 canonici
1609 3158 1761 3228 regulares
1787 3162 1816 3216 S.

107 3228 252 3285 Ceratum
264 3229 398 3284 comitem
426 3228 544 3296 Vatesii,
558 3226 710 3282 dominum
724 3240 832 3296 meum,
848 3229 934 3296 cujus
988 3225 1110 3281 ioannis
1126 3225 1156 3281 in
1172 3229 1314 3283 laterano
1329 3243 1418 3283 suum
1431 3243 1495 3284 esse
1510 3229 1667 3298 Hugonem
1682 3229 1815 3286 vendita·

106 3298 249 3371 obsequiis
259 3299 429 3356 insistebam
437 3314 448 3353 .·
456 3313 582 3370 cunique
591 3299 627 3354 eie
637 3299 729 3367 ipsius
739 3299 812 3363 trita,
824 3298 871 3353 cei
881 3296 935 3352 iru-
989 3297 1055 3362 rint,
1078 3296 1132 3352 sed
1147 3297 1177 3353 id
1193 3303 1253 3354 tam
1269 3299 1403 3371 imperite
1418 3303 1563 3375 tentatum
1581 3304 1626 3356 est
1639 3315 1658 3356 a
1672 3301 1815 3358 Garzonio

99 3370 237 3440 jusmodi
248 3371 434 3438 infirmitatis
449 3372 584 3426 evasione
596 3368 935 3439 desperareturamerii·
989 3369 1180 3425 Laterunensi
1207 3369 1361 3438 canonico,
1384 3373 1416 3426 ut
1439 3387 1494 3427 sua
1511 3375 1615 3444 sponte
1635 3372 1678 3428 rei
1701 3372 1816 3429 salsitas

105 3440 212 3512 cis,ad
224 3441 280 3497 Dei
301 3441 510 3510 omnipotentis
530 3440 764 3496 misericordiam
780 3443 935 3496 etsaneio
988 3438 1121 3495 dissiliat.
1138 3440 1561 3514 lnHugonisenimoperibus
1619 3446 1814 3500 oeannotiiit

104 3526 174 3567 rum
187 3510 335 3580 ueffraoia
349 3511 426 3566 duci
434 3509 597 3567 sairrariter
608 3510 832 3575 recurrendum,
845 3516 935 3579 etper
987 3510 1114 3567 venetiis
1126 3509 1258 3584 imprimi
1271 3511 1385 3568 curavit
1403 3512 1573 3581 Garzonius,
1606 3514 1818 3586 anomoeistri

106 3583 171 3639 ioca
186 3581 327 3651 rettprosa
341 3586 369 3636 et
384 3581 558 3650 eoiicpiatas
572 3581 710 3637 ecciesiae
723 3581 862 3637 Parisios
875 3582 934 3636 dis·
987 3582 1126 3653 [inponis
1135 3583 1172 3639 de
1182 3583 1292 3639 Sancto
1313 3584 1430 3640 Victore
1446 3586 1586 3642 canonici
1595 3587 1745 3656 reputaris
1759 3587 1817 3643 La-

104 3666 239 3719 currens,
254 3651 359 3707 missas
378 3651 414 3707 cie
435 3650 551 3734 Spiritu
572 3656 675 3708 sancto
690 3656 720 3706 et
742 3652 806 3708 aiia
825 3652 933 3707 oratio-
988 3655 1152 3710 teranensis
1165 3653 1269 3725 epigra
1291 3655 1350 3710 hen
1365 3653 1491 3726 singulis
1505 3656 1678 3714 ructatibus
1687 3661 1717 3714 et
1729 3656 1814 3714 libris

103 3737 176 3778 nam
189 3737 224 3778 su
250 3723 348 3793 rapio,
358 3722 528 3793 supplicavi
538 3737 596 3791 pro
611 3722 709 3778 eodem
723 3723 828 3778 comite
838 3723 933 3778 leumi-
987 3722 1112 3795 prutixit
1126 3739 1187 3798 quo
1204 3670 1290 3780 nihii)
1297 3723 1402 3782 falsius
1421 3731 1476 3795 est,
1500 3732 1553 3784 aut
1570 3743 1589 3784 a
1611 3727 1713 3802 prisea
1726 3728 1816 3786 tradi·

104 3794 219 3850 literae
249 3792 341 3849 brari.
354 3792 488 3865 Cretaque
499 3792 530 3848 in
547 3792 721 3876 indusrnodi
727 3794 932 3863 prosenatone
986 3794 1065 3850 tione
1086 3794 1221 3851 alienius.
1248 3798 1346 3866 longe
1360 3796 1444 3855 aliter
1472 3812 1504 3854 se
1524 3796 1617 3856 habet
1639 3798 1815 3857 Perisiensis

99 3865 249 3936 propositi
256 3863 465 3935 discurrerem,
478 3864 601 3935 contipet
613 3863 706 3920 meod
717 3865 931 3922 monasterium
985 3864 1085 3934 editio,
1099 3882 1168 3949 quae
1182 3881 1263 3923 anuo
1286 3872 1353 3924 litii
1379 3872 1519 3926 accurata
1532 3874 1578 3927 est
1593 3887 1600 3939 ;
1616 3869 1647 3927 in
1660 3870 1718 3928 hac
1732 3870 1814 3929 enim

101 3936 210 3992 Sancti
222 3934 347 3990 Victoris
364 3935 752 4005 Porisiensispersonaiiter
762 3937 929 4006 peruenire,
985 3936 1061 3992 sicut
1074 3941 1103 3993 et
1113 3953 1145 3994 ιιι
1158 3937 1368 4012 manuscriptis
1393 3939 1626 4014 exemplaribus,
1642 3941 1722 3998 unde
1766 3958 1814 3999 ro·

102 4008 189 4076 cujres
200 4006 364 4062 claustrum
378 4006 559 4078 inpediens,
580 4007 691 4064 reduci
703 4006 930 4065 admemoriam
984 4007 1038 4064 diii
1050 4009 1261 4066 Lateranensis
1277 4025 1389 4067 nomen
1399 4025 1454 4068 nec
1463 4010 1570 4082 legitur
1579 4012 1700 4083 neelegi
1711 3958 1811 4080 deliret,

100 4078 214 4147 scripta
229 4075 415 4147 authentica,
431 4082 458 4133 et
470 4083 553 4149 aesta
569 4077 747 4145 laudabilia,
764 4083 931 4150 ceteraque
983 4079 1067 4152 quod
1081 4084 1110 4137 et
1132 4080 1305 4151 Necrologie
1327 4082 1425 4139 Sancti
1439 4082 1561 4140 Victoris
1583 4088 1612 4140 et
1624 4084 1725 4158 plures
1739 4084 1813 4144 auti-

99 4152 207 4204 soncta
220 4161 312 4217 opera
324 4148 482 4218 fructuosa
498 4148 625 4219 prefati
643 4154 756 4206 sancta
779 4151 929 4207 memoria
983 4149 1036 4223 qui
1050 4150 1206 4225 scriptores
1220 4152 1409 4222 confirmant,
1425 4153 1567 4227 aquibus
1583 4155 1669 4226 Hugo
1686 4171 1748 4212 non
1761 4158 1811 4211 La·

100 4218 266 4276 venerandi
279 4220 426 4290 mapistri,
449 4221 489 4275 ad
511 4235 600 4291 quarn
619 4219 707 4276 ducit
730 4234 776 4276 me
798 4221 928 4290 ejusdem
983 4222 1148 4278 teranensis
1174 4223 1347 4294 eanonicus,
1375 4225 1428 4281 sed
1449 4224 1624 4283 parisiensis
1649 4227 1688 4283 de
1703 4229 1811 4285 Sancto

100 4290 271 4358 canonicus,
289 4291 444 4348 ostendeus
454 4290 530 4347 mitri
540 4305 632 4348 unam
644 4306 773 4362 paream
790 4297 818 4347 et
832 4291 927 4348 iumi-
981 4293 1095 4350 Victore
1108 4298 1311 4367 nuncupatur.

101 4362 157 4419 iem
173 4361 304 4420 tumbam
325 4363 484 4434 iapideam,
507 4377 573 4435 quc
591 4368 633 4420 est
656 4363 687 4419 in
713 4363 864 4434 inpressu·
870 4378 929 4434 per

1073 4558 1808 4573 ——a——nn-a—*n—-flm--b—-n-—n-

352 4677 703 4803 VETERUM
728 4678 1066 4827 erratui·
1089 4684 1552 4809 SCRIPTORUM

629 4897 675 4952 ne
691 4897 833 4955 eunoun
851 4899 1038 4958 ιιιιοιιιιο
1057 4901 1274 4960 resrmoum.
1384 4873 1386 4878 ’

148 5169 358 5247 Necroiopium
376 5176 484 5234 Sancti
500 5176 627 5236 Victoris
644 5172 824 5237 Parisiensis
837 5196 867 5236 111
938 5177 963 5237 Α
976 5171 1073 5311 possit
1084 5177 1296 5258 comparabilis
1307 5179 1434 5240 inveniri
1449 5200 1456 5240 :
1470 5181 1554 5257 quod
1566 5180 1635 5239 iibri
1649 5181 1716 5265 ejus
1729 5196 1807 5256 quos

988 5271 998 5309 l

423 5250 496 5306 Idus
510 5251 597 5307 Febr.
999 5253 1025 5310 io
1049 5255 1132 5327 apud
1153 5271 1209 5312 nos
1232 5254 1362 5324 dietavit,
1386 5254 1433 5311 elo
1477 5255 1566 5323 entia,
1592 5254 1808 5322 subtilitatum

130 5315 374 5398 anniuersarium
388 5321 444 5401 pire
460 5322 611 5377 memoriae
629 5324 663 5378 lt.
678 5321 824 5392 lingonis,
838 5323 889 5395 qui
905 5341 924 5380 a
978 5326 1193 5382 sententiarum
1217 5326 1398 5382 sublimitate
1412 5325 1443 5381 tu
1457 5331 1559 5393 gentes
1577 5326 1751 5381 mirabiliter
1766 5327 1807 5378 te-

96 5397 238 5464 ptttuauo
250 5395 414 5468 Jurerrtutrs
429 5410 490 5448 suar
504 5392 576 5449 flore
589 5392 620 5447 in
634 5392 691 5447 hair
712 5392 804 5450 domo
820 5400 924 5451 nostra
978 5401 1094 5453 stantun
1106 5417 1112 5454 :
1122 5398 1228 5471 dequo
1238 5397 1345 5454 ctillud
1354 5398 1520 5471 specialiter
1529 5397 1681 5454 memoria
1691 5395 1806 5452 tradere

96 5457 213 5510 semriro
235 5459 285 5513 lter
312 5461 444 5533 seipsum
465 5463 594 5531 trudens,
613 5463 742 5519 celestis
769 5466 923 5538 sapientior
976 5468 1129 5538 volumus,
1139 5470 1221 5543 quod
1230 5469 1308 5525 ireuti
1316 5468 1438 5525 Victoris
1449 5468 1591 5543 reliquias
1600 5468 1694 5526 inulto
1703 5467 1805 5522 labore

95 5521 211 5605 donum
226 5528 341 5613 cuitus
352 5533 410 5590 silri
422 5534 599 5615 datumtuiu
613 5534 788 5595 excellenter
797 5538 921 5611 aceepit,
999 5540 1129 5609 nesius,
1145 5541 1241 5599 multa
1264 5539 1435 5597 difficultate
1457 5540 1640 5614 impetratas,
1672 5539 1712 5596 ab
1728 5538 1805 5621 irriso

95 5597 128 5650 ut
141 5609 172 5650 ιιι
186 5600 248 5656 tota
274 5603 376 5661 Latina
403 5605 532 5664 Ecclesia
545 5605 645 5663 nullus
671 5606 698 5663 ei
723 5607 753 5665 in
778 5609 923 5683 sapientia
976 5556 1104 5671 ffiussrlia
1116 5611 1198 5689 apud
1221 5628 1277 5669 nos
1297 5609 1419 5679 detulii3
1442 5614 1472 5670 et
1485 5615 1547 5669 iam
1564 5609 1757 5668 desiderabili
1777 5613 1805 5666 et
