3832 6044
165 101 215 161 323
324 48 1709 187 budoanensv1eronaoee.ruast.-ataaartert.51.1nssearrraaau.
1820 97 1871 153 324

132 187 133 191 ¹
163 226 228 283 tum
242 226 285 277 cst
296 220 334 277 ad
348 222 656 290 Joclfibumrbotucl,
668 218 782 295 aliquid
793 218 831 275 ad
841 216 993 305 perfectio·
1011 220 1035 277 t
1084 216 1245 288 allegorice
1264 232 1334 273 roro
1348 217 1385 272 de
1397 217 1602 291 persecutione
1625 216 1756 291 loquitur
1778 217 1873 274 Eccle-

163 326 234 368 nem
250 325 355 367 sensns
370 310 654 381 subintelligendum
670 312 714 365 est
726 306 773 364 rel
783 307 822 364 ita
837 326 843 364 ε
866 309 925 364 lloc
949 311 993 363 est
1048 306 1098 363 sire
1111 306 1266 378 generalis,
1283 323 1350 383 quae
1374 306 1557 382 quadrifaria
1577 307 1683 378 legitur
1700 327 1706 363 :
1730 306 1802 381 quia
1816 306 1874 381 pri-

122 437 125 443 ι
163 401 300 467 verbum,
316 399 399 473 quod
414 398 526 455 factum
544 403 607 466 est3
623 398 669 457 rol
683 398 744 455 ita:
763 396 892 454 Verbum
907 396 991 471 quod
1046 412 1096 453 mo
1111 397 1150 454 ab
1163 395 1337 467 idololatris,
1354 397 1487 477 secundo
1508 397 1547 454 ab
1566 395 1723 464 lraercticis,
1745 395 1874 452 tertioa

163 489 275 547 factum
286 488 401 546 estheec
418 487 475 544 alia
487 487 624 546 ostendit.
643 487 802 562 Sequitur:

198 580 308 639 Audite
323 579 498 653 breqserres,
525 584 553 636 et
575 579 699 637 oar-ibas
712 577 870 651 percipite,
892 594 990 635 orarres

164 668 346 727 habitatores
365 673 453 727 terra
467 684 478 725 .·
502 670 530 725 si
548 669 666 741 sactrou
680 674 722 726 est
745 669 826 725 istud
838 669 868 723 ia
890 667 991 725 diebus

162 760 276 833 uestras,
286 764 339 817 oet
354 759 385 815 ia
393 758 494 816 dietas
503 764 629 830 potrrau
641 764 817 817 aestrorum.
828 758 926 828 Sceper
936 756 991 814 boc

162 853 286 907 uarrote
308 849 380 919 fitia
404 851 518 919 vestris,
534 853 561 906 et
587 848 648 919 biii
667 850 760 907 rastri
779 849 851 917 btiis
875 848 946 916 sais,
962 852 990 904 et

83 926 86 930 ⁴
164 939 223 1010 filii
245 955 347 996 eoram
370 939 558 1010 generationi
582 940 682 996 atteri.
712 941 754 995 Ex
782 935 988 1008 magnitudine

160 1031 292 1085 venturae
306 1027 481 1085 calamitatis
496 1027 526 1084 in
541 1031 694 1102 stuporem
717 1027 838 1084 rcrtitm
859 1025 989 1083 admira·

155 1115 259 1174 'honis
274 1119 315 1173 Ne
329 1132 401 1173 vero
415 1116 567 1193 vilipenda
586 1117 753 1186 videantur,
783 1115 989 1174 auctoritatem

161 1221 268 1262 senum
279 1210 434 1274 convocat,
459 1222 497 1263 ue
518 1206 603 1280 parri
626 1205 779 1276 momenti,
804 1206 851 1263 vel
879 1204 986 1276 exigui,

160 1294 342 1353 habitatores
358 1300 441 1353 terrae
455 1294 571 1366 excitat,
597 1295 718 1352 dicens:
745 1296 861 1365 Audito,
892 1311 987 1364 senes,

161 1389 215 1443 etc.
239 1385 389 1460 Sapientia
413 1402 519 1443 senum
543 1387 747 1444 auctoritatem
773 1385 987 1455 admirationis,

1045 487 1329 560 pseudochristianis
1357 489 1534 560 impugnata
1560 485 1661 551 fnisse,
1690 489 1798 559 quarto
1834 485 1872 542 ab

1045 576 1222 634 Antichristo
1245 578 1454 651 impugnanda
1474 576 1590 649 legitur.
1616 575 1702 642 Quod
1722 578 1784 631 Joel
1806 591 1873 649 pro-

1045 666 1162 740 phetico
1173 666 1342 741 praevidens
1353 667 1450 736 oculo,
1466 684 1528 741 pne
1542 665 1749 737 magnitudine
1773 681 1872 740 perse

1046 755 1181 824 cationis,
1199 771 1284 812 senes
1299 759 1327 813 et
1340 755 1522 814 habitatores
1539 760 1622 813 terne
1635 756 1667 812 iu
1689 756 1871 812 consortium

1045 849 1133 902 vocat
1146 844 1361 903 admirationis.
1373 850 1413 902 Ac
1428 845 1452 902 si
1466 845 1577 902 diceret
1593 848 1739 902 :Ventura
1754 860 1871 920 sponsae

1047 934 1152 993 Christi
1167 933 1328 992 infortunia
1346 935 1444 1002 rideo,
1467 934 1650 993 calamitates
1675 934 1800 1002 intucor,
1823 952 1872 991 ra-

1043 1024 1104 1081 rios
1118 1023 1237 1081 labores
1251 1024 1345 1098 ipsius
1358 1024 1508 1100 prospicio
1524 1044 1530 1082 :
1544 1026 1597 1082 sed
1612 1025 1789 1100 sapientiam
1814 1024 1870 1099 spi-

1044 1113 1205 1183 ritualium,
1230 1113 1457 1172 sollicitudinem
1472 1131 1594 1190 quoquc
1613 1116 1779 1174 carnalium
1803 1131 1871 1173 con-

1047 1208 1144 1272 testor,
1162 1203 1309 1261 utaudita
1336 1220 1389 1279 per
1413 1205 1632 1262 successionem
1660 1206 1690 1262 iu
1718 1209 1870 1280 posterum

1044 1293 1250 1351 transfundat:
1267 1309 1425 1368 quousque
1440 1299 1542 1366 surgat
1557 1311 1664 1352 aurora
1677 1294 1807 1364 dccoelo,
1823 1312 1870 1351 re-

1044 1382 1188 1454 niatbgni
1203 1398 1324 1456 sponsa,
1334 1384 1614 1457 pulluletEcclesia:
1634 1390 1667 1443 ut
1680 1389 1781 1444 nostro
1795 1389 1870 1459 pree-

162 1472 330 1532 sollieitudo
344 1474 548 1533 habitatorum
562 1475 654 1533 fidem
669 1476 720 1532 dat
734 1475 857 1550 stupori,
881 1475 990 1534 scilicet
1045 1472 1161 1530 munita
1175 1472 1297 1530 oraculo
1324 1473 1419 1530 solida
1438 1479 1579 1533 maneat:
1605 1491 1642 1531 nc
1666 1474 1790 1532 rivalem
1814 1490 1869 1548 pro

160 1566 193 1622 ut
206 1563 243 1620 de
257 1569 386 1622 venturo
400 1562 562 1623 infortunio
585 1565 709 1623 minime
729 1570 820 1639 queat
833 1564 964 1622 dubitari
980 1583 986 1620 :
1008 1579 1028 1635 B
1043 1561 1150 1619 marito
1165 1561 1296 1636 recipiat,
1314 1579 1351 1619 ne
1363 1563 1469 1620 florem
1478 1563 1540 1620 sine
1552 1564 1656 1633 fructu,
1668 1569 1820 1621 monetam
1833 1563 1869 1618 si-

160 1652 208 1710 cui
218 1653 379 1712 auctoritas
395 1654 585 1729 sapientium,
611 1660 640 1712 et
664 1655 830 1712 sollicitudo
854 1654 988 1728 plebirun
1044 1667 1081 1708 ne
1097 1656 1230 1722 argento,
1246 1650 1435 1726 manipulum
1451 1652 1514 1709 sine
1533 1669 1636 1725 grano,
1651 1653 1790 1709 umbram
1805 1652 1868 1708 sinc

160 1755 215 1816 pro
229 1747 309 1801 certo
324 1742 443 1818 publice
458 1743 574 1801 videtur
590 1743 729 1801 attestari.
748 1743 895 1817 Sequittu‘,
920 1760 987 1817 par·
1043 1756 1177 1814 corpore,
1192 1741 1317 1815 decepta
1329 1741 1426 1813 eligat.
1442 1745 1496 1799 Per
1515 1758 1637 1800 erucam
1656 1742 1791 1811 designat
1806 1741 1869 1798 ido·

160 1833 203 1890 tes
217 1832 387 1907 exprimens
402 1832 565 1902 infortunii,
586 1833 715 1890 diceus:
1041 1829 1178 1901 lolatras;
1201 1847 1254 1905 per
1277 1831 1416 1901 locustas,
1448 1832 1622 1904 haereticos,
1646 1848 1700 1907 per
1725 1831 1866 1899 bruchos,

192 1922 355 1981 desideum
368 1938 464 1980 araca
478 1923 602 1980 comedit
625 1925 738 1981 locusta
752 1939 764 1983 .·
788 1928 816 1981 et
836 1924 985 1983 rusidraou
1042 1920 1158 1993 pseudo
1168 1925 1196 1977 et
1206 1919 1339 1978 carnales
1352 1919 1542 1992 christianos;
1553 1937 1607 1995 per
1621 1921 1801 1992 rubiginem,
1813 1926 1869 1977 Au-

161 2012 280 2069 toeasta
294 2011 417 2069 comedit
433 2012 564 2070 brachas
574 2029 587 2070 .·
600 2017 628 2068 et
642 2013 764 2071 rideam
776 2014 884 2072 bracbi
896 2030 987 2072 coare·
1043 2009 1164 2068 tiebristi
1178 2010 1359 2068 malitiosam
1374 2010 1602 2068 sollicitudiuem
1619 2030 1625 2068 :
1646 2011 1759 2087 primos
1780 2028 1869 2086 prop-

159 2101 203 2157 da
217 2114 328 2174 serape.
344 2102 606 2177 Ecperpr‘scimioi,
623 2103 752 2181 adriaci
763 2105 831 2175 flete
846 2123 853 2160 :
870 2106 987 2162 alietate
1042 2104 1085 2158 ter
1099 2100 1280 2175 spmeitiam,
1297 2100 1688 2183 siccitatatemidololatriae
1702 2122 1708 2172 3
1721 2101 1868 2160 secmrdos

160 2206 269 2265 omrres,
285 2192 338 2263 qai
355 2192 453 2250 bibitis
469 2192 570 2250 ur’aarn
593 2194 625 2250 ia
653 2184 820 2266 dulcedine,
846 2197 986 2267 paeoniam
1042 2194 1163 2265 propter
1176 2190 1310 2247 rolatum
1325 2190 1465 2261 scientiae,
1481 2190 1643 2262 agilitatem
1664 2192 1784 2262 ingenii,
1810 2191 1867 2248 cla·

149 2281 248 2360 ⁴perid
261 2281 298 2338 ab
313 2298 364 2339 ore
377 2288 484 2340 aestro.
501 2284 625 2340 Ostensa
640 2283 784 2357 superiori
798 2289 882 2358 parte
897 2285 987 2342 infor·
1041 2279 1152 2337 tionem
1161 2279 1309 2353 superbire
1322 2298 1329 2351 ;
1341 2280 1690 2354 tertiosproptcrrestam,
1703 2287 1731 2339 et
1740 2281 1868 2338 immun·

162 2368 246 2438 tunil,
264 2374 293 2427 et
307 2370 466 2428 subsecuta
480 2388 552 2429 soce
566 2371 688 2431 lamenti
704 2391 710 2429 :
727 2373 898 2445 aggreditur
906 2374 987 2432 alfrid
1040 2369 1143 2427 ditium
1158 2369 1284 2428 carnalis
1300 2369 1567 2444 concupiscentiam
1586 2376 1729 2445 quartum
1746 2377 1867 2445 propter

159 2455 313 2517 infortunii
329 2476 424 2532 genus
443 2461 608 2534 ostendere,
639 2464 729 2520 etad
756 2463 838 2522 illam
865 2462 987 2521 lamenti
1041 2458 1258 2518 immanitatem
1284 2459 1412 2516 sreritiee.
1448 2463 1609 2534 Postquam
1638 2460 1717 2517 euhu
1740 2459 1867 2517 Ecclesia

160 2549 290 2624 speciem
303 2555 429 2609 conatur
443 2552 633 2610 descendere.
648 2554 694 2611 Ait
708 2553 788 2612 cuim
805 2573 811 2611 :
1039 2548 1214 2606 idololatr-ie
1229 2548 1322 2607 erasit
1337 2548 1539 2620 naufragium,
1553 2549 1584 2606 in
1596 2550 1705 2607 ssuetus
1715 2554 1744 2606 et
1754 2549 1866 2624 proeel-

195 2638 271 2697 Gens
286 2641 364 2696 erim
374 2642 506 2699 ascendit
522 2658 612 2712 stater
627 2647 739 2702 terram
750 2660 844 2703 rneara
856 2644 948 2714 sortis
958 2650 985 2702 et
1039 2640 1084 2696 las
1097 2639 1306 2697 haereticorum
1319 2640 1428 2698 decidit
1443 2660 1449 2697 :
1467 2641 1519 2696 sed
1534 2642 1608 2698 dum
1623 2641 1767 2715 spirituali
1776 2643 1864 2699 flaute

159 2727 396 2786 iarrrrmerobitr's.
421 2731 529 2788 Dentes
547 2734 622 2805 eJ'as,
646 2739 678 2789 at
699 2734 799 2792 dentes
815 2735 906 2791 teonis
920 2748 932 2791 .·
957 2740 986 2790 et
1039 2729 1170 2799 favonio,
1185 2729 1354 2804 proeellain
1366 2728 1509 2787 leniorem
1523 2747 1610 2788 versa
1621 2736 1665 2788 cst
1676 2749 1791 2799 auram,
1803 2747 1865 2787 rur-

158 2818 286 2875 motares
300 2821 363 2890 ejas
379 2825 410 2875 at
426 2822 522 2887 catedr'
536 2823 752 2881 boreisPosait
763 2825 878 2881 vineam
888 2839 983 2882 bream
1039 2836 1090 2875 sus
1103 2819 1135 2875 in
1147 2819 1312 2876 carnaliam
1325 2823 1399 2876 cestu
1427 2820 1601 2884 sustinendo
1623 2821 1674 2878 diu
1697 2820 1862 2878 laborarit:

159 2909 190 2964 in
204 2908 351 2967 desertam
366 2926 377 2967 .·
392 2915 419 2967 et
452 2912 543 2982 secam
569 2929 664 2969 bream
690 2914 896 2971 decortieauit.
923 2914 985 2970 Na·
1003 2908 1161 2998 edemum
1176 2908 1264 2966 atilio
1275 2908 1458 2982 perditionis,
1473 2912 1526 2982 qai
1535 2912 1865 2981 eatottetursrqnaom-

159 2995 390 3070 dorrs'spotiaoit
401 3016 476 3074 eaor,
491 3007 518 3059 et
527 3005 656 3073 projecit
665 3016 677 3075 ;
691 3003 754 3059 atbi
765 3004 844 3073 [creti
856 3008 925 3060 sarri
936 3020 984 3060 ra·
1036 3014 1084 3070 aa,
1095 2999 1175 3071 qttod
1189 2999 1301 3055 dieitur
1319 3001 1398 3057 Deus
1420 3001 1463 3072 (ff
1477 3001 1560 3057 Tbes.
1573 3001 1612 3073 n),
1627 3005 1677 3057 aut
1692 3001 1775 3074 quod
1798 2999 1865 3056 roli-

157 3088 200 3144 mi
208 3090 281 3159 ejas.
294 3090 641 3149 Eecclameutum.h'unc
652 3091 771 3163 subjicit
778 3092 982 3163 infortuuimn,
1038 3091 1087 3144 tur
1100 3106 1106 3143 :
1119 3087 1219 3143 multis
1235 3088 1334 3144 modis
1346 3088 1478 3160 fatigata,
1495 3090 1576 3147 varie
1591 3091 1730 3159 cruciata,
1755 3092 1864 3161 graiis·

157 3175 259 3234 dicens
276 3195 282 3236 :
1039 3175 1112 3234 sime
1128 3177 1265 3234 anxiata:
1283 3178 1404 3235 tandem
1421 3179 1575 3237 serenitate
1590 3180 1713 3249 reddita,
1731 3181 1768 3236 ad
1780 3180 1864 3237 liber-

191 3267 318 3342 Ptaape,
334 3268 421 3342 quasi
435 3271 518 3344 uirgo
530 3269 762 3329 accinetasoeco
782 3287 873 3343 super
885 3273 983 3330 cirum
1039 3266 1105 3324 tatis
1120 3272 1240 3339 portum
1254 3267 1380 3326 redibit:
1396 3269 1478 3343 pacis
1493 3269 1680 3326 domicilium
1695 3269 1814 3327 subibit.
1831 3274 1864 3327 ut

153 3356 322 3426 pubertatis
332 3374 401 3415 sua.
418 3362 451 3416 Et
465 3359 506 3415 sic
521 3358 696 3418 alternando
707 3360 902 3418 infortunium
914 3378 984 3418 cum
1037 3357 1095 3413 hoc
1110 3358 1258 3431 estquod
1271 3358 1342 3415 dicit
1355 3377 1361 3415 :
1378 3360 1540 3416 ftesiduum
1554 3377 1650 3416 eiurare
1672 3360 1801 3417 comedit
1823 3360 1864 3416 lo-

157 3444 288 3502 lameuto
301 3446 430 3503 decurrit
445 3465 540 3522 usque
553 3450 593 3506 acl
606 3448 680 3506 illud
696 3469 703 3506 :
719 3451 769 3507 Aa
790 3457 827 3515 te,
848 3453 982 3525 Borrine,
1038 3451 1131 3517 cusia,
1147 3452 1202 3504 etc.
1219 3451 1285 3505 llaec
1299 3453 1343 3506 est
1356 3464 1439 3520 gena,
1454 3466 1522 3524 quce
1538 3454 1759 3523 superterram,
1775 3450 1804 3505 id
1820 3454 1864 3506 cst

158 3534 302 3590 ctaruabo.
320 3535 375 3590 b'bi
389 3535 422 3590 sit
446 3537 485 3591 act
506 3540 599 3594 rreum
625 3539 752 3612 supplex
774 3538 932 3608 invocatio,
956 3545 985 3597 ct
1038 3536 1312 3609 supercoelestem,
1328 3537 1434 3595 elicitur
1448 3538 1721 3607 ascendisse,fortis
1735 3543 1762 3594 et
1777 3539 1863 3594 innu-

157 3621 333 3679 calamitatis
346 3622 519 3680 miseranda
534 3626 688 3699 expositio,
705 3632 733 3684 et
744 3627 837 3700 ipsius
849 3629 982 3686 delendae
1036 3624 1188 3682 morabilis
1205 3645 1211 3683 :
1229 3627 1310 3684 fortis
1320 3627 1535 3698 magnitudine,
1547 3625 1772 3683 innumerabilis
1788 3629 1864 3684 nad-

156 3710 287 3780 humilis,
307 3716 335 3769 et
362 3712 525 3770 affectuosa
547 3714 726 3787 deprecatio.
751 3717 982 3790 Babyloniorum
1036 3716 1180 3786 titudine,
1202 3716 1282 3774 fortis
1298 3716 1478 3784 crudelitate,
1492 3716 1718 3773 innumerabilis
1738 3717 1863 3773 assidui-

112 3837 113 3840 =
154 3798 241 3872 juxta
250 3802 400 3876 quosdam
413 3802 549 3873 designat
563 3803 593 3859 in
607 3804 741 3861 iudaeam
755 3807 915 3864 terribilem
932 3810 983 3866 ad·
1037 3809 1112 3876 tate3
1136 3806 1193 3875 leO,
1219 3807 1366 3875 diabolus,
1388 3805 1435 3861 rel
1456 3805 1594 3879 princeps
1617 3806 1648 3862 in
1668 3811 1783 3863 terrena
1810 3824 1863 3880 po-

156 3895 290 3958 vantum,
313 3890 451 3948 hostilem
477 3891 634 3966 impetum,
663 3894 792 3952 ferocem
820 3897 980 3956 animum:
1037 3899 1141 3952 testate
1157 3910 1293 3952 summus
1306 3911 1313 3950 ε
1328 3899 1361 3951 ut
1374 3893 1481 3967 aliquis
1499 3893 1706 3963 haeresiarcha,
1730 3896 1778 3952 rel
1799 3895 1862 3968 ipso

156 3978 269 4052 ubique
289 3979 474 4052 frementem,
504 3988 612 4042 cuneta
639 3989 817 4054 vastantem,
844 3988 983 4046 universa
1036 3983 1240 4041 hirtichristus.
1262 3986 1379 4053 DentcS,
1402 3984 1466 4057 ejus
1491 3985 1638 4043 satellites.
1661 3984 1764 4054 Catuli,
1790 3986 1864 4059 opti-

155 4067 315 4128 delcntem.
333 4071 392 4138 Vel,
413 4072 497 4146 quod
524 4073 623 4131 verius
649 4078 702 4143 est,
731 4076 920 4150 assyriorum
936 4096 983 4136 su·
1035 4078 1140 4141 metes,
1165 4072 1213 4128 rel
1235 4073 1397 4144 subreguli.
1427 4073 1560 4145 ldolares,
1587 4076 1750 4134 carnifices.
1779 4079 1861 4144 Eam,

156 4156 303 4231 perham,
318 4163 346 4217 et
357 4159 451 4233 ipsius
466 4162 561 4232 gentis
575 4164 723 4221 audacem
737 4165 888 4237 ferociam,
916 4185 983 4226 sau·
1037 4179 1130 4237 quam
1145 4163 1281 4236 superius
1293 4164 1368 4223 dixit
1380 4171 1499 4236 terram,
1515 4182 1596 4224 nune
1614 4173 1703 4225 roeat
1718 4167 1819 4236 fream,
1836 4171 1864 4224 et

157 4246 256 4315 punis
271 4247 402 4322 avidam,
418 4249 520 4320 gloriae
539 4253 691 4326 cupidam,
721 4255 841 4313 casibus
868 4257 983 4331 esposi·
1036 4253 1166 4324 vineam,
1181 4254 1213 4311 id
1234 4258 1278 4313 cst
1299 4255 1470 4316 Ecclesiam.
1490 4261 1619 4328 ferram,
1646 4263 1767 4332 propter
1793 4258 1863 4315 tidei

157 4335 229 4405 tam,
244 4335 373 4396 victoriae
384 4353 522 4412 pronam.
540 4340 616 4407 Otiid
631 4342 687 4400 sub
703 4345 903 4402 Sennacherib
918 4345 982 4402 uni·
1037 4343 1245 4403 stabilitatem:
1268 4346 1398 4416 vineam,
1423 4352 1543 4422 propter
1563 4349 1743 4420 paenitentiae
1767 4352 1862 4406 auste-

155 4427 423 4486 vcnamruaaeam
437 4434 588 4489 vastantes
607 4432 769 4491 Jerusalem
790 4434 980 4494 obsederunt.
1034 4432 1170 4504 ritatcm;
1198 4435 1301 4509 licum,
1326 4441 1447 4510 propter
1471 4436 1636 4494 dilectionis
1661 4439 1860 4496 dulcedinem.

156 4515 191 4570 Et
205 4513 352 4590 quianon
366 4517 602 4591 divinoJudicio,
618 4521 670 4578 sed
684 4523 812 4597 propriae
838 4523 982 4581 fortitudi·
1037 4524 1087 4580 Vel
1113 4531 1234 4594 terram,
1263 4530 1384 4600 propter
1410 4525 1635 4584 firmamentum
1661 4528 1789 4600 justitiae.
1819 4529 1863 4584 Vi-

156 4602 187 4660 ni
202 4603 475 4677 fortunamnegotii
490 4609 713 4683 ascripserunts
728 4628 796 4684 rege
811 4629 881 4671 cum
907 4629 982 4688 pau·
1035 4628 1135 4684 neam,
1162 4619 1283 4689 proptor
1305 4614 1437 4673 leudam
1464 4616 1625 4690 spiritualis
1652 4617 1860 4691 intelligentiae.

155 4689 199 4748 ais
213 4689 342 4788 fugiente
355 4708 460 4751 omnes
475 4711 536 4753 una
550 4703 636 4756 nocte
660 4698 699 4756 ab
724 4700 831 4771 angelo
851 4701 983 4775 percussi
1036 4704 1146 4773 licum,
1185 4709 1306 4779 propter
1347 4706 1526 4764 suavitatem
1555 4707 1680 4766 caelestis
1708 4709 1859 4767 doctrina.

156 4782 316 4851 perierunt.
332 4781 393 4838 toel
406 4798 592 4855 pererucam
606 4786 744 4859 designat
757 4789 910 4861 Assyrios3
929 4806 982 4864 per
1035 4794 1085 4851 Vel
1100 4797 1218 4863 terram,
1238 4799 1359 4868 propter
1382 4796 1511 4853 fructum
1536 4798 1733 4873 spiritualium
1754 4798 1862 4856 exerci-

156 4864 303 4926 locustam
318 4869 513 4944 Babylonios;
534 4890 588 4949 per
602 4875 752 4934 bruchum
766 4880 868 4935 Persas
887 4882 916 4937 at
929 4882 982 4936 lte·
1035 4881 1203 4941 tationum:
1230 4883 1361 4953 vineam,
1391 4891 1513 4958 propter
1539 4887 1666 4958 gratiam
1698 4888 1861 4946 coelesbmn

156 4955 231 5026 dos;
247 4973 300 5059 per
314 4959 482 5034 rubiginem
509 4965 693 5024 Macedones.
722 4967 773 5025 itio
797 4982 902 5025 omncs
929 4984 983 5042 per
1036 4972 1203 5042 donorunr3
1222 4971 1308 5044 ficus,
1330 4980 1451 5048 propter
1474 4975 1663 5034 dulcedinem
1683 4979 1862 5048 gaudiorum

156 5063 376 5109 successionem
390 5056 569 5126 temporum,
594 5055 742 5128 populum
770 5056 821 5112 llei
847 5062 981 5116 vastare·
1035 5067 1304 5121 aeternornmtlree
1320 5068 1421 5137 Agnus
1448 5065 1578 5124 tllnistus
1599 5083 1717 5140 sponsio
1741 5068 1864 5125 contulit

155 5141 243 5196 runt:
259 5139 326 5198 etsi
346 5141 421 5214 quid
445 5158 523 5200 unus
551 5143 703 5213 floridrun,
730 5149 783 5202 aut
808 5145 910 5216 viride,
935 5148 983 5205 vel
1037 5168 1109 5225 sure,
1120 5153 1230 5210 scilicet
1244 5154 1390 5212 Ecclesiae.
1405 5155 1503 5212 Prima
1517 5157 1547 5212 in
1561 5157 1666 5227 horto;
1685 5159 1816 5215 secunda
1833 5158 1863 5213 in

156 5225 229 5285 forte
246 5228 492 5305 ineousmnptum
514 5232 695 5306 reliquerat:
720 5233 778 5290 alio
806 5236 981 5295 succedente
1037 5242 1277 5312 cella1·io;tcrtia
1298 5245 1429 5301 inlecto.
1459 5249 1490 5302 ln
1517 5246 1603 5303 horto
1631 5264 1762 5322 namque
1783 5264 1865 5304 crer-

156 5318 375 5390 conculcatum,
392 5325 421 5378 et
436 5321 617 5379 adnihilnm
644 5323 801 5382 redactum
826 5329 878 5383 est.
903 5329 982 5384 Jose·
1036 5330 1160 5400 citatur,
1176 5332 1207 5387 in
1235 5332 1353 5390 cellario
1381 5333 1565 5404 laetificatum
1594 5336 1625 5393 in
1653 5337 1729 5394 lecto
1744 5337 1863 5393 felicita-

157 5403 251 5473 pirum
267 5410 433 5481 arrhqunm,
451 5416 478 5466 et
494 5412 664 5469 traditiones
676 5414 857 5484 balteorum,
877 5421 905 5472 et
928 5435 981 5473 ιτιιι-
1038 5426 1093 5476 tur.
1114 5421 1212 5478 Primo
1227 5422 1369 5493 operibus
1384 5424 1582 5496 panniculae,
1614 5427 1745 5483 seeundo
1761 5444 1864 5482 inune-

159 5497 235 5551 teras
250 5497 333 5596 adid
346 5501 526 5572 pertinentes
540 5503 678 5564 historias
697 5505 785 5579 legat,
812 5507 864 5580 qui
893 5525 981 5581 super
1035 5511 1120 5569 ribus
1146 5511 1267 5582 gratia3
1291 5513 1374 5570 tertio
1395 5516 1504 5573 osculis
1519 5517 1680 5593 sapientire.
1707 5517 1763 5574 Sed
1784 5517 1863 5572 hauc

157 5579 214 5644 hoc
226 5584 382 5652 certificari
394 5590 552 5656 desiderat.
1036 5616 1110 5674 gens
1120 5601 1243 5675 praefata
1263 5601 1464 5678 decorticavit,
1481 5607 1617 5679 nudavit,
1633 5605 1765 5680 projecit.
1776 5609 1864 5665 tlem-
