3832 6044
162 121 210 173 951

356 116 509 174 HUGONIS
529 117 574 172 DE
595 117 623 173 S.
642 114 791 172 VlCTORE
811 114 886 169 OPP.
907 112 995 169 PARS
1014 115 1034 168 Ι.
1055 143 1089 152 -
1108 114 1310 172 EXEGETICA.
1330 144 1364 153 —
1384 113 1417 169 ll.
1433 115 1469 169 IN
1487 113 1696 170 aeternari.
1832 115 1873 168 95}

163 238 304 296 adunatae
320 240 358 295 ad
373 240 485 307 divina,
502 238 632 311 etquasi
647 237 776 294 collectae
791 237 821 293 in
849 252 943 292 unum
973 252 992 291 a
1007 237 1031 289 Α
1047 238 1299 310 peccatismortui
1311 239 1432 310 justitiae
1447 238 1585 296 vivamus
1600 239 1630 306 (l
1644 238 1716 298 Cor,
1748 235 1828 307 xri.»
1852 239 1876 294 Et

162 329 252 386 variis
267 327 484 384 desideriorum
497 328 643 396 scissuris,
661 331 690 384 et
703 327 855 395 ordinatae,
868 329 901 383 ut
913 329 991 382 recte

161 417 290 476 incedat.
306 417 451 473 adunate
463 416 599 474 videlicet
613 433 667 491 per
684 416 882 483 dilectionem,
903 418 932 470 ct
946 431 991 471 or-

162 506 272 563 dinatoe
286 504 572 580 perdiseretionem.
602 506 746 562 adunatae
766 506 804 562 ad
830 521 935 572 arnum,
965 507 993 560 et

162 595 307 652 ordinate
325 595 356 650 in
371 611 443 652 uuo.
461 596 551 667 Cujus
566 595 702 652 videlicet
720 594 840 654 habitus
863 592 993 649 invisibi-

162 683 227 741 liter
242 683 379 752 ordinati,
397 688 425 740 θῖ
439 684 625 740 subsistentis
640 683 784 754 imagines
797 683 993 739 suntordrnes

163 772 404 847 dispositionum,
431 789 499 845 quae
522 774 704 829 extrinsecus
729 775 758 828 in
783 772 937 842 gradibus,
966 775 994 827 et

163 861 278 931 officiis,
293 867 322 919 θῖ
333 861 504 918 ministeriis
518 863 548 918 in
559 861 688 918 Ecclesia
702 866 805 917 sancta
819 861 994 934 dispensan-

164 955 220 1008 tur.
234 952 313 1009 Sicut
325 951 406 1007 enim
421 952 451 1007 in
465 966 526 1007 una
540 950 668 1007 Ecclesia
681 950 787 1006 diversi
798 950 928 1016 ordines,
954 953 992 1021 et,

163 1039 374 1112 dispositiones
384 1054 478 1095 unam
488 1039 519 1095 in
547 1039 734 1096 universitate
753 1055 860 1112 pacem
877 1043 905 1095 et
924 1055 994 1095 con·

163 1127 297 1185 cordiam
312 1127 614 1196 sudministrando,et
628 1127 830 1200 cooperando,
851 1126 991 1195 efficiunt,

164 1217 205 1273 sic
219 1217 658 1274 inunaanimamultaevirtutes
673 1217 907 1289 cooperandum
926 1216 1003 1290 suh-¹

164 1306 425 1363 ministrandosibi
435 1306 722 1380 unamperiectionis
735 1306 863 1363 formam
874 1322 994 1379 compo-

164 1398 249 1452 nunt.
261 1396 358 1452 Sedet
371 1399 402 1452 tn
412 1411 596 1469 unoquoque
611 1400 748 1453 nostrum
763 1396 914 1453 exterioris
942 1396 994 1451 ho-

1047 328 1200 400 apostolus
1213 331 1314 385 Petrus
1324 328 1419 385 dixit:
1441 349 1456 379 «
1477 327 1608 386 Christus
1624 331 1672 384 est
1694 342 1812 400 passus
1832 343 1875 399 pro

1045 417 1133 473 nohis
1146 437 1153 486 ;
1168 418 1254 474 vobis
1267 417 1440 490 relinquens
1453 417 1635 488 exemplum,
1649 421 1686 473 ut
1709 416 1876 488 sequamini

1046 506 1170 576 vestigia
1197 508 1262 579 ejus
1287 509 1316 575 (I
1334 509 1418 574 Patr.
1444 511 1503 571 ut.»
1533 510 1609 577 Ergo
1647 522 1735 562 mors
1781 505 1877 562 Christi

1047 596 1218 669 exemplum
1233 596 1287 654 luit
1299 601 1331 653 ut
1345 600 1468 670 peceato
1481 597 1657 665 moriamur,
1680 600 1711 652 et
1737 610 1877 651 resurrec-

1047 683 1087 740 tio
1099 685 1164 755 ejus
1179 685 1352 758 exemplum
1367 684 1467 742 initui
1479 684 1599 756 justitiae
1624 685 1784 741 tiramus,
1809 686 1877 740 Nun-

1047 772 1122 845 quid
1135 772 1203 829 ideo
1217 773 1326 830 veritas
1355 790 1416 830 non
1443 773 1524 831 luit?
1550 789 1622 843 ergo
1649 772 1792 830 Christus
1818 788 1877 828 vere

1046 866 1184 917 mortuus
1197 877 1260 918 non
1275 865 1327 929 est,
1346 866 1374 919 et
1394 878 1466 918 vero
1492 878 1553 917 uon
1582 861 1724 928 surrexit,
1755 861 1783 915 si
1805 876 1878 917 mors

1048 951 1122 1022 ejus,
1138 950 1184 1007 rel
1199 951 1456 1008 resurrectionem
1468 967 1529 1008 non
1542 950 1605 1008 luit.
1618 950 1708 1007 Absit
1722 951 1729 1007 l
1749 953 1827 1007 Nam
1847 950 1878 1006 de

1046 1039 1113 1113 ipso
1126 1041 1328 1114 scriptumest
1343 1061 1349 1097 :
1366 1064 1379 1092 a
1395 1044 1466 1098 Vere
1483 1041 1643 1112 languores
1671 1044 1800 1096 nostros
1824 1040 1878 1112 ipse

1047 1129 1123 1198 tulit,
1140 1134 1169 1186 et
1181 1130 1299 1186 (totores
1313 1135 1431 1186 nostros
1444 1130 1508 1204 ipse
1534 1129 1664 1203 portarit
1679 1151 1694 1179 ι»
1724 1129 1801 1200 (lea.
1818 1131 1876 1198 rm).

1047 1221 1124 1291 Ergo
1130 1235 1212 1275 mors
1219 1218 1325 1276 Christi
1338 1235 1410 1275 vera
1422 1218 1517 1288 fuitei
1525 1224 1626 1275 tamen
1633 1217 1816 1291 exemplum
1822 1218 1876 1280 init

1048 1311 1076 1363 et
1089 1311 1264 1364 resmrectio
1280 1308 1382 1365 Christi
1400 1309 1582 1375 verafuit,et
1592 1312 1697 1364 tamen
1708 1306 1876 1379 exemplum

1047 1396 1110 1453 luit.
1128 1398 1224 1463 Quare
1239 1413 1310 1467 ergo
1336 1401 1557 1454 sacramentum
1584 1396 1689 1454 altaris
1719 1396 1876 1452 similitudo

165 1483 253 1540 minis
268 1483 434 1557 dispositio,
466 1489 495 1541 et
509 1485 583 1541 ordo
609 1484 739 1554 vitiandi,
769 1488 858 1558 atque
887 1484 994 1555 agendi
1048 1501 1111 1542 esse
1124 1501 1186 1542 uon
1197 1489 1302 1559 potest,
1316 1490 1344 1542 et
1357 1486 1530 1543 veritasiln
1551 1485 1609 1542 alio
1630 1485 1762 1558 quidem
1788 1485 1877 1540 simiti-

164 1573 274 1630 modus
288 1573 435 1631 interioris
448 1573 579 1630 hominis
590 1574 718 1630 formam
732 1573 928 1646 hahitumque
943 1572 994 1629 de·
1010 1593 1030 1648 g
1049 1575 1132 1647 tudo,
1148 1575 1221 1633 etin
1236 1575 1294 1632 alio
1306 1575 1425 1632 veritas.
1442 1579 1526 1645 Nam,
1541 1591 1612 1631 cum
1627 1590 1728 1631 unum
1739 1573 1780 1630 sit
1790 1590 1877 1630 sacra-

164 1666 321 1721 monstrat.
771 1651 782 1667 '
1049 1670 1194 1733 mentum,
1209 1665 1264 1722 tria
1290 1665 1331 1721 ibi
1359 1664 1487 1722 discreta
1514 1668 1740 1738 proponrmtur,
1774 1664 1876 1737 species

201 1752 358 1826 Seqrritur:
375 1774 389 1803 a
406 1756 440 1809 Et
452 1756 520 1809 iesu
534 1751 768 1826 participationis
795 1751 894 1824 ipsam
920 1750 994 1806 divi·
1049 1752 1159 1810 scilicet
1172 1752 1305 1822 visibilis,
1322 1757 1350 1809 et
1370 1752 1478 1809 veritas
1493 1752 1637 1825 corporis,
1648 1757 1681 1808 et
1696 1751 1796 1809 virtus
1824 1768 1877 1821 gra-

165 1841 296 1898 nissimoe
311 1843 495 1899 eucharistiae
508 1842 775 1914 assumptionem.»
790 1844 916 1897 Rursum
926 1839 995 1895 sub·
1049 1840 1096 1896 tire
1117 1840 1286 1913 spirituahs.
1315 1840 1401 1898 Aliud
1430 1844 1474 1898 est
1495 1840 1574 1896 enim
1598 1840 1728 1897 visibilis
1760 1839 1875 1915 speeies,

164 1931 395 2005 intellige,quod
408 1948 509 2005 supra,
526 1932 675 1988 arbitrans
689 1935 789 1987 noster
808 1931 926 1987 animus
952 1930 994 2003 ip·
1048 1944 1116 2000 quoe
1133 1928 1286 1986 visibiliter
1301 1930 1440 1986 cernitur.
1452 1929 1539 1985 Aliud
1551 1933 1594 1985 est
1608 1929 1721 1986 veritas
1749 1929 1877 2001 corporis

165 2036 231 2076 sam
245 2019 481 2092 assumptionem
496 2018 689 2077 divinissimus
705 2019 889 2075 eucharistiae
923 2022 994 2075 ima-

165 2107 266 2178 ginem
281 2123 345 2163 esse
355 2109 589 2183 participationis
602 2111 681 2165 iesu.
699 2113 766 2181 ipsa
780 2109 859 2165 enim
879 2125 994 2166 assum-

164 2196 227 2269 ptio
239 2195 434 2254 divinissimae
453 2197 654 2265 Eucharistiae,
680 2197 709 2252 id
733 2201 777 2253 est
800 2197 993 2254 sanctissimae

165 2285 365 2358 perceptionis
380 2285 514 2359 corporis
533 2290 562 2342 et
583 2285 738 2357 sanguinis
766 2288 850 2342 iesus
879 2285 993 2353 Chrsti,

165 2388 260 2446 quam
276 2389 357 2430 nunc
373 2373 627 2431 sacramentaliter
640 2378 668 2430 et
693 2373 845 2430 visibiliter
866 2376 896 2431 in
910 2374 995 2430 altari

165 2465 444 2538 tractamus,imago
458 2470 541 2523 estet
553 2466 650 2523 forma
664 2465 743 2521 illins
761 2466 994 2539 participationis

165 2557 366 2630 iesu,quavel
376 2573 457 2614 nunc
469 2557 496 2614 ei
504 2557 534 2613 in
546 2558 649 2631 spiritu
660 2574 714 2631 per
725 2557 913 2614 dilectionem
926 2573 995 2613 con-

163 2647 331 2719 jungimur,
348 2649 397 2704 vel
409 2649 603 2723 postmodnm
617 2649 647 2704 in
663 2649 769 2705 eadem
784 2648 881 2705 iorma
893 2648 993 2719 gloriae

165 2739 344 2806 apparentes
353 2736 443 2808 plena
464 2736 655 2793 similitudine
685 2736 832 2792 uniemur.
858 2735 993 2793 Sanehic

165 2821 334 2878 notandum
348 2823 431 2895 quod
445 2823 571 2896 quidam
585 2839 621 2879 ex
636 2824 994 2880 hocloccmunimentnm

1049 2016 1252 2086 etsanguinis,
1268 2033 1336 2090 qum
1351 2017 1408 2073 sub
1432 2017 1537 2073 visibili
1566 2017 1665 2089 specie
1696 2016 1877 2075 invisibiliter

1049 2104 1186 2161 creditur.
1203 2110 1297 2178 Atque
1308 2105 1337 2162 al
1349 2106 1391 2162 ud
1407 2105 1500 2174 gratia
1515 2105 1689 2178 spiritualis,
1721 2123 1796 2179 quae
1819 2121 1877 2161 eum

1049 2210 1174 2268 corpore
1188 2199 1216 2251 et
1246 2197 1391 2265 sanguine
1420 2194 1605 2251 ini-tribuiter
1639 2199 1669 2251 et
1691 2195 1878 2269 spiritualiter

1049 2284 1219 2356 percipitur.
1236 2284 1321 2349 Quod
1337 2285 1416 2339 enim
1431 2283 1578 2350 videmus,
1595 2284 1714 2355 speeies
1728 2286 1776 2338 est
1801 2280 1880 2354 panis

1050 2377 1078 2429 et
1091 2373 1151 2427 viui
1170 2390 1176 2440 ;
1192 2372 1275 2445 quod
1291 2378 1391 2429 autem
1404 2371 1460 2427 sub
1474 2373 1572 2444 specie
1585 2369 1635 2427 illa
1650 2371 1821 2436 credimus,
1842 2385 1881 2424 se

1048 2471 1117 2514 rum
1130 2474 1244 2532 corpus
1267 2465 1320 2529 est,
1341 2465 1370 2517 et
1396 2477 1482 2516 verus
1511 2459 1633 2530 sanguis
1662 2459 1775 2517 Christi
1808 2461 1881 2521 lesu,

1049 2548 1133 2620 quod
1146 2550 1288 2622 pependit
1302 2552 1332 2605 in
1347 2567 1445 2618 cruce,
1468 2553 1497 2606 et
1524 2549 1577 2621 qui
1602 2548 1691 2605 fluxit
1719 2549 1759 2606 de
1784 2549 1881 2605 latere.

1050 2639 1107 2692 Nec
1122 2652 1176 2709 per
1186 2653 1297 2710 panem
1310 2638 1453 2695 cirinum
1468 2641 1613 2710 corpuset
1623 2636 1812 2707 sanguinem
1825 2641 1881 2693 tan·

1050 2728 1113 2780 tum
1130 2726 1291 2796 significari
1303 2745 1309 2794 ;
1326 2727 1379 2783 sed
1389 2727 1446 2783 sub
1454 2726 1551 2800 specie
1565 2726 1652 2799 panis
1662 2731 1692 2782 et
1703 2726 1769 2782 vini
1780 2741 1881 2783 verum

1050 2829 1158 2886 corpus
1173 2818 1318 2871 etiterum
1333 2819 1513 2886 sanguinem
1541 2815 1725 2872 consecrari.
1757 2817 1794 2871 Et
1822 2829 1882 2885 spe·

165 2908 272 2964 erroris
283 2910 328 2965 sui
340 2910 437 2966 dicere
461 2914 650 2984 putaverunt,
679 2911 811 2967 dicentes
840 2913 869 2968 in
896 2929 993 2969 sacra·
1011 2949 1030 3005 C
1049 2904 1126 2959 ciem
1150 2903 1273 2976 quidem
1294 2904 1441 2961 visibilem
1465 2908 1688 2961 sacramentum
1718 2920 1786 2959 esse
1825 2902 1882 2958 veri

165 2997 877 3073 mentoaltarisveritatemcorporisetsanguinis
890 3001 993 3058 curisti
1050 2993 1182 3066 corporis
1195 2993 1299 3050 arven
1314 2995 1487 3065 sangurms;
1503 3010 1613 3067 corpus
1626 2997 1734 3050 autem
1763 2998 1794 3050 et
1820 3008 1882 3048 san-

112 3074 115 3081 ’
165 3102 228 3143 non
242 3102 317 3156 esse,
336 3088 389 3146 sed
403 3089 566 3160 imaginem
581 3088 659 3146 illius
674 3093 790 3147 tantum
805 3094 833 3146 et
847 3089 992 3162 liguram:
1049 3082 1170 3152 guinem
1187 3089 1409 3140 sacramentum
1431 3101 1495 3140 ⁶8⁸⁰
1519 3082 1619 3155 Sifliiffl
1648 3082 1828 3155 spirimflfifl·
1852 3084 1881 3136 Εῑ

164 3177 557 3252 proptereaquiagerjpmffl
569 3179 649 3248 dicit,
667 3180 697 3236 td
706 3176 788 3253 φωρ
806 3179 836 3235 in
861 3180 994 3236 euchari.
1050 3170 1125 3227 sicut
1139 3173 1253 3244 species
1268 3172 1326 3229 illic
1342 3173 1481 3241 cernitur,
1496 3173 1582 3243 cnjus
1600 3187 1649 3227 res
1662 3170 1712 3227 vel
1746 3171 1879 3228 substan·

164 3265 221 3324 stia
235 3265 336 3324 altaris
347 3268 483 3337 sumitur,
496 3268 659 3338 imaginem
672 3284 737 3325 esse
752 3267 830 3324 illius
858 3268 941 3341 quod
964 3267 994 3323 in
1050 3262 1090 3316 tia
1106 3260 1157 3318 ubi
1172 3279 1235 3318 esse
1251 3278 1312 3318 non
1325 3262 1463 3330 ereditur,
1480 3262 1521 3317 sic
1534 3259 1633 3317 resilii
1648 3276 1716 3317 esse
1743 3261 1880 3317 veraciter

164 3356 467 3429 participationeiesu
477 3356 865 3431 percipietur‚0ujpr0fe0t0
878 3356 995 3412 inhune
1050 3353 1078 3405 θῖ
1092 3351 1323 3408 substantialiter
1335 3367 1467 3425 praesens
1482 3350 1619 3416 ereditur,
1650 3350 1743 3420 cujus
1771 3348 1880 3423 species

164 3443 272 3500 erroris
286 3443 430 3518 laqueum
445 3462 506 3502 non
522 3446 697 3512 inciderent,
715 3446 739 3502 si
749 3445 797 3502 rel
807 3448 995 3503 sacramenta
1049 3455 1110 3496 11011
1124 3443 1262 3497 cernitur.
1278 3441 1398 3497 Videtm·
1412 3440 1492 3498 enim
1508 3439 1620 3513 speeies
1644 3439 1737 3512 panis
1759 3445 1789 3496 et
1813 3441 1879 3505 vuli,

164 3531 215 3585 lici
230 3535 319 3599 recta,
335 3537 363 3590 et
377 3533 482 3590 humili
496 3534 556 3590 fide
573 3534 766 3607 susciperent,
774 3534 821 3589 vel
829 3535 994 3605 Scripturas
1050 3535 1078 3588 et
1092 3529 1258 3587 substantia
1273 3534 1360 3603 panis
1374 3531 1476 3588 etvini
1497 3546 1559 3586 non
1581 3528 1722 3586 creditur.
1750 3530 1882 3587 Creditm

164 3633 266 3674 sacras
294 3621 482 3677 convenienti
505 3621 699 3692 intelligentia
719 3626 885 3679 tractarent.
912 3626 994 3678 Nunc
1049 3624 1150 3676 autem
1165 3619 1476 3692 substantiacorpons
1490 3618 1684 3688 etsanguinis
1708 3619 1827 3687 Christi,
1856 3620 1880 3672 et

164 3711 275 3776 autem,
291 3707 363 3781 quia
373 3707 403 3764 iu
415 3709 593 3764 sacramenti
609 3710 660 3766 liei
674 3726 797 3765 sensum
811 3709 882 3766 fidei
892 3711 995 3783 praele-
1050 3713 1149 3764 tamen
1163 3707 1240 3763 illius
1253 3712 1367 3780 species
1382 3725 1443 3765 non
1457 3712 1593 3766 cernitur.

164 3799 243 3865 runt,
257 3800 287 3854 et
299 3795 331 3853 in
345 3796 502 3870 scripturis
516 3797 608 3853 sacris
621 3783 727 3854 sanam
747 3799 994 3870 interpretationis
1086 3797 1171 3863 Quod
1186 3813 1257 3867 ergo
1267 3798 1384 3855 videtur
1398 3797 1877 3870 secundumspeciemsacramen·

165 3884 296 3942 formam
311 3891 407 3943 tenere
419 3889 623 3954 contemnmrt,
638 3886 672 3942 iit
685 3891 718 3943 ut
731 3887 795 3960 ipse
809 3904 907 3945 sermo
921 3889 994 3945 reri·
1050 3889 1113 3941 tum
1130 3889 1183 3954 est,
1199 3890 1227 3941 θῖ
1241 3886 1342 3955 imago
1356 3887 1434 3944 illius
1458 3887 1542 3960 quod
1553 3885 1682 3943 creditur
1703 3887 1875 3944 secundum

164 3968 375 4045 tatis'amplius
391 3987 442 4028 eos
458 3971 585 4043 caligare
609 3973 707 4043 iaciat,
737 3975 810 4031 dum
830 3991 893 4032 non
917 3981 994 4033 recte
1050 3974 1183 4047 corporis
1198 3974 1362 4043 veritatem,
1389 3980 1417 4033 et
1443 3975 1527 4049 quod
1556 3974 1686 4031 ereditur
1711 3975 1874 4033 seeundum

164 4055 330 4115 intellectus
345 4074 477 4117 errorem
495 4075 550 4134 pro
576 4062 698 4135 veritate
722 4063 878 4122 ministrat.
909 4065 994 4132 Quod
1050 4067 1183 4137 corporis
1198 4068 1362 4134 veritatem,
1380 4071 1601 4123 sacramentum
1616 4069 1661 4122 θεῖ
1692 4065 1775 4136 illus,
1799 4064 1874 4139 quod

164 4152 266 4204 tamen
282 4149 440 4223 scripturae
453 4150 559 4208 vitium
575 4168 636 4210 non
653 4157 707 4223 est,
724 4154 776 4211 sed
790 4155 951 4226 legentium
967 4161 996 4212 ct
1049 4155 1209 4228 percipitur
1222 4157 1388 4213 secuudum
1413 4157 1540 4226 gratiam
1555 4155 1752 4228 spiritualem.
1782 4159 1874 4214 Sacra·

164 4253 227 4295 non
241 4235 467 4310 intelligentium
481 4241 615 4312 caecitas3
628 4258 727 4317 neque
738 4250 994 4302 sacramentorum
1050 4249 1185 4300 mentum
1197 4260 1268 4315 ergo
1282 4245 1383 4315 altaris
1393 4250 1421 4303 et
1430 4245 1609 4302 eucharistia
1623 4243 1731 4302 divina
1752 4248 1783 4302 in
1808 4257 1873 4301 sero

165 4325 217 4383 liei
230 4327 377 4398 conlusio,
392 4329 445 4385 sed
459 4331 705 4402 praesumentium
716 4333 856 4405 pravitas.
870 4334 920 4390 llic
944 4305 1031 4390 aul)
1051 4349 1174 4407 corpore
1216 4337 1244 4389 et
1285 4334 1463 4404 sanguinem
1510 4333 1625 4390 Domini
1679 4335 1776 4392 nostri
1811 4335 1874 4388 lesu

165 4418 226 4473 tem
237 4416 404 4490 periculose
418 4425 593 4477 erraverunt
607 4424 649 4478 tot
661 4420 825 4478 manifestis
845 4423 995 4480 sententiis
1050 4422 1165 4494 Christi,
1193 4427 1221 4479 et
1249 4422 1351 4494 imago
1379 4427 1423 4479 est
1447 4422 1614 4479 secundum
1640 4425 1775 4496 speciem
1793 4422 1874 4496 panis

165 4507 194 4562 et
208 4506 424 4564 assertionibus
439 4525 500 4565 non
512 4508 612 4566 dubiis
628 4526 723 4566 unum
734 4511 912 4581 ambignum
923 4528 997 4585 prre-
1049 4513 1162 4580 etvini,
1177 4513 1207 4569 in
1233 4529 1294 4586 qua
1313 4512 1451 4585 cernitur,
1465 4517 1494 4568 et
1505 4528 1552 4568 res
1565 4516 1609 4568 est
1627 4513 1797 4569 secundum
1810 4510 1875 4567 suh

165 4591 304 4664 ferentes,
318 4598 347 4650 et
360 4594 391 4651 in
406 4595 471 4668 ipso
485 4598 582 4668 magis
595 4597 800 4667 mendacium,
816 4616 910 4673 qrram
922 4600 996 4656 veri·
1050 4601 1164 4658 stantiae
1179 4618 1241 4657 suae
1256 4601 1420 4671 veritatem,
1438 4604 1467 4658 in
1481 4618 1543 4675 qua
1555 4601 1685 4659 creditur
1700 4601 1761 4659 illic
1789 4606 1875 4674 atque

167 4685 260 4739 tatem
275 4681 426 4752 eligentes,
440 4700 502 4741 non
514 4686 655 4759 quiahoc
671 4686 712 4743 ihi
724 4688 995 4759 magisdicehatur,
1049 4690 1220 4765 percipitur.
1236 4694 1270 4747 Et
1281 4707 1411 4764 rursum,
1427 4692 1511 4764 quod
1521 4708 1601 4748 nunc
1612 4691 1770 4749 visibiliter
1778 4706 1877 4748 secun·

167 4767 221 4825 sed
245 4769 317 4842 quia
342 4770 400 4826 hoc
431 4772 470 4828 ab
495 4773 552 4828 illis
574 4775 671 4845 magis
697 4776 881 4835 credebatur.
921 4778 995 4844 Quid
1050 4781 1266 4854 dumspeeiem
1286 4783 1474 4850 sacramenti,
1504 4787 1533 4839 et
1555 4783 1749 4856 corporaliter
1777 4798 1877 4839 secun·

166 4855 248 4913 enim
263 4857 428 4933 ‘inunqnid
442 4860 510 4918 ideo
524 4869 746 4922 sacramentum
765 4866 865 4923 altaris
888 4868 997 4924 veritas
1050 4871 1123 4926 dum
1138 4870 1235 4926 carnis
1246 4875 1275 4926 et
1300 4871 1455 4940 sanguinis
1483 4873 1646 4937 acritatem,
1673 4872 1826 4929 Christum
1849 4873 1877 4927 in

166 4949 296 5016 nonest,
311 4947 384 5021 quia
398 4949 496 5020 ligura
510 4951 578 5008 esti
603 4955 679 5023 Ergo
707 4970 761 5011 neo
784 4972 866 5012 mors
893 4955 997 5014 Christi
1050 4958 1134 5015 altari
1147 4959 1307 5026 sumimus,
1322 4964 1544 5017 sacramentum
1557 4965 1602 5019 est
1616 4966 1645 5017 et
1656 4962 1771 5031 imago,
1797 4960 1878 5036 quod

165 5036 274 5095 veritas
285 5042 338 5111 est,
352 5038 424 5112 quia
439 5038 538 5110 figura
552 5046 614 5110 est;
638 5046 666 5098 et
691 5045 865 5101 resurrectio
892 5045 996 5102 Christi
1049 5047 1150 5120 ipsum
1164 5047 1305 5104 eumdem
1317 5048 1498 5105 invisibiliter
1512 5055 1540 5105 et
1559 5048 1751 5121 spiritualiter
1777 5065 1878 5106 secun-

166 5127 349 5186 veritasnon
362 5132 416 5198 est,
432 5128 615 5202 quiafigura
636 5137 689 5189 est.
716 5136 790 5190 Nam
818 5140 847 5191 et
869 5139 995 5192 mortem
1048 5136 1123 5192 dum
1144 5135 1245 5207 gratiae
1272 5136 1462 5203 inlusionem,
1492 5141 1520 5194 et
1546 5137 1665 5211 spiritus
1689 5138 1734 5194 sui
1762 5138 1878 5214 partici-

167 5217 283 5287 Christi,
299 5223 328 5275 et
341 5219 590 5277 resurrectionem
613 5220 742 5293 figuram
771 5239 845 5292 esse,
873 5228 900 5280 et
925 5226 997 5280 ima·
1049 5225 1202 5296 pationem
1217 5226 1255 5292 in¹
1269 5225 1358 5282 eorde
1385 5242 1502 5281 sumere
1529 5226 1685 5282 debemus,
1714 5229 1779 5296 Ego
1808 5227 1878 5284 diri·

167 5306 269 5376 ginem
292 5323 367 5377 esse,
397 5312 427 5366 et
450 5309 686 5378 similitudinem,
712 5316 741 5368 et
764 5316 994 5381 sacramentum,
1049 5313 1173 5369 nissima
1187 5315 1374 5383 eucharista,
1400 5331 1467 5387 quae
1492 5317 1522 5371 in
1548 5315 1631 5372 altari
1658 5320 1688 5372 θῖ
1709 5317 1879 5375 secundum

168 5398 197 5449 et
214 5398 386 5470 exemplum
417 5399 575 5472 Apostolus
601 5400 757 5458 manifeste
784 5401 924 5469 declarat,
954 5402 997 5459 di·
1049 5401 1179 5475 speeiem
1191 5405 1277 5475 panis
1292 5409 1320 5459 et
1333 5406 1442 5472 vini,et
1452 5406 1617 5462 secundum
1627 5406 1764 5479 corporis
1776 5414 1806 5465 et
1816 5424 1880 5464 san-

169 5497 259 5539 eens:
275 5507 288 5535 a
304 5487 437 5544 Christus
449 5493 586 5546 mortuus
601 5495 644 5546 est
658 5507 713 5564 pro
737 5490 850 5547 ‹lelietis
876 5492 994 5562 nostris,
1049 5491 1147 5563 guinis
1162 5493 1264 5549 Christi
1279 5496 1432 5551 raritatem
1455 5495 1607 5553 visibiliter
1633 5501 1662 5552 et
1683 5499 1881 5570 corporaliter

170 5571 198 5623 et
210 5575 369 5631 resurrexit
387 5581 508 5651 propter
520 5579 763 5649 iustificationcm
785 5585 938 5640 nostram:
964 5585 997 5639 ut
1049 5586 1199 5650 uastatur,
1214 5588 1436 5644 sacramentum
1447 5590 1500 5653 est,
1517 5590 1545 5643 et
1565 5584 1696 5657 signum,
1720 5591 1749 5644 et
1778 5590 1879 5660 imago
