<?xml version="1.0" encoding="UTF-8"?>
<!DOCTYPE html PUBLIC "-//W3C//DTD XHTML 1.0 Transitional//EN"
    "http://www.w3.org/TR/xhtml1/DTD/xhtml1-transitional.dtd">
<html xmlns="http://www.w3.org/1999/xhtml" xml:lang="en" lang="en">
 <head>
  <title>
</title>
<meta http-equiv="Content-Type" content="text/html;charset=utf-8" />
  <meta name='ocr-system' content='tesseract 3.04.00' />
  <meta name='ocr-capabilities' content='ocr_page ocr_carea ocr_par ocr_line ocrx_word'/>
</head>
<body>
  <div class='ocr_page' id='page_1' title='image "./patrologiaecurs37unkngoog_0279.png"; bbox 0 0 3832 6044; ppageno 0'>
   <div class='ocr_carea' id='block_1_1' title="bbox 152 125 208 192">
    <p class='ocr_par' dir='ltr' id='par_1_1' title="bbox 152 125 208 192">
     <span class='ocr_line' id='line_1_1' title="bbox 152 125 208 192; baseline -0.054 -10"><span class='ocrx_word' id='word_1_1' title='bbox 152 125 208 192; x_wconf 75' lang='grc'>381</span> 
     </span>
    </p>
   </div>
   <div class='ocr_carea' id='block_1_2' title="bbox 312 119 1040 182">
    <p class='ocr_par' dir='ltr' id='par_1_2' title="bbox 312 119 1040 182">
     <span class='ocr_line' id='line_1_2' title="bbox 312 119 1040 182; baseline -0.005 -3"><span class='ocrx_word' id='word_1_2' title='bbox 312 123 463 182; x_wconf 87' lang='lat' dir='ltr'>HUGONIS</span> <span class='ocrx_word' id='word_1_3' title='bbox 482 127 527 180; x_wconf 89' lang='lat' dir='ltr'>DE</span> <span class='ocrx_word' id='word_1_4' title='bbox 548 126 576 180; x_wconf 85' lang='lat' dir='ltr'>S.</span> <span class='ocrx_word' id='word_1_5' title='bbox 597 123 744 182; x_wconf 83' lang='lat' dir='ltr'>VICTORE</span> <span class='ocrx_word' id='word_1_6' title='bbox 763 122 837 177; x_wconf 86' lang='lat' dir='ltr'><strong>OPP.</strong></span> <span class='ocrx_word' id='word_1_7' title='bbox 857 119 946 177; x_wconf 75' lang='lat' dir='ltr'>Pras</span> <span class='ocrx_word' id='word_1_8' title='bbox 966 123 985 176; x_wconf 92' lang='lat' dir='ltr'>l.</span> <span class='ocrx_word' id='word_1_9' title='bbox 1007 151 1040 161; x_wconf 94' lang='lat'><em>-</em></span> 
     </span>
    </p>
   </div>
   <div class='ocr_carea' id='block_1_3' title="bbox 1060 120 1864 199">
    <p class='ocr_par' dir='ltr' id='par_1_3' title="bbox 1060 120 1864 199">
     <span class='ocr_line' id='line_1_3' title="bbox 1060 120 1864 199; baseline 0.001 -22"><span class='ocrx_word' id='word_1_10' title='bbox 1060 120 1354 199; x_wconf 66' lang='lat' dir='ltr'>athanatos-1.</span> <span class='ocrx_word' id='word_1_11' title='bbox 1377 125 1409 178; x_wconf 83' lang='grc' dir='ltr'>ΙΝ</span> <span class='ocrx_word' id='word_1_12' title='bbox 1431 124 1459 178; x_wconf 85' lang='lat' dir='ltr'>S.</span> <span class='ocrx_word' id='word_1_13' title='bbox 1481 123 1706 179; x_wconf 82' lang='lat' dir='ltr'>SCRIPTURAM.</span> <span class='ocrx_word' id='word_1_14' title='bbox 1812 126 1864 179; x_wconf 84' lang='grc'>388</span> 
     </span>
    </p>
   </div>
   <div class='ocr_carea' id='block_1_4' title="bbox 152 245 1866 319">
    <p class='ocr_par' dir='ltr' id='par_1_4' title="bbox 152 245 1866 319">
     <span class='ocr_line' id='line_1_4' title="bbox 152 245 1866 319; baseline -0.001 -17"><span class='ocrx_word' id='word_1_15' title='bbox 152 246 235 302; x_wconf 89' lang='lat' dir='ltr'>Unde</span> <span class='ocrx_word' id='word_1_16' title='bbox 249 247 303 302; x_wconf 90' lang='lat' dir='ltr'>tob</span> <span class='ocrx_word' id='word_1_17' title='bbox 320 264 326 303; x_wconf 77' lang='grc' dir='ltr'><strong><em>ε</em></strong></span> <span class='ocrx_word' id='word_1_18' title='bbox 344 250 442 316; x_wconf 81' lang='lat' dir='ltr'>tharc</span> <span class='ocrx_word' id='word_1_19' title='bbox 458 252 555 306; x_wconf 85' lang='lat' dir='ltr'>lacero</span> <span class='ocrx_word' id='word_1_20' title='bbox 576 264 696 305; x_wconf 79' lang='lat' dir='ltr'>carnem</span> <span class='ocrx_word' id='word_1_21' title='bbox 719 245 1178 304; x_wconf 76' lang='grc' dir='ltr'>(1001110000001001000011ίί000</span> <span class='ocrx_word' id='word_1_22' title='bbox 1203 249 1357 303; x_wconf 88' lang='lat' dir='ltr'>attenuat:</span> <span class='ocrx_word' id='word_1_23' title='bbox 1382 250 1410 303; x_wconf 90' lang='lat' dir='ltr'>ct</span> <span class='ocrx_word' id='word_1_24' title='bbox 1430 245 1580 319; x_wconf 72' lang='lat' dir='ltr'>spirituale</span> <span class='ocrx_word' id='word_1_25' title='bbox 1607 246 1777 302; x_wconf 68' lang='lat' dir='ltr'>exercitium</span> <span class='ocrx_word' id='word_1_26' title='bbox 1800 260 1866 301; x_wconf 87' lang='lat' dir='ltr'>scn-</span> 
     </span>
    </p>
   </div>
   <div class='ocr_carea' id='block_1_5' title="bbox 138 331 996 1568">
    <p class='ocr_par' dir='ltr' id='par_1_5' title="bbox 138 331 996 1568">
     <span class='ocr_line' id='line_1_5' title="bbox 152 331 980 406; baseline 0.001 -15"><span class='ocrx_word' id='word_1_27' title='bbox 152 336 282 392; x_wconf 83' lang='lat' dir='ltr'>aairnam</span> <span class='ocrx_word' id='word_1_28' title='bbox 297 351 392 392; x_wconf 82' lang='lat' dir='ltr'>incarn</span> <span class='ocrx_word' id='word_1_29' title='bbox 404 331 493 406; x_wconf 83' lang='lat' dir='ltr'>porto</span> <span class='ocrx_word' id='word_1_30' title='bbox 517 340 548 393; x_wconf 85' lang='lat' dir='ltr'>in</span> <span class='ocrx_word' id='word_1_31' title='bbox 563 337 700 393; x_wconf 72' lang='lat' dir='ltr'>titanibus</span> <span class='ocrx_word' id='word_1_32' title='bbox 715 338 784 393; x_wconf 84' lang='lat' dir='ltr'>meis</span> <span class='ocrx_word' id='word_1_33' title='bbox 800 335 813 391; x_wconf 77' lang='lat' dir='ltr'>‘i</span> <span class='ocrx_word' id='word_1_34' title='bbox 830 337 894 404; x_wconf 78' lang='lat' dir='ltr'>(aaa</span> <span class='ocrx_word' id='word_1_35' title='bbox 908 341 980 405; x_wconf 85' lang='lat' dir='ltr'>xia.)</span> 
     </span>
     <span class='ocr_line' id='line_1_6' title="bbox 151 426 981 497; baseline 0.002 -17"><span class='ocrx_word' id='word_1_36' title='bbox 151 427 223 480; x_wconf 89' lang='lat' dir='ltr'>ltem</span> <span class='ocrx_word' id='word_1_37' title='bbox 240 441 246 480; x_wconf 92' lang='lat'>:</span> <span class='ocrx_word' id='word_1_38' title='bbox 262 426 370 496; x_wconf 78' lang='lat' dir='ltr'>Pepipi</span> <span class='ocrx_word' id='word_1_39' title='bbox 379 426 479 496; x_wconf 78' lang='lat' dir='ltr'>scedas</span> <span class='ocrx_word' id='word_1_40' title='bbox 494 442 559 482; x_wconf 83' lang='lat' dir='ltr'>caru</span> <span class='ocrx_word' id='word_1_41' title='bbox 575 427 669 482; x_wconf 77' lang='lat' dir='ltr'>ceritis</span> <span class='ocrx_word' id='word_1_42' title='bbox 683 427 764 497; x_wconf 84' lang='lat' dir='ltr'>meis,</span> <span class='ocrx_word' id='word_1_43' title='bbox 780 431 858 482; x_wconf 83' lang='grc'>0100</span> <span class='ocrx_word' id='word_1_44' title='bbox 873 427 981 496; x_wconf 76' lang='lat' dir='ltr'>copita-</span> 
     </span>
     <span class='ocr_line' id='line_1_7' title="bbox 151 514 885 588; baseline -0.001 -18"><span class='ocrx_word' id='word_1_45' title='bbox 151 529 213 571; x_wconf 87' lang='lat' dir='ltr'>rem</span> <span class='ocrx_word' id='word_1_46' title='bbox 228 515 345 586; x_wconf 83' lang='lat' dir='ltr'>quidem</span> <span class='ocrx_word' id='word_1_47' title='bbox 360 515 396 571; x_wconf 88' lang='lat' dir='ltr'>de</span> <span class='ocrx_word' id='word_1_48' title='bbox 411 516 526 586; x_wconf 73' lang='grc'>0100100</span> <span class='ocrx_word' id='word_1_49' title='bbox 541 515 605 586; x_wconf 83' lang='lat' dir='ltr'>(Joa</span> <span class='ocrx_word' id='word_1_50' title='bbox 621 519 711 581; x_wconf 77' lang='lat' dir='ltr'>xxxi).</span> <span class='ocrx_word' id='word_1_51' title='bbox 729 514 885 588; x_wconf 78' lang='lat' dir='ltr'>Sequitur:</span> 
     </span>
     <span class='ocr_line' id='line_1_8' title="bbox 187 602 979 675; baseline -0.003 -16"><span class='ocrx_word' id='word_1_52' title='bbox 187 607 284 675; x_wconf 86' lang='lat' dir='ltr'>Usque</span> <span class='ocrx_word' id='word_1_53' title='bbox 309 603 348 660; x_wconf 92' lang='lat' dir='ltr'>ad</span> <span class='ocrx_word' id='word_1_54' title='bbox 372 604 533 660; x_wconf 88' lang='lat' dir='ltr'>terminum</span> <span class='ocrx_word' id='word_1_55' title='bbox 554 603 716 660; x_wconf 87' lang='lat' dir='ltr'>emiserunt</span> <span class='ocrx_word' id='word_1_56' title='bbox 736 608 773 659; x_wconf 89' lang='lat' dir='ltr'>te.</span> <span class='ocrx_word' id='word_1_57' title='bbox 799 602 979 668; x_wconf 84' lang='lat' dir='ltr'>Terminam,</span> 
     </span>
     <span class='ocr_line' id='line_1_9' title="bbox 146 690 979 763; baseline -0.004 -14"><span class='ocrx_word' id='word_1_58' title='bbox 146 692 248 763; x_wconf 81' lang='lat' dir='ltr'>J&#39;anuae</span> <span class='ocrx_word' id='word_1_59' title='bbox 261 690 332 749; x_wconf 89' lang='lat' dir='ltr'>dicit</span> <span class='ocrx_word' id='word_1_60' title='bbox 346 693 458 749; x_wconf 78' lang='lat' dir='ltr'>exitum</span> <span class='ocrx_word' id='word_1_61' title='bbox 474 710 480 748; x_wconf 92' lang='lat'>:</span> <span class='ocrx_word' id='word_1_62' title='bbox 497 692 588 748; x_wconf 88' lang='lat' dir='ltr'>habet</span> <span class='ocrx_word' id='word_1_63' title='bbox 601 693 680 749; x_wconf 90' lang='lat' dir='ltr'>enim</span> <span class='ocrx_word' id='word_1_64' title='bbox 696 694 782 759; x_wconf 83' lang='lat' dir='ltr'>Esau,</span> <span class='ocrx_word' id='word_1_65' title='bbox 799 691 830 747; x_wconf 91' lang='lat' dir='ltr'>id</span> <span class='ocrx_word' id='word_1_66' title='bbox 844 696 887 747; x_wconf 90' lang='lat' dir='ltr'>est</span> <span class='ocrx_word' id='word_1_67' title='bbox 899 708 979 763; x_wconf 83' lang='lat' dir='ltr'>cara,</span> 
     </span>
     <span class='ocr_line' id='line_1_10' title="bbox 138 774 980 852; baseline -0.002 -15"><span class='ocrx_word' id='word_1_68' title='bbox 138 774 327 852; x_wconf 82' lang='lat' dir='ltr'>thalamum,</span> <span class='ocrx_word' id='word_1_69' title='bbox 366 782 501 849; x_wconf 89' lang='lat' dir='ltr'>domum,</span> <span class='ocrx_word' id='word_1_70' title='bbox 541 782 660 850; x_wconf 89' lang='lat' dir='ltr'>atrium,</span> <span class='ocrx_word' id='word_1_71' title='bbox 691 781 842 838; x_wconf 85' lang='grc'>1001001000.</span> <span class='ocrx_word' id='word_1_72' title='bbox 877 784 980 837; x_wconf 84' lang='lat' dir='ltr'>Lectus</span> 
     </span>
     <span class='ocr_line' id='line_1_11' title="bbox 150 870 978 943; baseline -0.002 -17"><span class='ocrx_word' id='word_1_73' title='bbox 150 871 240 938; x_wconf 88' lang='lat' dir='ltr'>enim,</span> <span class='ocrx_word' id='word_1_74' title='bbox 263 870 404 943; x_wconf 89' lang='lat' dir='ltr'>iniquitas</span> <span class='ocrx_word' id='word_1_75' title='bbox 421 888 427 926; x_wconf 91' lang='lat'>:</span> <span class='ocrx_word' id='word_1_76' title='bbox 445 870 604 935; x_wconf 82' lang='lat' dir='ltr'>thalamus,</span> <span class='ocrx_word' id='word_1_77' title='bbox 628 871 839 943; x_wconf 86' lang='lat' dir='ltr'>superfluitas:</span> <span class='ocrx_word' id='word_1_78' title='bbox 859 870 978 937; x_wconf 71' lang='lat' dir='ltr'>(lomus,</span> 
     </span>
     <span class='ocr_line' id='line_1_12' title="bbox 149 959 981 1032; baseline 0 -18"><span class='ocrx_word' id='word_1_79' title='bbox 149 959 304 1015; x_wconf 83' lang='lat' dir='ltr'>curiositas</span> <span class='ocrx_word' id='word_1_80' title='bbox 321 977 327 1014; x_wconf 94' lang='lat'><strong>:</strong></span> <span class='ocrx_word' id='word_1_81' title='bbox 344 959 453 1015; x_wconf 91' lang='lat' dir='ltr'>atrium</span> <span class='ocrx_word' id='word_1_82' title='bbox 477 965 521 1016; x_wconf 90' lang='lat' dir='ltr'>est</span> <span class='ocrx_word' id='word_1_83' title='bbox 545 959 692 1032; x_wconf 84' lang='lat' dir='ltr'>voluptas.</span> <span class='ocrx_word' id='word_1_84' title='bbox 716 959 856 1032; x_wconf 76' lang='lat' dir='ltr'>Voluptas</span> <span class='ocrx_word' id='word_1_85' title='bbox 880 962 981 1014; x_wconf 80' lang='lat' dir='ltr'>moret</span> 
     </span>
     <span class='ocr_line' id='line_1_13' title="bbox 149 1048 979 1123; baseline -0.002 -18"><span class='ocrx_word' id='word_1_86' title='bbox 149 1048 300 1117; x_wconf 83' lang='lat' dir='ltr'>affectum,</span> <span class='ocrx_word' id='word_1_87' title='bbox 317 1049 472 1106; x_wconf 87' lang='lat' dir='ltr'>curiositas</span> <span class='ocrx_word' id='word_1_88' title='bbox 488 1065 619 1116; x_wconf 88' lang='lat' dir='ltr'>sensum,</span> <span class='ocrx_word' id='word_1_89' title='bbox 646 1049 835 1123; x_wconf 83' lang='lat' dir='ltr'>superfluitas</span> <span class='ocrx_word' id='word_1_90' title='bbox 856 1064 979 1104; x_wconf 90' lang='lat' dir='ltr'>consen·</span> 
     </span>
     <span class='ocr_line' id='line_1_14' title="bbox 148 1137 979 1212; baseline 0 -20"><span class='ocrx_word' id='word_1_91' title='bbox 148 1153 227 1204; x_wconf 85' lang='lat' dir='ltr'>snm,</span> <span class='ocrx_word' id='word_1_92' title='bbox 254 1137 395 1210; x_wconf 88' lang='lat' dir='ltr'>iniquitas</span> <span class='ocrx_word' id='word_1_93' title='bbox 423 1143 523 1195; x_wconf 88' lang='lat' dir='ltr'>actum</span> <span class='ocrx_word' id='word_1_94' title='bbox 549 1155 685 1212; x_wconf 88' lang='lat' dir='ltr'>operum.</span> <span class='ocrx_word' id='word_1_95' title='bbox 706 1139 804 1195; x_wconf 89' lang='lat' dir='ltr'>Sancti</span> <span class='ocrx_word' id='word_1_96' title='bbox 827 1154 897 1210; x_wconf 80' lang='lat' dir='ltr'>ergo</span> <span class='ocrx_word' id='word_1_97' title='bbox 923 1137 979 1192; x_wconf 83' lang='lat' dir='ltr'>&#39;siri</span> 
     </span>
     <span class='ocr_line' id='line_1_15' title="bbox 148 1227 979 1301; baseline 0.002 -20"><span class='ocrx_word' id='word_1_98' title='bbox 148 1228 226 1282; x_wconf 86' lang='lat' dir='ltr'>Esau</span> <span class='ocrx_word' id='word_1_99' title='bbox 237 1243 332 1301; x_wconf 92' lang='lat' dir='ltr'>usquc</span> <span class='ocrx_word' id='word_1_100' title='bbox 348 1229 387 1284; x_wconf 91' lang='lat' dir='ltr'>ad</span> <span class='ocrx_word' id='word_1_101' title='bbox 407 1230 568 1284; x_wconf 89' lang='lat' dir='ltr'>terminum</span> <span class='ocrx_word' id='word_1_102' title='bbox 583 1228 720 1284; x_wconf 90' lang='lat' dir='ltr'>emittunt</span> <span class='ocrx_word' id='word_1_103' title='bbox 736 1247 742 1284; x_wconf 89' lang='grc'>;</span> <span class='ocrx_word' id='word_1_104' title='bbox 758 1229 829 1301; x_wconf 89' lang='lat' dir='ltr'>quia</span> <span class='ocrx_word' id='word_1_105' title='bbox 844 1227 979 1299; x_wconf 88' lang='lat' dir='ltr'>iniquita-</span> 
     </span>
     <span class='ocr_line' id='line_1_16' title="bbox 147 1314 978 1389; baseline 0.001 -18"><span class='ocrx_word' id='word_1_106' title='bbox 147 1318 208 1372; x_wconf 82' lang='lat' dir='ltr'>tem</span> <span class='ocrx_word' id='word_1_107' title='bbox 222 1314 261 1371; x_wconf 89' lang='lat' dir='ltr'>ab</span> <span class='ocrx_word' id='word_1_108' title='bbox 276 1319 354 1383; x_wconf 88' lang='lat' dir='ltr'>actu,</span> <span class='ocrx_word' id='word_1_109' title='bbox 371 1317 604 1389; x_wconf 88' lang='lat' dir='ltr'>superfluitatem</span> <span class='ocrx_word' id='word_1_110' title='bbox 621 1333 811 1385; x_wconf 88' lang='lat' dir='ltr'>aconscnsu,</span> <span class='ocrx_word' id='word_1_111' title='bbox 827 1315 978 1373; x_wconf 87' lang='lat' dir='ltr'>curiosita-</span> 
     </span>
     <span class='ocr_line' id='line_1_17' title="bbox 147 1404 978 1477; baseline -0.001 -17"><span class='ocrx_word' id='word_1_112' title='bbox 147 1405 207 1460; x_wconf 81' lang='lat' dir='ltr'>tem</span> <span class='ocrx_word' id='word_1_113' title='bbox 222 1419 240 1459; x_wconf 92' lang='lat' dir='ltr'>a</span> <span class='ocrx_word' id='word_1_114' title='bbox 255 1419 353 1472; x_wconf 90' lang='lat' dir='ltr'>sensa,</span> <span class='ocrx_word' id='word_1_115' title='bbox 369 1404 555 1477; x_wconf 75' lang='lat' dir='ltr'>voluptatem</span> <span class='ocrx_word' id='word_1_116' title='bbox 569 1405 608 1461; x_wconf 90' lang='lat' dir='ltr'>ab</span> <span class='ocrx_word' id='word_1_117' title='bbox 620 1405 729 1461; x_wconf 82' lang='lat' dir='ltr'>atl&#39;ectu</span> <span class='ocrx_word' id='word_1_118' title='bbox 739 1405 872 1474; x_wconf 89' lang='lat' dir='ltr'>sollicito,</span> <span class='ocrx_word' id='word_1_119' title='bbox 887 1404 978 1460; x_wconf 88' lang='lat' dir='ltr'>dodu-</span> 
     </span>
     <span class='ocr_line' id='line_1_18' title="bbox 147 1491 996 1568; baseline 0.001 -20"><span class='ocrx_word' id='word_1_120' title='bbox 147 1496 227 1548; x_wconf 86' lang='lat' dir='ltr'>eunt.</span> <span class='ocrx_word' id='word_1_121' title='bbox 244 1491 394 1560; x_wconf 76' lang='lat' dir='ltr'>Emittam,</span> <span class='ocrx_word' id='word_1_122' title='bbox 411 1493 546 1566; x_wconf 89' lang='lat' dir='ltr'>inquam,</span> <span class='ocrx_word' id='word_1_123' title='bbox 564 1511 658 1568; x_wconf 90' lang='lat' dir='ltr'>usqae</span> <span class='ocrx_word' id='word_1_124' title='bbox 678 1495 717 1550; x_wconf 89' lang='lat' dir='ltr'>ad</span> <span class='ocrx_word' id='word_1_125' title='bbox 732 1495 891 1551; x_wconf 86' lang='lat' dir='ltr'>terminum</span> <span class='ocrx_word' id='word_1_126' title='bbox 915 1511 996 1550; x_wconf 51' lang='lat' dir='ltr'>cars</span> 
     </span>
    </p>
   </div>
   <div class='ocr_carea' id='block_1_6' title="bbox 1031 335 1869 1566">
    <p class='ocr_par' dir='ltr' id='par_1_6' title="bbox 1035 335 1865 499">
     <span class='ocr_line' id='line_1_19' title="bbox 1035 335 1865 410; baseline 0 -20"><span class='ocrx_word' id='word_1_127' title='bbox 1035 352 1123 392; x_wconf 90' lang='lat' dir='ltr'>saum</span> <span class='ocrx_word' id='word_1_128' title='bbox 1148 336 1343 410; x_wconf 83' lang='lat' dir='ltr'>petulantiam</span> <span class='ocrx_word' id='word_1_129' title='bbox 1366 336 1564 392; x_wconf 86' lang='lat' dir='ltr'>exterminat:</span> <span class='ocrx_word' id='word_1_130' title='bbox 1586 335 1694 391; x_wconf 92' lang='lat' dir='ltr'>chorus</span> <span class='ocrx_word' id='word_1_131' title='bbox 1721 336 1865 391; x_wconf 83' lang='lat' dir='ltr'>sirtatam</span> 
     </span>
     <span class='ocr_line' id='line_1_20' title="bbox 1035 424 1862 499; baseline 0.001 -20"><span class='ocrx_word' id='word_1_132' title='bbox 1035 424 1236 483; x_wconf 88' lang='lat' dir='ltr'>inordinatam</span> <span class='ocrx_word' id='word_1_133' title='bbox 1254 424 1527 499; x_wconf 88' lang='lat' dir='ltr'>concupiscentiam</span> <span class='ocrx_word' id='word_1_134' title='bbox 1540 428 1685 497; x_wconf 90' lang='lat' dir='ltr'>amputat.</span> <span class='ocrx_word' id='word_1_135' title='bbox 1704 424 1862 496; x_wconf 80' lang='lat' dir='ltr'>Sequitur:</span> 
     </span>
    </p>

    <p class='ocr_par' dir='ltr' id='par_1_7' title="bbox 1033 512 1869 1032">
     <span class='ocr_line' id='line_1_21' title="bbox 1071 512 1869 588; baseline -0.003 -19"><span class='ocrx_word' id='word_1_136' title='bbox 1071 517 1134 570; x_wconf 80' lang='lat' dir='ltr'>h&#39;on</span> <span class='ocrx_word' id='word_1_137' title='bbox 1150 519 1193 571; x_wconf 90' lang='lat' dir='ltr'>cst</span> <span class='ocrx_word' id='word_1_138' title='bbox 1206 516 1365 588; x_wconf 90' lang='lat' dir='ltr'>prudentia</span> <span class='ocrx_word' id='word_1_139' title='bbox 1385 515 1414 570; x_wconf 93' lang='lat' dir='ltr'>in</span> <span class='ocrx_word' id='word_1_140' title='bbox 1430 513 1610 580; x_wconf 78' lang='grc'>00001010</span> <span class='ocrx_word' id='word_1_141' title='bbox 1626 517 1713 583; x_wconf 86' lang='lat' dir='ltr'>Esau,</span> <span class='ocrx_word' id='word_1_142' title='bbox 1729 512 1869 569; x_wconf 76' lang='lat' dir='ltr'>videlicet</span> 
     </span>
     <span class='ocr_line' id='line_1_22' title="bbox 1034 601 1863 676; baseline 0 -20"><span class='ocrx_word' id='word_1_143' title='bbox 1034 601 1064 657; x_wconf 92' lang='lat' dir='ltr'>in</span> <span class='ocrx_word' id='word_1_144' title='bbox 1080 619 1178 671; x_wconf 87' lang='lat' dir='ltr'>carne,</span> <span class='ocrx_word' id='word_1_145' title='bbox 1195 603 1277 658; x_wconf 90' lang='lat' dir='ltr'>nulla</span> <span class='ocrx_word' id='word_1_146' title='bbox 1292 603 1458 676; x_wconf 79' lang='lat' dir='ltr'>prudentie</span> <span class='ocrx_word' id='word_1_147' title='bbox 1483 603 1547 674; x_wconf 90' lang='lat' dir='ltr'>ejas</span> <span class='ocrx_word' id='word_1_148' title='bbox 1562 607 1707 675; x_wconf 87' lang='lat' dir='ltr'>apparent</span> <span class='ocrx_word' id='word_1_149' title='bbox 1728 601 1863 672; x_wconf 74' lang='lat' dir='ltr'>uestigia,</span> 
     </span>
     <span class='ocr_line' id='line_1_23' title="bbox 1033 689 1863 762; baseline 0.001 -18"><span class='ocrx_word' id='word_1_150' title='bbox 1033 689 1090 745; x_wconf 90' lang='lat' dir='ltr'>nisi</span> <span class='ocrx_word' id='word_1_151' title='bbox 1106 690 1298 762; x_wconf 71' lang='lat' dir='ltr'>prelatorum</span> <span class='ocrx_word' id='word_1_152' title='bbox 1324 691 1414 748; x_wconf 86' lang='lat' dir='ltr'>trium</span> <span class='ocrx_word' id='word_1_153' title='bbox 1429 691 1587 748; x_wconf 83' lang='lat' dir='ltr'>claruerint</span> <span class='ocrx_word' id='word_1_154' title='bbox 1600 691 1715 747; x_wconf 78' lang='lat' dir='ltr'>vexilla.</span> <span class='ocrx_word' id='word_1_155' title='bbox 1732 691 1863 746; x_wconf 84' lang='lat' dir='ltr'>Primum</span> 
     </span>
     <span class='ocr_line' id='line_1_24' title="bbox 1034 780 1863 852; baseline -0.001 -17"><span class='ocrx_word' id='word_1_156' title='bbox 1034 795 1166 852; x_wconf 84' lang='lat' dir='ltr'>namque</span> <span class='ocrx_word' id='word_1_157' title='bbox 1181 781 1278 836; x_wconf 90' lang='lat' dir='ltr'>carnis</span> <span class='ocrx_word' id='word_1_158' title='bbox 1293 781 1437 838; x_wconf 88' lang='lat' dir='ltr'>malitiam</span> <span class='ocrx_word' id='word_1_159' title='bbox 1450 781 1580 838; x_wconf 79' lang='lat' dir='ltr'>excludit</span> <span class='ocrx_word' id='word_1_160' title='bbox 1596 800 1601 837; x_wconf 95' lang='lat'><strong>:</strong></span> <span class='ocrx_word' id='word_1_161' title='bbox 1620 780 1785 837; x_wconf 88' lang='lat' dir='ltr'>seeundum</span> <span class='ocrx_word' id='word_1_162' title='bbox 1798 781 1863 852; x_wconf 88' lang='lat' dir='ltr'>ejus</span> 
     </span>
     <span class='ocr_line' id='line_1_25' title="bbox 1033 868 1863 943; baseline 0 -20"><span class='ocrx_word' id='word_1_163' title='bbox 1033 868 1229 941; x_wconf 87' lang='lat' dir='ltr'>petulantiam</span> <span class='ocrx_word' id='word_1_164' title='bbox 1253 870 1352 943; x_wconf 90' lang='lat' dir='ltr'>sopit:</span> <span class='ocrx_word' id='word_1_165' title='bbox 1372 871 1488 928; x_wconf 88' lang='lat' dir='ltr'>tertiam</span> <span class='ocrx_word' id='word_1_166' title='bbox 1503 871 1567 942; x_wconf 86' lang='lat' dir='ltr'>ejas</span> <span class='ocrx_word' id='word_1_167' title='bbox 1591 869 1863 943; x_wconf 88' lang='lat' dir='ltr'>concupiscentiam</span> 
     </span>
     <span class='ocr_line' id='line_1_26' title="bbox 1033 957 1371 1032; baseline 0.015 -22"><span class='ocrx_word' id='word_1_168' title='bbox 1033 957 1120 1026; x_wconf 85' lang='lat' dir='ltr'>ejicit,</span> <span class='ocrx_word' id='word_1_169' title='bbox 1141 961 1195 1014; x_wconf 88' lang='lat' dir='ltr'>etc.</span> <span class='ocrx_word' id='word_1_170' title='bbox 1211 959 1348 1032; x_wconf 87' lang='lat' dir='ltr'>Sequitur</span> <span class='ocrx_word' id='word_1_171' title='bbox 1365 977 1371 1016; x_wconf 94' lang='lat'>:</span> 
     </span>
    </p>

    <p class='ocr_par' dir='ltr' id='par_1_8' title="bbox 1031 1046 1863 1566">
     <span class='ocr_line' id='line_1_27' title="bbox 1067 1046 1861 1119; baseline 0.003 -18"><span class='ocrx_word' id='word_1_172' title='bbox 1067 1046 1215 1118; x_wconf 82' lang='lat' dir='ltr'>Naaqaid</span> <span class='ocrx_word' id='word_1_173' title='bbox 1225 1057 1285 1104; x_wconf 82' lang='lat' dir='ltr'>aaa</span> <span class='ocrx_word' id='word_1_174' title='bbox 1297 1050 1328 1103; x_wconf 84' lang='lat' dir='ltr'>in</span> <span class='ocrx_word' id='word_1_175' title='bbox 1343 1049 1468 1116; x_wconf 81' lang='lat' dir='ltr'>dictita,</span> <span class='ocrx_word' id='word_1_176' title='bbox 1485 1049 1558 1105; x_wconf 87' lang='lat' dir='ltr'>dicit</span> <span class='ocrx_word' id='word_1_177' title='bbox 1572 1049 1725 1119; x_wconf 82' lang='lat' dir='ltr'>Dominus,</span> <span class='ocrx_word' id='word_1_178' title='bbox 1737 1049 1861 1118; x_wconf 84' lang='lat' dir='ltr'>perdam</span> 
     </span>
     <span class='ocr_line' id='line_1_28' title="bbox 1033 1137 1862 1209; baseline 0.002 -18"><span class='ocrx_word' id='word_1_179' title='bbox 1033 1137 1179 1205; x_wconf 84' lang='lat' dir='ltr'>sapientes</span> <span class='ocrx_word' id='word_1_180' title='bbox 1207 1137 1243 1193; x_wconf 90' lang='lat' dir='ltr'>de</span> <span class='ocrx_word' id='word_1_181' title='bbox 1268 1139 1399 1194; x_wconf 82' lang='lat' dir='ltr'>Idurnaa</span> <span class='ocrx_word' id='word_1_182' title='bbox 1426 1144 1454 1195; x_wconf 89' lang='lat' dir='ltr'>ct</span> <span class='ocrx_word' id='word_1_183' title='bbox 1476 1140 1672 1209; x_wconf 79' lang='lat' dir='ltr'>prudentiane</span> <span class='ocrx_word' id='word_1_184' title='bbox 1700 1138 1736 1193; x_wconf 87' lang='lat' dir='ltr'>de</span> <span class='ocrx_word' id='word_1_185' title='bbox 1765 1142 1862 1193; x_wconf 81' lang='lat' dir='ltr'>urente</span> 
     </span>
     <span class='ocr_line' id='line_1_29' title="bbox 1032 1224 1862 1297; baseline 0 -18"><span class='ocrx_word' id='word_1_186' title='bbox 1032 1224 1114 1281; x_wconf 85' lang='lat' dir='ltr'>Esau</span> <span class='ocrx_word' id='word_1_187' title='bbox 1127 1229 1141 1280; x_wconf 87' lang='lat'><strong><em>?</em></strong></span> <span class='ocrx_word' id='word_1_188' title='bbox 1153 1225 1194 1280; x_wconf 84' lang='lat' dir='ltr'>Et</span> <span class='ocrx_word' id='word_1_189' title='bbox 1209 1225 1351 1282; x_wconf 83' lang='lat' dir='ltr'>timebunt</span> <span class='ocrx_word' id='word_1_190' title='bbox 1365 1227 1459 1296; x_wconf 81' lang='lat' dir='ltr'>sortes</span> <span class='ocrx_word' id='word_1_191' title='bbox 1468 1228 1544 1284; x_wconf 86' lang='lat' dir='ltr'>taia</span> <span class='ocrx_word' id='word_1_192' title='bbox 1559 1227 1726 1297; x_wconf 81' lang='lat' dir='ltr'>ineridc&#39;e,at</span> <span class='ocrx_word' id='word_1_193' title='bbox 1735 1227 1862 1281; x_wconf 83' lang='lat' dir='ltr'>intereat</span> 
     </span>
     <span class='ocr_line' id='line_1_30' title="bbox 1032 1314 1863 1383; baseline -0.001 -13"><span class='ocrx_word' id='word_1_194' title='bbox 1032 1315 1079 1370; x_wconf 85' lang='lat' dir='ltr'>air</span> <span class='ocrx_word' id='word_1_195' title='bbox 1094 1315 1131 1370; x_wconf 88' lang='lat' dir='ltr'>de</span> <span class='ocrx_word' id='word_1_196' title='bbox 1144 1314 1229 1370; x_wconf 79' lang='lat' dir='ltr'>doario</span> <span class='ocrx_word' id='word_1_197' title='bbox 1243 1315 1336 1372; x_wconf 84' lang='lat' dir='ltr'>Esau.</span> <span class='ocrx_word' id='word_1_198' title='bbox 1349 1318 1436 1372; x_wconf 76' lang='lat' dir='ltr'>iaxta</span> <span class='ocrx_word' id='word_1_199' title='bbox 1444 1315 1609 1383; x_wconf 85' lang='lat' dir='ltr'>lrtstoriam,</span> <span class='ocrx_word' id='word_1_200' title='bbox 1624 1315 1772 1370; x_wconf 79' lang='lat' dir='ltr'>excidium</span> <span class='ocrx_word' id='word_1_201' title='bbox 1783 1330 1863 1370; x_wconf 90' lang='lat' dir='ltr'>com-</span> 
     </span>
     <span class='ocr_line' id='line_1_31' title="bbox 1031 1401 1859 1476; baseline -0.001 -19"><span class='ocrx_word' id='word_1_202' title='bbox 1031 1401 1163 1458; x_wconf 90' lang='lat' dir='ltr'>minatur</span> <span class='ocrx_word' id='word_1_203' title='bbox 1173 1403 1318 1459; x_wconf 90' lang='lat' dir='ltr'>Dominus</span> <span class='ocrx_word' id='word_1_204' title='bbox 1332 1403 1470 1459; x_wconf 75' lang='lat' dir='ltr'>Idumaeae</span> <span class='ocrx_word' id='word_1_205' title='bbox 1481 1402 1570 1476; x_wconf 86' lang='lat' dir='ltr'>plebi.</span> <span class='ocrx_word' id='word_1_206' title='bbox 1580 1406 1665 1460; x_wconf 84' lang='lat' dir='ltr'>Juxta</span> <span class='ocrx_word' id='word_1_207' title='bbox 1677 1401 1859 1471; x_wconf 78' lang='lat' dir='ltr'>allegoriam,</span> 
     </span>
     <span class='ocr_line' id='line_1_32' title="bbox 1031 1490 1859 1566; baseline -0.001 -19"><span class='ocrx_word' id='word_1_208' title='bbox 1031 1490 1186 1561; x_wconf 84' lang='lat' dir='ltr'>haereticis,</span> <span class='ocrx_word' id='word_1_209' title='bbox 1211 1492 1258 1549; x_wconf 82' lang='lat' dir='ltr'>sel</span> <span class='ocrx_word' id='word_1_210' title='bbox 1273 1492 1386 1566; x_wconf 91' lang='lat' dir='ltr'>populo</span> <span class='ocrx_word' id='word_1_211' title='bbox 1410 1493 1519 1565; x_wconf 81' lang='lat' dir='ltr'>gentili.</span> <span class='ocrx_word' id='word_1_212' title='bbox 1543 1497 1629 1549; x_wconf 83' lang='lat' dir='ltr'>Juxta</span> <span class='ocrx_word' id='word_1_213' title='bbox 1650 1491 1859 1564; x_wconf 79' lang='lat' dir='ltr'>tropologiam,</span> 
     </span>
    </p>
   </div>
   <div class='ocr_carea' id='block_1_7' title="bbox 125 1578 1862 5039">
    <p class='ocr_par' dir='ltr' id='par_1_9' title="bbox 125 1578 1862 5039">
     <span class='ocr_line' id='line_1_33' title="bbox 145 1578 1862 1656; baseline -0.002 -20"><span class='ocrx_word' id='word_1_214' title='bbox 145 1594 226 1648; x_wconf 88' lang='lat' dir='ltr'>nem,</span> <span class='ocrx_word' id='word_1_215' title='bbox 241 1581 364 1653; x_wconf 90' lang='lat' dir='ltr'>qnando</span> <span class='ocrx_word' id='word_1_216' title='bbox 378 1597 446 1637; x_wconf 88' lang='lat' dir='ltr'>eam</span> <span class='ocrx_word' id='word_1_217' title='bbox 459 1582 498 1638; x_wconf 91' lang='lat' dir='ltr'>ad</span> <span class='ocrx_word' id='word_1_218' title='bbox 508 1582 622 1653; x_wconf 86' lang='lat' dir='ltr'>justam</span> <span class='ocrx_word' id='word_1_219' title='bbox 637 1587 665 1638; x_wconf 92' lang='lat' dir='ltr'>et</span> <span class='ocrx_word' id='word_1_220' title='bbox 677 1582 809 1639; x_wconf 85' lang='lat' dir='ltr'>debitam</span> <span class='ocrx_word' id='word_1_221' title='bbox 825 1583 977 1640; x_wconf 88' lang='lat' dir='ltr'>retrahunt</span> <span class='ocrx_word' id='word_1_222' title='bbox 997 1602 1017 1656; x_wconf 89' lang='lat' dir='ltr'>B</span> <span class='ocrx_word' id='word_1_223' title='bbox 1032 1581 1123 1637; x_wconf 60' lang='lat' dir='ltr'>carni,</span> <span class='ocrx_word' id='word_1_224' title='bbox 1140 1581 1206 1637; x_wconf 85' lang='lat' dir='ltr'>Dies</span> <span class='ocrx_word' id='word_1_225' title='bbox 1221 1581 1280 1650; x_wconf 88' lang='lat' dir='ltr'>illa,</span> <span class='ocrx_word' id='word_1_226' title='bbox 1296 1581 1333 1637; x_wconf 94' lang='lat' dir='ltr'>de</span> <span class='ocrx_word' id='word_1_227' title='bbox 1348 1598 1409 1656; x_wconf 90' lang='lat' dir='ltr'>qua</span> <span class='ocrx_word' id='word_1_228' title='bbox 1423 1581 1564 1638; x_wconf 89' lang='lat' dir='ltr'>Dominus</span> <span class='ocrx_word' id='word_1_229' title='bbox 1578 1580 1657 1649; x_wconf 92' lang='lat' dir='ltr'>dicit,</span> <span class='ocrx_word' id='word_1_230' title='bbox 1673 1578 1862 1636; x_wconf 90' lang='lat' dir='ltr'>historialiter</span> 
     </span>
     <span class='ocr_line' id='line_1_34' title="bbox 144 1669 1859 1744; baseline -0.002 -20"><span class='ocrx_word' id='word_1_231' title='bbox 144 1669 361 1726; x_wconf 89' lang='lat' dir='ltr'>necessitatem.</span> <span class='ocrx_word' id='word_1_232' title='bbox 382 1673 441 1726; x_wconf 93' lang='lat' dir='ltr'>lloc</span> <span class='ocrx_word' id='word_1_233' title='bbox 466 1675 567 1741; x_wconf 84' lang='lat' dir='ltr'>egerat</span> <span class='ocrx_word' id='word_1_234' title='bbox 580 1670 637 1739; x_wconf 85' lang='lat' dir='ltr'>ille,</span> <span class='ocrx_word' id='word_1_235' title='bbox 654 1671 707 1744; x_wconf 87' lang='lat' dir='ltr'>qai</span> <span class='ocrx_word' id='word_1_236' title='bbox 721 1672 838 1728; x_wconf 88' lang='lat' dir='ltr'>dicebat</span> <span class='ocrx_word' id='word_1_237' title='bbox 858 1690 863 1728; x_wconf 96' lang='lat'><strong>:</strong></span> <span class='ocrx_word' id='word_1_238' title='bbox 881 1673 976 1742; x_wconf 82' lang='lat' dir='ltr'>Prop-</span> <span class='ocrx_word' id='word_1_239' title='bbox 1031 1671 1195 1727; x_wconf 78' lang='lat' dir='ltr'>adsentam</span> <span class='ocrx_word' id='word_1_240' title='bbox 1223 1670 1456 1743; x_wconf 78' lang='lat' dir='ltr'>Babyloniorum</span> <span class='ocrx_word' id='word_1_241' title='bbox 1485 1670 1632 1742; x_wconf 77' lang='lat' dir='ltr'>significat</span> <span class='ocrx_word' id='word_1_242' title='bbox 1654 1669 1694 1725; x_wconf 91' lang='lat' dir='ltr'>ad</span> <span class='ocrx_word' id='word_1_243' title='bbox 1720 1669 1859 1724; x_wconf 67' lang='lat' dir='ltr'>Idumaeae</span> 
     </span>
     <span class='ocr_line' id='line_1_35' title="bbox 146 1756 1861 1831; baseline -0.001 -19"><span class='ocrx_word' id='word_1_244' title='bbox 146 1763 191 1814; x_wconf 84' lang='lat' dir='ltr'>ter·</span> <span class='ocrx_word' id='word_1_245' title='bbox 206 1763 233 1815; x_wconf 89' lang='lat' dir='ltr'>te</span> <span class='ocrx_word' id='word_1_246' title='bbox 247 1761 465 1828; x_wconf 78' lang='lat' dir='ltr'>mortificamur</span> <span class='ocrx_word' id='word_1_247' title='bbox 476 1765 537 1816; x_wconf 88' lang='lat' dir='ltr'>tota</span> <span class='ocrx_word' id='word_1_248' title='bbox 553 1761 620 1817; x_wconf 73' lang='lat' dir='ltr'>ilie:</span> <span class='ocrx_word' id='word_1_249' title='bbox 637 1763 887 1818; x_wconf 83' lang='lat' dir='ltr'>aestintatisamas</span> <span class='ocrx_word' id='word_1_250' title='bbox 900 1762 976 1818; x_wconf 85' lang='lat' dir='ltr'>sicut</span> <span class='ocrx_word' id='word_1_251' title='bbox 1030 1759 1270 1815; x_wconf 84' lang='lat' dir='ltr'>destructionem.</span> <span class='ocrx_word' id='word_1_252' title='bbox 1287 1758 1449 1831; x_wconf 73' lang='lat' dir='ltr'>allegorice</span> <span class='ocrx_word' id='word_1_253' title='bbox 1464 1759 1628 1816; x_wconf 81' lang='lat' dir='ltr'>adventum</span> <span class='ocrx_word' id='word_1_254' title='bbox 1639 1756 1782 1815; x_wconf 78' lang='lat' dir='ltr'>christiin</span> <span class='ocrx_word' id='word_1_255' title='bbox 1797 1772 1861 1812; x_wconf 89' lang='lat' dir='ltr'>car-</span> 
     </span>
     <span class='ocr_line' id='line_1_36' title="bbox 144 1845 1860 1922; baseline -0.002 -19"><span class='ocrx_word' id='word_1_256' title='bbox 144 1861 210 1903; x_wconf 79' lang='grc'>0000</span> <span class='ocrx_word' id='word_1_257' title='bbox 225 1849 378 1904; x_wconf 80' lang='lat' dir='ltr'>occisionis</span> <span class='ocrx_word' id='word_1_258' title='bbox 392 1849 485 1919; x_wconf 82' lang='lat' dir='ltr'>(Psoi.</span> <span class='ocrx_word' id='word_1_259' title='bbox 502 1854 591 1917; x_wconf 81' lang='lat' dir='ltr'>anri).</span> <span class='ocrx_word' id='word_1_260' title='bbox 603 1852 663 1905; x_wconf 91' lang='lat' dir='ltr'>lloc</span> <span class='ocrx_word' id='word_1_261' title='bbox 674 1851 841 1922; x_wconf 72' lang='lat' dir='ltr'>Apostolus,</span> <span class='ocrx_word' id='word_1_262' title='bbox 853 1850 973 1905; x_wconf 89' lang='lat' dir='ltr'>dicens:</span> <span class='ocrx_word' id='word_1_263' title='bbox 1029 1864 1067 1904; x_wconf 92' lang='lat' dir='ltr'>ne</span> <span class='ocrx_word' id='word_1_264' title='bbox 1082 1848 1121 1904; x_wconf 91' lang='lat' dir='ltr'>ad</span> <span class='ocrx_word' id='word_1_265' title='bbox 1134 1848 1267 1918; x_wconf 78' lang='lat' dir='ltr'>gentiam</span> <span class='ocrx_word' id='word_1_266' title='bbox 1281 1848 1477 1904; x_wconf 80' lang='lat' dir='ltr'>vocationem.</span> <span class='ocrx_word' id='word_1_267' title='bbox 1493 1846 1685 1921; x_wconf 73' lang='lat' dir='ltr'>&#39;tropologice</span> <span class='ocrx_word' id='word_1_268' title='bbox 1700 1846 1793 1919; x_wconf 86' lang='lat' dir='ltr'>ipsius</span> <span class='ocrx_word' id='word_1_269' title='bbox 1808 1845 1860 1900; x_wconf 91' lang='lat' dir='ltr'>ad·</span> 
     </span>
     <span class='ocr_line' id='line_1_37' title="bbox 144 1934 1860 2011; baseline -0.001 -20"><span class='ocrx_word' id='word_1_270' title='bbox 144 1934 231 1991; x_wconf 74' lang='lat' dir='ltr'>Natat</span> <span class='ocrx_word' id='word_1_271' title='bbox 244 1938 275 1992; x_wconf 83' lang='lat' dir='ltr'>ia</span> <span class='ocrx_word' id='word_1_272' title='bbox 299 1937 444 1992; x_wconf 75' lang='lat' dir='ltr'>masadam</span> <span class='ocrx_word' id='word_1_273' title='bbox 462 1938 628 2010; x_wconf 80' lang='lat' dir='ltr'>intulimus,</span> <span class='ocrx_word' id='word_1_274' title='bbox 654 1936 737 1994; x_wconf 82' lang='grc'>100001</span> <span class='ocrx_word' id='word_1_275' title='bbox 759 1938 976 2011; x_wconf 78' lang='lat' dir='ltr'>dubiumquod</span> <span class='ocrx_word' id='word_1_276' title='bbox 1028 1940 1152 1993; x_wconf 79' lang='lat' dir='ltr'>sentum</span> <span class='ocrx_word' id='word_1_277' title='bbox 1164 1937 1333 1993; x_wconf 89' lang='lat' dir='ltr'>inmcntcm</span> <span class='ocrx_word' id='word_1_278' title='bbox 1344 1937 1543 2007; x_wconf 79' lang='lat' dir='ltr'>adrehgionis</span> <span class='ocrx_word' id='word_1_279' title='bbox 1554 1934 1860 1993; x_wconf 79' lang='lat' dir='ltr'>conversionemDics</span> 
     </span>
     <span class='ocr_line' id='line_1_38' title="bbox 144 2023 1860 2099; baseline 0 -21"><span class='ocrx_word' id='word_1_280' title='bbox 144 2024 278 2080; x_wconf 77' lang='lat' dir='ltr'>perinde</span> <span class='ocrx_word' id='word_1_281' title='bbox 291 2026 414 2095; x_wconf 74' lang='lat' dir='ltr'>cresccre</span> <span class='ocrx_word' id='word_1_282' title='bbox 428 2026 501 2097; x_wconf 82' lang='lat' dir='ltr'>qaid</span> <span class='ocrx_word' id='word_1_283' title='bbox 518 2041 683 2095; x_wconf 83' lang='lat' dir='ltr'>possamus.</span> <span class='ocrx_word' id='word_1_284' title='bbox 705 2027 855 2084; x_wconf 80' lang='lat' dir='ltr'>Habentes</span> <span class='ocrx_word' id='word_1_285' title='bbox 877 2033 975 2084; x_wconf 82' lang='lat' dir='ltr'>autern</span> <span class='ocrx_word' id='word_1_286' title='bbox 1028 2026 1075 2083; x_wconf 91' lang='lat' dir='ltr'>hie</span> <span class='ocrx_word' id='word_1_287' title='bbox 1087 2025 1510 2099; x_wconf 76' lang='lat' dir='ltr'>prosperitateu1,rellaetitiam</span> <span class='ocrx_word' id='word_1_288' title='bbox 1520 2023 1778 2096; x_wconf 85' lang='lat' dir='ltr'>signiticatvicinis</span> <span class='ocrx_word' id='word_1_289' title='bbox 1790 2039 1860 2093; x_wconf 81' lang='lat' dir='ltr'>gen·</span> 
     </span>
     <span class='ocr_line' id='line_1_39' title="bbox 143 2113 1859 2190; baseline -0.001 -21"><span class='ocrx_word' id='word_1_290' title='bbox 143 2116 265 2186; x_wconf 85' lang='lat' dir='ltr'>victam,</span> <span class='ocrx_word' id='word_1_291' title='bbox 281 2120 310 2170; x_wconf 89' lang='lat' dir='ltr'>et</span> <span class='ocrx_word' id='word_1_292' title='bbox 324 2117 470 2182; x_wconf 85' lang='lat' dir='ltr'>vestitam,</span> <span class='ocrx_word' id='word_1_293' title='bbox 488 2115 533 2171; x_wconf 79' lang='lat' dir='ltr'>lais</span> <span class='ocrx_word' id='word_1_294' title='bbox 549 2117 781 2173; x_wconf 80' lang='lat' dir='ltr'>corctcntisirnus</span> <span class='ocrx_word' id='word_1_295' title='bbox 796 2117 909 2190; x_wconf 79' lang='grc'>(11100.</span> <span class='ocrx_word' id='word_1_296' title='bbox 927 2117 973 2189; x_wconf 83' lang='lat' dir='ltr'>u),</span> <span class='ocrx_word' id='word_1_297' title='bbox 1029 2114 1107 2172; x_wconf 89' lang='lat' dir='ltr'>tibus</span> <span class='ocrx_word' id='word_1_298' title='bbox 1132 2115 1269 2172; x_wconf 90' lang='lat' dir='ltr'>collatam</span> <span class='ocrx_word' id='word_1_299' title='bbox 1293 2132 1382 2188; x_wconf 87' lang='lat' dir='ltr'>super</span> <span class='ocrx_word' id='word_1_300' title='bbox 1402 2115 1538 2170; x_wconf 77' lang='lat' dir='ltr'>idumaeae</span> <span class='ocrx_word' id='word_1_301' title='bbox 1567 2113 1775 2170; x_wconf 88' lang='lat' dir='ltr'>destructione.</span> <span class='ocrx_word' id='word_1_302' title='bbox 1800 2115 1859 2167; x_wconf 85' lang='lat' dir='ltr'>lloc</span> 
     </span>
     <span class='ocr_line' id='line_1_40' title="bbox 144 2203 1859 2276; baseline -0.001 -18"><span class='ocrx_word' id='word_1_303' title='bbox 144 2206 198 2259; x_wconf 89' lang='grc'>010.</span> <span class='ocrx_word' id='word_1_304' title='bbox 216 2203 354 2276; x_wconf 85' lang='lat' dir='ltr'>Sequitur</span> <span class='ocrx_word' id='word_1_305' title='bbox 370 2223 376 2260; x_wconf 80' lang='lat' dir='ltr'><strong><em>z</em></strong></span> <span class='ocrx_word' id='word_1_306' title='bbox 1029 2204 1110 2261; x_wconf 90' lang='lat' dir='ltr'>idem</span> <span class='ocrx_word' id='word_1_307' title='bbox 1128 2205 1240 2261; x_wconf 67' lang='lat' dir='ltr'>vocatis</span> <span class='ocrx_word' id='word_1_308' title='bbox 1256 2205 1295 2260; x_wconf 92' lang='lat' dir='ltr'>ad</span> <span class='ocrx_word' id='word_1_309' title='bbox 1306 2204 1398 2260; x_wconf 89' lang='lat' dir='ltr'>tidem</span> <span class='ocrx_word' id='word_1_310' title='bbox 1413 2221 1449 2259; x_wconf 83' lang='lat' dir='ltr'>ex</span> <span class='ocrx_word' id='word_1_311' title='bbox 1463 2220 1568 2261; x_wconf 91' lang='lat' dir='ltr'>eornm</span> <span class='ocrx_word' id='word_1_312' title='bbox 1582 2203 1784 2260; x_wconf 84' lang='lat' dir='ltr'>conversione.</span> <span class='ocrx_word' id='word_1_313' title='bbox 1799 2204 1859 2257; x_wconf 88' lang='lat' dir='ltr'>Hoc</span> 
     </span>
     <span class='ocr_line' id='line_1_41' title="bbox 180 2290 1858 2369; baseline 0 -23"><span class='ocrx_word' id='word_1_314' title='bbox 180 2293 288 2347; x_wconf 89' lang='lat' dir='ltr'>Omnes</span> <span class='ocrx_word' id='word_1_315' title='bbox 303 2292 356 2348; x_wconf 84' lang='lat' dir='ltr'>viri</span> <span class='ocrx_word' id='word_1_316' title='bbox 375 2292 494 2349; x_wconf 86' lang='lat' dir='ltr'>loedcris</span> <span class='ocrx_word' id='word_1_317' title='bbox 518 2295 559 2369; x_wconf 81' lang='lat' dir='ltr'>tui</span> <span class='ocrx_word' id='word_1_318' title='bbox 575 2295 731 2353; x_wconf 89' lang='lat' dir='ltr'>illuserunt</span> <span class='ocrx_word' id='word_1_319' title='bbox 754 2295 827 2352; x_wconf 88' lang='lat' dir='ltr'>tihi:</span> <span class='ocrx_word' id='word_1_320' title='bbox 844 2296 975 2353; x_wconf 81' lang='lat' dir='ltr'>invaluc-</span> <span class='ocrx_word' id='word_1_321' title='bbox 1028 2293 1109 2351; x_wconf 92' lang='lat' dir='ltr'>idem</span> <span class='ocrx_word' id='word_1_322' title='bbox 1123 2293 1244 2351; x_wconf 88' lang='lat' dir='ltr'>mutatis</span> <span class='ocrx_word' id='word_1_323' title='bbox 1261 2294 1300 2350; x_wconf 91' lang='lat' dir='ltr'>ad</span> <span class='ocrx_word' id='word_1_324' title='bbox 1323 2292 1496 2363; x_wconf 77' lang='lat' dir='ltr'>religionem</span> <span class='ocrx_word' id='word_1_325' title='bbox 1517 2310 1552 2349; x_wconf 85' lang='lat' dir='ltr'>ex</span> <span class='ocrx_word' id='word_1_326' title='bbox 1568 2309 1672 2349; x_wconf 91' lang='lat' dir='ltr'>eorum</span> <span class='ocrx_word' id='word_1_327' title='bbox 1695 2290 1858 2347; x_wconf 85' lang='lat' dir='ltr'>sanctitica-</span> 
     </span>
     <span class='ocr_line' id='line_1_42' title="bbox 142 2380 1859 2458; baseline 0 -24"><span class='ocrx_word' id='word_1_328' title='bbox 142 2384 213 2435; x_wconf 90' lang='lat' dir='ltr'>rant</span> <span class='ocrx_word' id='word_1_329' title='bbox 224 2380 383 2437; x_wconf 81' lang='lat' dir='ltr'>adversam</span> <span class='ocrx_word' id='word_1_330' title='bbox 398 2385 425 2438; x_wconf 88' lang='lat' dir='ltr'>te</span> <span class='ocrx_word' id='word_1_331' title='bbox 441 2398 546 2439; x_wconf 91' lang='lat' dir='ltr'>omnes</span> <span class='ocrx_word' id='word_1_332' title='bbox 560 2383 614 2439; x_wconf 84' lang='lat' dir='ltr'>riri</span> <span class='ocrx_word' id='word_1_333' title='bbox 628 2385 711 2458; x_wconf 90' lang='lat' dir='ltr'>pacis</span> <span class='ocrx_word' id='word_1_334' title='bbox 726 2384 862 2452; x_wconf 68' lang='lat' dir='ltr'>tarentini</span> <span class='ocrx_word' id='word_1_335' title='bbox 877 2402 974 2442; x_wconf 90' lang='lat' dir='ltr'>come·</span> <span class='ocrx_word' id='word_1_336' title='bbox 1029 2383 1118 2440; x_wconf 91' lang='lat' dir='ltr'>tionc.</span> <span class='ocrx_word' id='word_1_337' title='bbox 1146 2383 1295 2457; x_wconf 88' lang='lat' dir='ltr'>Sapientia</span> <span class='ocrx_word' id='word_1_338' title='bbox 1320 2382 1351 2439; x_wconf 88' lang='lat' dir='ltr'>in</span> <span class='ocrx_word' id='word_1_339' title='bbox 1376 2384 1432 2440; x_wconf 91' lang='lat' dir='ltr'>hoc</span> <span class='ocrx_word' id='word_1_340' title='bbox 1456 2382 1522 2439; x_wconf 87' lang='lat' dir='ltr'>loco</span> <span class='ocrx_word' id='word_1_341' title='bbox 1547 2383 1694 2453; x_wconf 83' lang='lat' dir='ltr'>significat</span> <span class='ocrx_word' id='word_1_342' title='bbox 1719 2381 1859 2436; x_wconf 88' lang='lat' dir='ltr'>atlcctum</span> 
     </span>
     <span class='ocr_line' id='line_1_43' title="bbox 142 2461 1857 2545; baseline -0.001 -20"><span class='ocrx_word' id='word_1_343' title='bbox 142 2467 217 2526; x_wconf 87' lang='lat' dir='ltr'>dant</span> <span class='ocrx_word' id='word_1_344' title='bbox 230 2486 341 2543; x_wconf 92' lang='lat' dir='ltr'>panem</span> <span class='ocrx_word' id='word_1_345' title='bbox 357 2476 455 2528; x_wconf 89' lang='lat' dir='ltr'>tecam</span> <span class='ocrx_word' id='word_1_346' title='bbox 477 2478 590 2545; x_wconf 90' lang='lat' dir='ltr'>ponent</span> <span class='ocrx_word' id='word_1_347' title='bbox 613 2473 736 2531; x_wconf 85' lang='lat' dir='ltr'>insidias</span> <span class='ocrx_word' id='word_1_348' title='bbox 752 2475 975 2531; x_wconf 72' lang='grc' dir='ltr'>5010100101Ιὶ-</span> <span class='ocrx_word' id='word_1_349' title='bbox 1007 2461 1158 2528; x_wconf 56' lang='lat' dir='ltr'>&#39;malitiaa</span> <span class='ocrx_word' id='word_1_350' title='bbox 1175 2472 1342 2538; x_wconf 85' lang='lat' dir='ltr'>Prudentia,</span> <span class='ocrx_word' id='word_1_351' title='bbox 1358 2472 1549 2528; x_wconf 87' lang='lat' dir='ltr'>calliditatem</span> <span class='ocrx_word' id='word_1_352' title='bbox 1558 2471 1720 2529; x_wconf 81' lang='lat' dir='ltr'>mundanae</span> <span class='ocrx_word' id='word_1_353' title='bbox 1732 2469 1857 2525; x_wconf 72' lang='lat' dir='ltr'>astutiae.</span> 
     </span>
     <span class='ocr_line' id='line_1_44' title="bbox 140 2558 1858 2636; baseline 0.001 -23"><span class='ocrx_word' id='word_1_354' title='bbox 140 2558 256 2631; x_wconf 82' lang='lat' dir='ltr'>rabilis,</span> <span class='ocrx_word' id='word_1_355' title='bbox 273 2560 407 2628; x_wconf 77' lang='lat' dir='ltr'>Durriae,</span> <span class='ocrx_word' id='word_1_356' title='bbox 422 2561 972 2636; x_wconf 63' lang='grc' dir='ltr'>10010001001000010000000(Ρο01.</span> <span class='ocrx_word' id='word_1_357' title='bbox 1029 2562 1188 2629; x_wconf 88' lang='lat' dir='ltr'>Fortitudo,</span> <span class='ocrx_word' id='word_1_358' title='bbox 1214 2562 1363 2618; x_wconf 81' lang='lat' dir='ltr'>saecularis</span> <span class='ocrx_word' id='word_1_359' title='bbox 1379 2578 1472 2618; x_wconf 90' lang='lat' dir='ltr'>cornu</span> <span class='ocrx_word' id='word_1_360' title='bbox 1486 2563 1635 2636; x_wconf 82' lang='lat' dir='ltr'>potentiae.</span> <span class='ocrx_word' id='word_1_361' title='bbox 1652 2565 1742 2629; x_wconf 77' lang='lat' dir='ltr'>lions,</span> <span class='ocrx_word' id='word_1_362' title='bbox 1758 2559 1858 2616; x_wconf 89' lang='lat' dir='ltr'>elatio-</span> 
     </span>
     <span class='ocr_line' id='line_1_45' title="bbox 141 2648 1855 2724; baseline -0.001 -22"><span class='ocrx_word' id='word_1_363' title='bbox 141 2649 284 2719; x_wconf 80' lang='lat' dir='ltr'>cxxxrur).</span> <span class='ocrx_word' id='word_1_364' title='bbox 302 2648 449 2717; x_wconf 88' lang='lat' dir='ltr'>llirahilis,</span> <span class='ocrx_word' id='word_1_365' title='bbox 467 2649 602 2722; x_wconf 90' lang='lat' dir='ltr'>inquam,</span> <span class='ocrx_word' id='word_1_366' title='bbox 619 2667 649 2707; x_wconf 92' lang='lat' dir='ltr'>cs</span> <span class='ocrx_word' id='word_1_367' title='bbox 665 2651 905 2708; x_wconf 88' lang='lat' dir='ltr'>insanctistuis:</span> <span class='ocrx_word' id='word_1_368' title='bbox 922 2651 974 2724; x_wconf 90' lang='lat' dir='ltr'>qui</span> <span class='ocrx_word' id='word_1_369' title='bbox 1028 2649 1139 2706; x_wconf 90' lang='lat' dir='ltr'>tionem</span> <span class='ocrx_word' id='word_1_370' title='bbox 1168 2649 1324 2722; x_wconf 80' lang='lat' dir='ltr'>superbiae.</span> <span class='ocrx_word' id='word_1_371' title='bbox 1354 2651 1497 2720; x_wconf 85' lang='lat' dir='ltr'>Meridies,</span> <span class='ocrx_word' id='word_1_372' title='bbox 1522 2651 1669 2709; x_wconf 82' lang='lat' dir='ltr'>fervorem</span> <span class='ocrx_word' id='word_1_373' title='bbox 1692 2648 1855 2704; x_wconf 75' lang='lat' dir='ltr'>immundae</span> 
     </span>
     <span class='ocr_line' id='line_1_46' title="bbox 139 2735 1529 2813; baseline 0.001 -21"><span class='ocrx_word' id='word_1_374' title='bbox 139 2735 195 2792; x_wconf 89' lang='lat' dir='ltr'>das</span> <span class='ocrx_word' id='word_1_375' title='bbox 210 2736 349 2795; x_wconf 89' lang='lat' dir='ltr'>virtutem</span> <span class='ocrx_word' id='word_1_376' title='bbox 363 2742 391 2794; x_wconf 93' lang='lat' dir='ltr'>ct</span> <span class='ocrx_word' id='word_1_377' title='bbox 414 2737 618 2794; x_wconf 81' lang='lat' dir='ltr'>fortitudinem</span> <span class='ocrx_word' id='word_1_378' title='bbox 640 2739 720 2813; x_wconf 91' lang='lat' dir='ltr'>plebi</span> <span class='ocrx_word' id='word_1_379' title='bbox 735 2745 812 2809; x_wconf 79' lang='lat' dir='ltr'>tuae3</span> <span class='ocrx_word' id='word_1_380' title='bbox 838 2740 889 2813; x_wconf 91' lang='lat' dir='ltr'>qui</span> <span class='ocrx_word' id='word_1_381' title='bbox 904 2740 975 2795; x_wconf 91' lang='lat' dir='ltr'>edu-</span> <span class='ocrx_word' id='word_1_382' title='bbox 1028 2737 1285 2810; x_wconf 79' lang='lat' dir='ltr'>concupiscentiae,</span> <span class='ocrx_word' id='word_1_383' title='bbox 1301 2742 1355 2794; x_wconf 89' lang='lat' dir='ltr'>etc.</span> <span class='ocrx_word' id='word_1_384' title='bbox 1374 2739 1529 2812; x_wconf 88' lang='lat' dir='ltr'>Sequitur:</span> 
     </span>
     <span class='ocr_line' id='line_1_47' title="bbox 139 2825 1852 2902; baseline -0.001 -21"><span class='ocrx_word' id='word_1_385' title='bbox 139 2826 182 2881; x_wconf 82' lang='lat' dir='ltr'>cis</span> <span class='ocrx_word' id='word_1_386' title='bbox 195 2825 310 2883; x_wconf 81' lang='lat' dir='ltr'>vinctos</span> <span class='ocrx_word' id='word_1_387' title='bbox 329 2828 359 2884; x_wconf 91' lang='lat' dir='ltr'>iu</span> <span class='ocrx_word' id='word_1_388' title='bbox 381 2827 551 2884; x_wconf 87' lang='lat' dir='ltr'>tortitudine</span> <span class='ocrx_word' id='word_1_389' title='bbox 565 2847 571 2896; x_wconf 91' lang='lat'>;</span> <span class='ocrx_word' id='word_1_390' title='bbox 587 2828 639 2902; x_wconf 91' lang='lat' dir='ltr'>qui</span> <span class='ocrx_word' id='word_1_391' title='bbox 664 2829 811 2884; x_wconf 79' lang='lat' dir='ltr'>caarrcrtis</span> <span class='ocrx_word' id='word_1_392' title='bbox 838 2845 919 2884; x_wconf 88' lang='lat' dir='ltr'>marc</span> <span class='ocrx_word' id='word_1_393' title='bbox 944 2828 974 2883; x_wconf 91' lang='lat' dir='ltr'>in</span> <span class='ocrx_word' id='word_1_394' title='bbox 1062 2827 1192 2895; x_wconf 82' lang='lat' dir='ltr'>Propter</span> <span class='ocrx_word' id='word_1_395' title='bbox 1218 2828 1455 2898; x_wconf 81' lang='lat' dir='ltr'>interfectionem</span> <span class='ocrx_word' id='word_1_396' title='bbox 1478 2835 1506 2885; x_wconf 88' lang='lat' dir='ltr'>et</span> <span class='ocrx_word' id='word_1_397' title='bbox 1523 2833 1649 2899; x_wconf 81' lang='lat' dir='ltr'>propter·</span> <span class='ocrx_word' id='word_1_398' title='bbox 1668 2825 1852 2896; x_wconf 77' lang='lat' dir='ltr'>iniquitatem</span> 
     </span>
     <span class='ocr_line' id='line_1_48' title="bbox 139 2913 1855 3011; baseline -0.001 -40"><span class='ocrx_word' id='word_1_399' title='bbox 139 2915 265 2983; x_wconf 88' lang='lat' dir='ltr'>aridam,</span> <span class='ocrx_word' id='word_1_400' title='bbox 282 2921 314 2972; x_wconf 92' lang='lat' dir='ltr'>at</span> <span class='ocrx_word' id='word_1_401' title='bbox 325 2916 356 2972; x_wconf 87' lang='lat' dir='ltr'>in</span> <span class='ocrx_word' id='word_1_402' title='bbox 368 2915 491 2972; x_wconf 77' lang='lat' dir='ltr'>flumine</span> <span class='ocrx_word' id='word_1_403' title='bbox 503 2917 581 2972; x_wconf 89' lang='lat' dir='ltr'>sicco</span> <span class='ocrx_word' id='word_1_404' title='bbox 596 2921 803 2989; x_wconf 83' lang='lat' dir='ltr'>pertranseant</span> <span class='ocrx_word' id='word_1_405' title='bbox 817 2916 903 2989; x_wconf 89' lang='lat' dir='ltr'>pedc;</span> <span class='ocrx_word' id='word_1_406' title='bbox 918 2913 974 2989; x_wconf 87' lang='lat' dir='ltr'>qai</span> <span class='ocrx_word' id='word_1_407' title='bbox 993 2954 1012 3011; x_wconf 72' lang='lat' dir='ltr'>C</span> <span class='ocrx_word' id='word_1_408' title='bbox 1027 2915 1058 2970; x_wconf 85' lang='lat' dir='ltr'>ia</span> <span class='ocrx_word' id='word_1_409' title='bbox 1076 2915 1205 2984; x_wconf 74' lang='lat' dir='ltr'>fratrem</span> <span class='ocrx_word' id='word_1_410' title='bbox 1220 2922 1302 2973; x_wconf 83' lang='grc'>10000</span> <span class='ocrx_word' id='word_1_411' title='bbox 1318 2918 1410 2974; x_wconf 79' lang='lat' dir='ltr'>Jacob</span> <span class='ocrx_word' id='word_1_412' title='bbox 1425 2918 1535 2988; x_wconf 81' lang='lat' dir='ltr'>operiet</span> <span class='ocrx_word' id='word_1_413' title='bbox 1551 2922 1577 2972; x_wconf 87' lang='lat' dir='ltr'>te</span> <span class='ocrx_word' id='word_1_414' title='bbox 1591 2916 1724 2985; x_wconf 78' lang='lat' dir='ltr'>confusio</span> <span class='ocrx_word' id='word_1_415' title='bbox 1739 2931 1750 2971; x_wconf 92' lang='lat'>.·</span> <span class='ocrx_word' id='word_1_416' title='bbox 1765 2921 1791 2970; x_wconf 88' lang='lat' dir='ltr'>et</span> <span class='ocrx_word' id='word_1_417' title='bbox 1804 2931 1855 2984; x_wconf 88' lang='lat' dir='ltr'>pe-</span> 
     </span>
     <span class='ocr_line' id='line_1_49' title="bbox 138 3001 1853 3074; baseline -0.003 -14"><span class='ocrx_word' id='word_1_418' title='bbox 138 3005 245 3060; x_wconf 89' lang='lat' dir='ltr'>mundi</span> <span class='ocrx_word' id='word_1_419' title='bbox 259 3004 346 3073; x_wconf 88' lang='lat' dir='ltr'>tilios,</span> <span class='ocrx_word' id='word_1_420' title='bbox 363 3005 461 3061; x_wconf 87' lang='lat' dir='ltr'>carnis</span> <span class='ocrx_word' id='word_1_421' title='bbox 483 3005 606 3074; x_wconf 80' lang='lat' dir='ltr'>amicae,</span> <span class='ocrx_word' id='word_1_422' title='bbox 623 3022 725 3062; x_wconf 72' lang='lat' dir='ltr'>seruos</span> <span class='ocrx_word' id='word_1_423' title='bbox 739 3005 889 3074; x_wconf 76' lang='lat' dir='ltr'>vitiorum,</span> <span class='ocrx_word' id='word_1_424' title='bbox 905 3021 974 3061; x_wconf 93' lang='lat' dir='ltr'>con·</span> <span class='ocrx_word' id='word_1_425' title='bbox 1027 3003 1098 3058; x_wconf 79' lang='lat' dir='ltr'>ridie</span> <span class='ocrx_word' id='word_1_426' title='bbox 1114 3004 1144 3058; x_wconf 87' lang='lat' dir='ltr'>ia</span> <span class='ocrx_word' id='word_1_427' title='bbox 1159 3009 1313 3060; x_wconf 79' lang='lat' dir='ltr'>aternum.</span> <span class='ocrx_word' id='word_1_428' title='bbox 1331 3008 1458 3062; x_wconf 88' lang='lat' dir='ltr'>Causam</span> <span class='ocrx_word' id='word_1_429' title='bbox 1473 3001 1631 3060; x_wconf 90' lang='lat' dir='ltr'>eversionis</span> <span class='ocrx_word' id='word_1_430' title='bbox 1646 3002 1784 3058; x_wconf 73' lang='lat' dir='ltr'>ldumarae</span> <span class='ocrx_word' id='word_1_431' title='bbox 1795 3002 1853 3056; x_wconf 91' lang='lat' dir='ltr'>his-</span> 
     </span>
     <span class='ocr_line' id='line_1_50' title="bbox 138 3091 1852 3166; baseline -0.003 -17"><span class='ocrx_word' id='word_1_432' title='bbox 138 3093 222 3150; x_wconf 83' lang='lat' dir='ltr'>vivas</span> <span class='ocrx_word' id='word_1_433' title='bbox 250 3094 435 3165; x_wconf 77' lang='lat' dir='ltr'>damonum,</span> <span class='ocrx_word' id='word_1_434' title='bbox 468 3095 578 3150; x_wconf 90' lang='lat' dir='ltr'>mandi</span> <span class='ocrx_word' id='word_1_435' title='bbox 611 3099 840 3166; x_wconf 89' lang='lat' dir='ltr'>contemptores,</span> <span class='ocrx_word' id='word_1_436' title='bbox 875 3094 973 3150; x_wconf 90' lang='lat' dir='ltr'>caruis</span> <span class='ocrx_word' id='word_1_437' title='bbox 1028 3091 1166 3148; x_wconf 88' lang='lat' dir='ltr'>torialitcr</span> <span class='ocrx_word' id='word_1_438' title='bbox 1192 3093 1336 3149; x_wconf 89' lang='lat' dir='ltr'>Dominus</span> <span class='ocrx_word' id='word_1_439' title='bbox 1361 3093 1497 3160; x_wconf 87' lang='lat' dir='ltr'>ostendit,</span> <span class='ocrx_word' id='word_1_440' title='bbox 1526 3108 1561 3148; x_wconf 94' lang='lat' dir='ltr'>eo</span> <span class='ocrx_word' id='word_1_441' title='bbox 1593 3092 1676 3164; x_wconf 88' lang='lat' dir='ltr'>quod</span> <span class='ocrx_word' id='word_1_442' title='bbox 1709 3092 1852 3147; x_wconf 81' lang='lat' dir='ltr'>aclrersas</span> 
     </span>
     <span class='ocr_line' id='line_1_51' title="bbox 137 3179 1853 3256; baseline -0.001 -19"><span class='ocrx_word' id='word_1_443' title='bbox 137 3182 310 3251; x_wconf 70' lang='lat' dir='ltr'>calcatores</span> <span class='ocrx_word' id='word_1_444' title='bbox 325 3183 465 3238; x_wconf 84' lang='lat' dir='ltr'>viliorum</span> <span class='ocrx_word' id='word_1_445' title='bbox 480 3186 699 3256; x_wconf 81' lang='lat' dir='ltr'>persecutores,</span> <span class='ocrx_word' id='word_1_446' title='bbox 722 3183 895 3238; x_wconf 84' lang='lat' dir='ltr'>daenmnum</span> <span class='ocrx_word' id='word_1_447' title='bbox 910 3182 973 3238; x_wconf 91' lang='lat' dir='ltr'>illu·</span> <span class='ocrx_word' id='word_1_448' title='bbox 1025 3181 1173 3253; x_wconf 92' lang='lat' dir='ltr'>populum</span> <span class='ocrx_word' id='word_1_449' title='bbox 1195 3183 1386 3240; x_wconf 88' lang='lat' dir='ltr'>israeliticam</span> <span class='ocrx_word' id='word_1_450' title='bbox 1404 3182 1504 3254; x_wconf 88' lang='lat' dir='ltr'>iniqua</span> <span class='ocrx_word' id='word_1_451' title='bbox 1519 3181 1587 3251; x_wconf 83' lang='lat' dir='ltr'>egit,</span> <span class='ocrx_word' id='word_1_452' title='bbox 1604 3182 1743 3253; x_wconf 84' lang='lat' dir='ltr'>negando</span> <span class='ocrx_word' id='word_1_453' title='bbox 1758 3179 1853 3236; x_wconf 91' lang='lat' dir='ltr'>consi-</span> 
     </span>
     <span class='ocr_line' id='line_1_52' title="bbox 138 3261 1852 3344; baseline -0.002 -17"><span class='ocrx_word' id='word_1_454' title='bbox 138 3286 220 3327; x_wconf 86' lang='lat' dir='ltr'>sores</span> <span class='ocrx_word' id='word_1_455' title='bbox 233 3272 298 3328; x_wconf 87' lang='lat' dir='ltr'>fieri</span> <span class='ocrx_word' id='word_1_456' title='bbox 312 3271 430 3328; x_wconf 82' lang='lat' dir='ltr'>voluisti</span> <span class='ocrx_word' id='word_1_457' title='bbox 447 3291 453 3340; x_wconf 91' lang='lat'>;</span> <span class='ocrx_word' id='word_1_458' title='bbox 468 3261 520 3344; x_wconf 90' lang='lat' dir='ltr'>qui</span> <span class='ocrx_word' id='word_1_459' title='bbox 531 3273 568 3327; x_wconf 92' lang='lat' dir='ltr'>dc</span> <span class='ocrx_word' id='word_1_460' title='bbox 579 3271 764 3327; x_wconf 80' lang='lat' dir='ltr'>execratione</span> <span class='ocrx_word' id='word_1_461' title='bbox 780 3271 972 3328; x_wconf 88' lang='lat' dir='ltr'>etmendacio</span> <span class='ocrx_word' id='word_1_462' title='bbox 1025 3269 1109 3338; x_wconf 89' lang='lat' dir='ltr'>liam,</span> <span class='ocrx_word' id='word_1_463' title='bbox 1138 3270 1340 3328; x_wconf 88' lang='lat' dir='ltr'>subtrahendo</span> <span class='ocrx_word' id='word_1_464' title='bbox 1371 3270 1524 3339; x_wconf 87' lang='lat' dir='ltr'>auxilium,</span> <span class='ocrx_word' id='word_1_465' title='bbox 1552 3276 1580 3327; x_wconf 89' lang='lat' dir='ltr'>et</span> <span class='ocrx_word' id='word_1_466' title='bbox 1611 3270 1720 3327; x_wconf 88' lang='lat' dir='ltr'>multos</span> <span class='ocrx_word' id='word_1_467' title='bbox 1747 3285 1852 3325; x_wconf 79' lang='lat' dir='ltr'>coriam</span> 
     </span>
     <span class='ocr_line' id='line_1_53' title="bbox 137 3358 1852 3433; baseline 0 -19"><span class='ocrx_word' id='word_1_468' title='bbox 137 3361 430 3416; x_wconf 83' lang='lat' dir='ltr'>consummationem</span> <span class='ocrx_word' id='word_1_469' title='bbox 446 3359 638 3415; x_wconf 90' lang='lat' dir='ltr'>annuntiasti.</span> <span class='ocrx_word' id='word_1_470' title='bbox 654 3360 736 3415; x_wconf 82' lang='lat' dir='ltr'>Unde</span> <span class='ocrx_word' id='word_1_471' title='bbox 747 3360 891 3433; x_wconf 87' lang='lat' dir='ltr'>scriptam</span> <span class='ocrx_word' id='word_1_472' title='bbox 906 3365 969 3417; x_wconf 91' lang='lat' dir='ltr'>cst:</span> <span class='ocrx_word' id='word_1_473' title='bbox 1025 3362 1158 3432; x_wconf 88' lang='lat' dir='ltr'>ternpore</span> <span class='ocrx_word' id='word_1_474' title='bbox 1173 3360 1337 3417; x_wconf 90' lang='lat' dir='ltr'>obsidionis</span> <span class='ocrx_word' id='word_1_475' title='bbox 1351 3364 1380 3416; x_wconf 89' lang='lat' dir='ltr'>et</span> <span class='ocrx_word' id='word_1_476' title='bbox 1403 3359 1578 3416; x_wconf 91' lang='lat' dir='ltr'>calamitatis</span> <span class='ocrx_word' id='word_1_477' title='bbox 1601 3359 1753 3415; x_wconf 84' lang='lat' dir='ltr'>interiecit.</span> <span class='ocrx_word' id='word_1_478' title='bbox 1779 3358 1852 3414; x_wconf 73' lang='grc'>0110-</span> 
     </span>
     <span class='ocr_line' id='line_1_54' title="bbox 136 3447 1850 3521; baseline 0.001 -19"><span class='ocrx_word' id='word_1_479' title='bbox 136 3448 173 3502; x_wconf 87' lang='grc'>10</span> <span class='ocrx_word' id='word_1_480' title='bbox 184 3463 258 3517; x_wconf 79' lang='lat' dir='ltr'>apro</span> <span class='ocrx_word' id='word_1_481' title='bbox 277 3448 416 3504; x_wconf 72' lang='lat' dir='ltr'>rezi-atet</span> <span class='ocrx_word' id='word_1_482' title='bbox 432 3449 547 3517; x_wconf 76' lang='lat' dir='ltr'>tiapeat</span> <span class='ocrx_word' id='word_1_483' title='bbox 561 3464 649 3504; x_wconf 82' lang='lat' dir='ltr'>curres</span> <span class='ocrx_word' id='word_1_484' title='bbox 663 3450 838 3519; x_wconf 73' lang='lat' dir='ltr'>sarrpuiaern</span> <span class='ocrx_word' id='word_1_485' title='bbox 852 3449 971 3506; x_wconf 78' lang='lat' dir='ltr'>chuaet</span> <span class='ocrx_word' id='word_1_486' title='bbox 1024 3449 1122 3519; x_wconf 81' lang='lat' dir='ltr'>gerice</span> <span class='ocrx_word' id='word_1_487' title='bbox 1136 3449 1267 3506; x_wconf 87' lang='lat' dir='ltr'>declarat</span> <span class='ocrx_word' id='word_1_488' title='bbox 1277 3449 1419 3506; x_wconf 87' lang='lat' dir='ltr'>Dominus</span> <span class='ocrx_word' id='word_1_489' title='bbox 1429 3449 1583 3504; x_wconf 68' lang='lat' dir='ltr'>haereticos</span> <span class='ocrx_word' id='word_1_490' title='bbox 1592 3449 1703 3504; x_wconf 92' lang='lat' dir='ltr'>idcirco</span> <span class='ocrx_word' id='word_1_491' title='bbox 1717 3447 1850 3521; x_wconf 89' lang='lat' dir='ltr'>periisse,</span> 
     </span>
     <span class='ocr_line' id='line_1_55' title="bbox 136 3534 1851 3611; baseline 0.002 -23"><span class='ocrx_word' id='word_1_492' title='bbox 136 3534 198 3605; x_wconf 86' lang='grc'>(111</span> <span class='ocrx_word' id='word_1_493' title='bbox 209 3536 281 3605; x_wconf 78' lang='lat' dir='ltr'>ch.</span> <span class='ocrx_word' id='word_1_494' title='bbox 297 3535 365 3604; x_wconf 81' lang='grc'>0000).</span> <span class='ocrx_word' id='word_1_495' title='bbox 383 3538 414 3590; x_wconf 88' lang='grc'>10</span> <span class='ocrx_word' id='word_1_496' title='bbox 430 3551 504 3590; x_wconf 84' lang='grc'>0000</span> <span class='ocrx_word' id='word_1_497' title='bbox 516 3536 603 3606; x_wconf 81' lang='lat' dir='ltr'>juxta</span> <span class='ocrx_word' id='word_1_498' title='bbox 618 3535 767 3593; x_wconf 89' lang='lat' dir='ltr'>sinistram</span> <span class='ocrx_word' id='word_1_499' title='bbox 782 3536 971 3607; x_wconf 81' lang='lat' dir='ltr'>significatio·</span> <span class='ocrx_word' id='word_1_500' title='bbox 1022 3537 1105 3610; x_wconf 88' lang='lat' dir='ltr'>qaod</span> <span class='ocrx_word' id='word_1_501' title='bbox 1120 3538 1263 3595; x_wconf 76' lang='lat' dir='ltr'>adversas</span> <span class='ocrx_word' id='word_1_502' title='bbox 1278 3536 1437 3594; x_wconf 84' lang='lat' dir='ltr'>Ecclesiam</span> <span class='ocrx_word' id='word_1_503' title='bbox 1451 3537 1551 3611; x_wconf 90' lang='lat' dir='ltr'>inique</span> <span class='ocrx_word' id='word_1_504' title='bbox 1566 3538 1666 3594; x_wconf 91' lang='lat' dir='ltr'>multis</span> <span class='ocrx_word' id='word_1_505' title='bbox 1676 3537 1774 3592; x_wconf 92' lang='lat' dir='ltr'>modis</span> <span class='ocrx_word' id='word_1_506' title='bbox 1785 3553 1851 3607; x_wconf 85' lang='lat' dir='ltr'>egc-</span> 
     </span>
     <span class='ocr_line' id='line_1_56' title="bbox 135 3620 1850 3700; baseline 0.002 -24"><span class='ocrx_word' id='word_1_507' title='bbox 135 3635 206 3677; x_wconf 87' lang='lat' dir='ltr'>nem</span> <span class='ocrx_word' id='word_1_508' title='bbox 231 3620 457 3679; x_wconf 89' lang='lat' dir='ltr'>considerantur</span> <span class='ocrx_word' id='word_1_509' title='bbox 485 3623 563 3681; x_wconf 87' lang='lat' dir='ltr'>tria:</span> <span class='ocrx_word' id='word_1_510' title='bbox 592 3625 677 3696; x_wconf 88' lang='lat' dir='ltr'>juxta</span> <span class='ocrx_word' id='word_1_511' title='bbox 704 3625 819 3680; x_wconf 91' lang='lat' dir='ltr'>bonum</span> <span class='ocrx_word' id='word_1_512' title='bbox 846 3643 969 3699; x_wconf 93' lang='lat' dir='ltr'>quoque</span> <span class='ocrx_word' id='word_1_513' title='bbox 1022 3631 1101 3695; x_wconf 90' lang='lat' dir='ltr'>runt,</span> <span class='ocrx_word' id='word_1_514' title='bbox 1117 3627 1189 3700; x_wconf 87' lang='lat' dir='ltr'>qaia</span> <span class='ocrx_word' id='word_1_515' title='bbox 1202 3625 1581 3700; x_wconf 87' lang='lat' dir='ltr'>fidemejuseorrampere‚</span> <span class='ocrx_word' id='word_1_516' title='bbox 1595 3627 1727 3682; x_wconf 91' lang='lat' dir='ltr'>tunicam</span> <span class='ocrx_word' id='word_1_517' title='bbox 1744 3625 1850 3699; x_wconf 83' lang='lat' dir='ltr'>Sponsi</span> 
     </span>
     <span class='ocr_line' id='line_1_57' title="bbox 135 3709 1849 3788; baseline 0.001 -21"><span class='ocrx_word' id='word_1_518' title='bbox 135 3709 199 3767; x_wconf 86' lang='lat' dir='ltr'>tria.</span> <span class='ocrx_word' id='word_1_519' title='bbox 215 3710 660 3782; x_wconf 74' lang='lat' dir='ltr'>turamalam,tur0r,tiniuo,</span> <span class='ocrx_word' id='word_1_520' title='bbox 676 3713 798 3771; x_wconf 91' lang='lat' dir='ltr'>clamor.</span> <span class='ocrx_word' id='word_1_521' title='bbox 815 3715 969 3772; x_wconf 73' lang='grc'>10010100-</span> <span class='ocrx_word' id='word_1_522' title='bbox 1022 3715 1166 3781; x_wconf 86' lang='lat' dir='ltr'>scindere,</span> <span class='ocrx_word' id='word_1_523' title='bbox 1187 3714 1306 3771; x_wconf 77' lang='lat' dir='ltr'>vineam</span> <span class='ocrx_word' id='word_1_524' title='bbox 1331 3715 1448 3772; x_wconf 91' lang='lat' dir='ltr'>Domini</span> <span class='ocrx_word' id='word_1_525' title='bbox 1463 3716 1593 3773; x_wconf 88' lang='lat' dir='ltr'>Sabaoth</span> <span class='ocrx_word' id='word_1_526' title='bbox 1616 3716 1777 3788; x_wconf 84' lang='lat' dir='ltr'>depascere</span> <span class='ocrx_word' id='word_1_527' title='bbox 1791 3720 1849 3771; x_wconf 90' lang='lat' dir='ltr'>sta-</span> 
     </span>
     <span class='ocr_line' id='line_1_58' title="bbox 133 3799 1849 3880; baseline 0.002 -25"><span class='ocrx_word' id='word_1_528' title='bbox 133 3813 216 3867; x_wconf 87' lang='lat' dir='ltr'>nam,</span> <span class='ocrx_word' id='word_1_529' title='bbox 233 3799 318 3868; x_wconf 90' lang='lat' dir='ltr'>fides,</span> <span class='ocrx_word' id='word_1_530' title='bbox 335 3800 424 3867; x_wconf 90' lang='lat' dir='ltr'>zelas,</span> <span class='ocrx_word' id='word_1_531' title='bbox 448 3801 592 3858; x_wconf 89' lang='lat' dir='ltr'>doctrina.</span> <span class='ocrx_word' id='word_1_532' title='bbox 611 3801 694 3858; x_wconf 85' lang='lat' dir='ltr'>Fides</span> <span class='ocrx_word' id='word_1_533' title='bbox 715 3802 867 3859; x_wconf 73' lang='lat' dir='ltr'>custodiae.</span> <span class='ocrx_word' id='word_1_534' title='bbox 884 3803 967 3859; x_wconf 89' lang='lat' dir='ltr'>Zelas</span> <span class='ocrx_word' id='word_1_535' title='bbox 1021 3804 1171 3860; x_wconf 88' lang='lat' dir='ltr'>duerunt:</span> <span class='ocrx_word' id='word_1_536' title='bbox 1196 3805 1274 3861; x_wconf 84' lang='lat' dir='ltr'>risos</span> <span class='ocrx_word' id='word_1_537' title='bbox 1300 3806 1513 3862; x_wconf 88' lang='lat' dir='ltr'>ecclesiasticos</span> <span class='ocrx_word' id='word_1_538' title='bbox 1534 3809 1756 3880; x_wconf 89' lang='lat' dir='ltr'>persequentes,</span> <span class='ocrx_word' id='word_1_539' title='bbox 1778 3805 1849 3860; x_wconf 84' lang='lat' dir='ltr'>rele</span> 
     </span>
     <span class='ocr_line' id='line_1_59' title="bbox 132 3886 1849 3969; baseline 0.003 -26"><span class='ocrx_word' id='word_1_540' title='bbox 132 3886 281 3944; x_wconf 72' lang='lat' dir='ltr'>vindictae,</span> <span class='ocrx_word' id='word_1_541' title='bbox 299 3891 432 3945; x_wconf 85' lang='lat' dir='ltr'>Latratus</span> <span class='ocrx_word' id='word_1_542' title='bbox 447 3889 597 3951; x_wconf 80' lang='lat' dir='ltr'>doctrinae.</span> <span class='ocrx_word' id='word_1_543' title='bbox 614 3892 747 3947; x_wconf 83' lang='lat' dir='ltr'>chralrcl</span> <span class='ocrx_word' id='word_1_544' title='bbox 759 3891 968 3965; x_wconf 86' lang='lat' dir='ltr'>interpretatur</span> <span class='ocrx_word' id='word_1_545' title='bbox 1020 3899 1133 3965; x_wconf 83' lang='lat' dir='ltr'>gaules,</span> <span class='ocrx_word' id='word_1_546' title='bbox 1150 3893 1369 3952; x_wconf 89' lang='lat' dir='ltr'>circumdantes</span> <span class='ocrx_word' id='word_1_547' title='bbox 1386 3916 1392 3965; x_wconf 87' lang='grc'><strong>;</strong></span> <span class='ocrx_word' id='word_1_548' title='bbox 1406 3896 1516 3952; x_wconf 92' lang='lat' dir='ltr'>multos</span> <span class='ocrx_word' id='word_1_549' title='bbox 1529 3896 1699 3969; x_wconf 84' lang='lat' dir='ltr'>quoquevi,</span> <span class='ocrx_word' id='word_1_550' title='bbox 1714 3894 1849 3950; x_wconf 76' lang='grc'>0011000-</span> 
     </span>
     <span class='ocr_line' id='line_1_60' title="bbox 132 3968 1848 4058; baseline 0.003 -27"><span class='ocrx_word' id='word_1_551' title='bbox 132 3990 229 4033; x_wconf 84' lang='lat' dir='ltr'>scmcn</span> <span class='ocrx_word' id='word_1_552' title='bbox 249 3978 312 4033; x_wconf 88' lang='lat' dir='ltr'>Dei.</span> <span class='ocrx_word' id='word_1_553' title='bbox 337 3978 452 4034; x_wconf 85' lang='lat' dir='ltr'>lezabel</span> <span class='ocrx_word' id='word_1_554' title='bbox 466 3981 568 4050; x_wconf 75' lang='lat' dir='ltr'>flacus</span> <span class='ocrx_word' id='word_1_555' title='bbox 583 3997 688 4037; x_wconf 79' lang='lat' dir='ltr'>venies.</span> <span class='ocrx_word' id='word_1_556' title='bbox 714 3984 768 4037; x_wconf 86' lang='lat' dir='ltr'>Per·</span> <span class='ocrx_word' id='word_1_557' title='bbox 782 3981 914 4038; x_wconf 84' lang='lat' dir='ltr'>chrahel</span> <span class='ocrx_word' id='word_1_558' title='bbox 928 3981 966 4038; x_wconf 90' lang='lat' dir='ltr'>si·</span> <span class='ocrx_word' id='word_1_559' title='bbox 1018 3974 1098 4057; x_wconf 26' lang='lat' dir='ltr'>dcl&#39;ct</span> <span class='ocrx_word' id='word_1_560' title='bbox 1111 3982 1205 4055; x_wconf 89' lang='lat' dir='ltr'>pretio</span> <span class='ocrx_word' id='word_1_561' title='bbox 1221 3988 1455 4058; x_wconf 87' lang='lat' dir='ltr'>corrumpentes.</span> <span class='ocrx_word' id='word_1_562' title='bbox 1476 3984 1666 4058; x_wconf 79' lang='lat' dir='ltr'>Tropologice</span> <span class='ocrx_word' id='word_1_563' title='bbox 1681 4000 1753 4040; x_wconf 84' lang='lat' dir='ltr'>vero</span> <span class='ocrx_word' id='word_1_564' title='bbox 1774 3968 1848 4038; x_wconf 87' lang='lat' dir='ltr'>indi-</span> 
     </span>
     <span class='ocr_line' id='line_1_61' title="bbox 133 4065 1848 4148; baseline 0.005 -28"><span class='ocrx_word' id='word_1_565' title='bbox 133 4065 291 4135; x_wconf 76' lang='lat' dir='ltr'>gnifieatar</span> <span class='ocrx_word' id='word_1_566' title='bbox 304 4067 356 4122; x_wconf 89' lang='lat' dir='ltr'>Dei</span> <span class='ocrx_word' id='word_1_567' title='bbox 378 4067 473 4125; x_wconf 92' lang='lat' dir='ltr'>timor.</span> <span class='ocrx_word' id='word_1_568' title='bbox 500 4071 553 4125; x_wconf 90' lang='lat' dir='ltr'>l‘er</span> <span class='ocrx_word' id='word_1_569' title='bbox 568 4086 675 4141; x_wconf 75' lang='lat' dir='ltr'>agrum</span> <span class='ocrx_word' id='word_1_570' title='bbox 701 4071 868 4128; x_wconf 86' lang='lat' dir='ltr'>exercitatio</span> <span class='ocrx_word' id='word_1_571' title='bbox 884 4076 912 4127; x_wconf 89' lang='lat' dir='ltr'>ct</span> <span class='ocrx_word' id='word_1_572' title='bbox 925 4071 965 4129; x_wconf 90' lang='lat' dir='ltr'>la·</span> <span class='ocrx_word' id='word_1_573' title='bbox 1018 4076 1066 4128; x_wconf 89' lang='lat' dir='ltr'>cat</span> <span class='ocrx_word' id='word_1_574' title='bbox 1077 4071 1308 4129; x_wconf 87' lang='lat' dir='ltr'>destructionem</span> <span class='ocrx_word' id='word_1_575' title='bbox 1321 4074 1428 4143; x_wconf 87' lang='lat' dir='ltr'>carnis,</span> <span class='ocrx_word' id='word_1_576' title='bbox 1445 4090 1480 4130; x_wconf 91' lang='grc'>00</span> <span class='ocrx_word' id='word_1_577' title='bbox 1495 4073 1578 4147; x_wconf 93' lang='lat' dir='ltr'>quod</span> <span class='ocrx_word' id='word_1_578' title='bbox 1601 4078 1733 4148; x_wconf 82' lang='lat' dir='ltr'>tempore</span> <span class='ocrx_word' id='word_1_579' title='bbox 1757 4077 1848 4128; x_wconf 90' lang='lat' dir='ltr'>tenta-</span> 
     </span>
     <span class='ocr_line' id='line_1_62' title="bbox 131 4152 1848 4236; baseline 0.005 -27"><span class='ocrx_word' id='word_1_580' title='bbox 131 4152 196 4210; x_wconf 89' lang='lat' dir='ltr'>bor.</span> <span class='ocrx_word' id='word_1_581' title='bbox 212 4157 265 4210; x_wconf 88' lang='lat' dir='ltr'>Per</span> <span class='ocrx_word' id='word_1_582' title='bbox 278 4155 393 4213; x_wconf 90' lang='lat' dir='ltr'>Jezabel</span> <span class='ocrx_word' id='word_1_583' title='bbox 408 4168 480 4213; x_wconf 85' lang='lat' dir='ltr'>cara</span> <span class='ocrx_word' id='word_1_584' title='bbox 492 4159 589 4214; x_wconf 90' lang='lat' dir='ltr'>carnis</span> <span class='ocrx_word' id='word_1_585' title='bbox 605 4163 632 4216; x_wconf 89' lang='lat' dir='ltr'>ct</span> <span class='ocrx_word' id='word_1_586' title='bbox 647 4176 741 4217; x_wconf 84' lang='lat' dir='ltr'>aanor.</span> <span class='ocrx_word' id='word_1_587' title='bbox 759 4164 790 4216; x_wconf 92' lang='lat' dir='ltr'>ln</span> <span class='ocrx_word' id='word_1_588' title='bbox 805 4177 877 4232; x_wconf 83' lang='lat' dir='ltr'>agro</span> <span class='ocrx_word' id='word_1_589' title='bbox 893 4177 962 4233; x_wconf 83' lang='lat' dir='ltr'>crgo</span> <span class='ocrx_word' id='word_1_590' title='bbox 1017 4160 1105 4217; x_wconf 91' lang='lat' dir='ltr'>tionis</span> <span class='ocrx_word' id='word_1_591' title='bbox 1119 4161 1279 4218; x_wconf 83' lang='lat' dir='ltr'>instarexit</span> <span class='ocrx_word' id='word_1_592' title='bbox 1301 4162 1402 4236; x_wconf 88' lang='lat' dir='ltr'>inique</span> <span class='ocrx_word' id='word_1_593' title='bbox 1417 4163 1561 4220; x_wconf 88' lang='lat' dir='ltr'>adversus</span> <span class='ocrx_word' id='word_1_594' title='bbox 1583 4162 1750 4220; x_wconf 90' lang='lat' dir='ltr'>dominium</span> <span class='ocrx_word' id='word_1_595' title='bbox 1765 4178 1848 4217; x_wconf 91' lang='lat' dir='ltr'>men·</span> 
     </span>
     <span class='ocr_line' id='line_1_63' title="bbox 130 4243 1846 4325; baseline 0.004 -27"><span class='ocrx_word' id='word_1_596' title='bbox 130 4243 260 4300; x_wconf 77' lang='grc'>100000]</span> <span class='ocrx_word' id='word_1_597' title='bbox 283 4244 400 4316; x_wconf 79' lang='lat' dir='ltr'>lingant</span> <span class='ocrx_word' id='word_1_598' title='bbox 423 4263 512 4304; x_wconf 90' lang='lat' dir='ltr'>canes</span> <span class='ocrx_word' id='word_1_599' title='bbox 535 4250 714 4320; x_wconf 80' lang='lat' dir='ltr'>sanguinem</span> <span class='ocrx_word' id='word_1_600' title='bbox 728 4249 843 4306; x_wconf 86' lang='lat' dir='ltr'>lezabel</span> <span class='ocrx_word' id='word_1_601' title='bbox 859 4267 865 4305; x_wconf 75' lang='grc' dir='ltr'><strong>ε</strong></span> <span class='ocrx_word' id='word_1_602' title='bbox 891 4250 962 4323; x_wconf 91' lang='lat' dir='ltr'>quia</span> <span class='ocrx_word' id='word_1_603' title='bbox 1017 4249 1053 4305; x_wconf 88' lang='lat' dir='ltr'>tis</span> <span class='ocrx_word' id='word_1_604' title='bbox 1069 4267 1075 4306; x_wconf 92' lang='lat'>:</span> <span class='ocrx_word' id='word_1_605' title='bbox 1092 4254 1120 4306; x_wconf 91' lang='lat' dir='ltr'>ct</span> <span class='ocrx_word' id='word_1_606' title='bbox 1134 4250 1235 4324; x_wconf 88' lang='lat' dir='ltr'>inique</span> <span class='ocrx_word' id='word_1_607' title='bbox 1250 4251 1432 4325; x_wconf 90' lang='lat' dir='ltr'>depopulata</span> <span class='ocrx_word' id='word_1_608' title='bbox 1446 4256 1490 4308; x_wconf 89' lang='lat' dir='ltr'>est</span> <span class='ocrx_word' id='word_1_609' title='bbox 1503 4251 1632 4325; x_wconf 89' lang='lat' dir='ltr'>pretiosa</span> <span class='ocrx_word' id='word_1_610' title='bbox 1647 4268 1775 4325; x_wconf 87' lang='lat' dir='ltr'>quaeque</span> <span class='ocrx_word' id='word_1_611' title='bbox 1790 4250 1846 4305; x_wconf 86' lang='lat' dir='ltr'>vir·</span> 
     </span>
     <span class='ocr_line' id='line_1_64' title="bbox 130 4331 1271 4414; baseline 0.007 -27"><span class='ocrx_word' id='word_1_612' title='bbox 130 4331 224 4389; x_wconf 90' lang='lat' dir='ltr'>sancti</span> <span class='ocrx_word' id='word_1_613' title='bbox 247 4336 275 4389; x_wconf 89' lang='lat' dir='ltr'>et</span> <span class='ocrx_word' id='word_1_614' title='bbox 294 4334 423 4392; x_wconf 89' lang='lat' dir='ltr'>timorati</span> <span class='ocrx_word' id='word_1_615' title='bbox 438 4336 492 4393; x_wconf 82' lang='lat' dir='ltr'>riri</span> <span class='ocrx_word' id='word_1_616' title='bbox 507 4353 560 4410; x_wconf 90' lang='lat' dir='ltr'>per</span> <span class='ocrx_word' id='word_1_617' title='bbox 575 4339 757 4407; x_wconf 82' lang='lat' dir='ltr'>exercitium,</span> <span class='ocrx_word' id='word_1_618' title='bbox 782 4342 810 4394; x_wconf 89' lang='lat' dir='ltr'>et</span> <span class='ocrx_word' id='word_1_619' title='bbox 826 4354 960 4396; x_wconf 91' lang='lat' dir='ltr'>amorem</span> <span class='ocrx_word' id='word_1_620' title='bbox 1016 4338 1095 4395; x_wconf 88' lang='lat' dir='ltr'>tatis.</span> <span class='ocrx_word' id='word_1_621' title='bbox 1112 4340 1271 4414; x_wconf 88' lang='lat' dir='ltr'>Sequitur:</span> 
     </span>
     <span class='ocr_line' id='line_1_65' title="bbox 129 4419 1844 4502; baseline 0.005 -26"><span class='ocrx_word' id='word_1_622' title='bbox 129 4419 223 4478; x_wconf 84' lang='lat' dir='ltr'>divini</span> <span class='ocrx_word' id='word_1_623' title='bbox 237 4422 362 4492; x_wconf 88' lang='lat' dir='ltr'>timoris,</span> <span class='ocrx_word' id='word_1_624' title='bbox 379 4442 483 4482; x_wconf 89' lang='lat' dir='ltr'>caram</span> <span class='ocrx_word' id='word_1_625' title='bbox 507 4426 641 4483; x_wconf 84' lang='lat' dir='ltr'>hmditas</span> <span class='ocrx_word' id='word_1_626' title='bbox 663 4433 691 4485; x_wconf 95' lang='lat' dir='ltr'>et</span> <span class='ocrx_word' id='word_1_627' title='bbox 712 4445 846 4484; x_wconf 90' lang='lat' dir='ltr'>amorem</span> <span class='ocrx_word' id='word_1_628' title='bbox 870 4433 961 4486; x_wconf 84' lang='lat' dir='ltr'>exter·</span> <span class='ocrx_word' id='word_1_629' title='bbox 1050 4430 1086 4484; x_wconf 86' lang='lat' dir='ltr'>In</span> <span class='ocrx_word' id='word_1_630' title='bbox 1100 4431 1148 4486; x_wconf 86' lang='lat' dir='ltr'>die</span> <span class='ocrx_word' id='word_1_631' title='bbox 1162 4445 1229 4486; x_wconf 80' lang='lat' dir='ltr'>cum</span> <span class='ocrx_word' id='word_1_632' title='bbox 1248 4435 1343 4487; x_wconf 86' lang='lat' dir='ltr'>stares</span> <span class='ocrx_word' id='word_1_633' title='bbox 1358 4431 1500 4488; x_wconf 84' lang='lat' dir='ltr'>adversus</span> <span class='ocrx_word' id='word_1_634' title='bbox 1520 4445 1596 4502; x_wconf 85' lang='lat' dir='ltr'>cara,</span> <span class='ocrx_word' id='word_1_635' title='bbox 1613 4430 1733 4501; x_wconf 78' lang='lat' dir='ltr'>pisendo</span> <span class='ocrx_word' id='word_1_636' title='bbox 1748 4431 1844 4499; x_wconf 84' lang='lat' dir='ltr'>capic-</span> 
     </span>
     <span class='ocr_line' id='line_1_66' title="bbox 126 4510 1845 4591; baseline 0.006 -26"><span class='ocrx_word' id='word_1_637' title='bbox 126 4510 245 4568; x_wconf 86' lang='lat' dir='ltr'>minant</span> <span class='ocrx_word' id='word_1_638' title='bbox 259 4514 366 4569; x_wconf 90' lang='lat' dir='ltr'>carnis.</span> <span class='ocrx_word' id='word_1_639' title='bbox 381 4513 453 4571; x_wconf 91' lang='lat' dir='ltr'>llinc</span> <span class='ocrx_word' id='word_1_640' title='bbox 469 4519 513 4571; x_wconf 90' lang='lat' dir='ltr'>cst</span> <span class='ocrx_word' id='word_1_641' title='bbox 527 4515 600 4571; x_wconf 90' lang='lat' dir='ltr'>illud</span> <span class='ocrx_word' id='word_1_642' title='bbox 621 4516 846 4591; x_wconf 73' lang='lat' dir='ltr'>psalmographi</span> <span class='ocrx_word' id='word_1_643' title='bbox 863 4537 869 4574; x_wconf 90' lang='lat'>:</span> <span class='ocrx_word' id='word_1_644' title='bbox 886 4519 960 4575; x_wconf 85' lang='lat' dir='ltr'>Con-</span> <span class='ocrx_word' id='word_1_645' title='bbox 1016 4517 1088 4574; x_wconf 81' lang='lat' dir='ltr'>bant</span> <span class='ocrx_word' id='word_1_646' title='bbox 1102 4520 1197 4577; x_wconf 80' lang='grc'>011001</span> <span class='ocrx_word' id='word_1_647' title='bbox 1207 4521 1370 4576; x_wconf 74' lang='lat' dir='ltr'>exercitant</span> <span class='ocrx_word' id='word_1_648' title='bbox 1394 4522 1468 4590; x_wconf 82' lang='lat' dir='ltr'>ejas,</span> <span class='ocrx_word' id='word_1_649' title='bbox 1490 4525 1518 4576; x_wconf 88' lang='lat' dir='ltr'>et</span> <span class='ocrx_word' id='word_1_650' title='bbox 1541 4522 1680 4576; x_wconf 80' lang='lat' dir='ltr'>eati-anei</span> <span class='ocrx_word' id='word_1_651' title='bbox 1699 4519 1845 4591; x_wconf 72' lang='lat' dir='ltr'>ineradic-</span> 
     </span>
     <span class='ocr_line' id='line_1_67' title="bbox 125 4599 1844 4681; baseline 0.005 -26"><span class='ocrx_word' id='word_1_652' title='bbox 125 4599 185 4670; x_wconf 77' lang='lat' dir='ltr'>fipe</span> <span class='ocrx_word' id='word_1_653' title='bbox 199 4601 366 4658; x_wconf 81' lang='lat' dir='ltr'>timoratae</span> <span class='ocrx_word' id='word_1_654' title='bbox 392 4620 497 4660; x_wconf 81' lang='lat' dir='ltr'>carnes</span> <span class='ocrx_word' id='word_1_655' title='bbox 520 4622 599 4663; x_wconf 85' lang='lat' dir='ltr'>meas</span> <span class='ocrx_word' id='word_1_656' title='bbox 610 4623 621 4663; x_wconf 92' lang='lat'>.·</span> <span class='ocrx_word' id='word_1_657' title='bbox 635 4608 788 4677; x_wconf 83' lang='lat' dir='ltr'>ajadiciis</span> <span class='ocrx_word' id='word_1_658' title='bbox 810 4610 887 4666; x_wconf 85' lang='lat' dir='ltr'>caim</span> <span class='ocrx_word' id='word_1_659' title='bbox 903 4611 961 4666; x_wconf 80' lang='lat' dir='ltr'>tair&#39;s</span> <span class='ocrx_word' id='word_1_660' title='bbox 1016 4607 1127 4665; x_wconf 81' lang='lat' dir='ltr'>bantur</span> <span class='ocrx_word' id='word_1_661' title='bbox 1143 4614 1249 4680; x_wconf 86' lang='lat' dir='ltr'>portas</span> <span class='ocrx_word' id='word_1_662' title='bbox 1274 4611 1338 4681; x_wconf 84' lang='lat' dir='ltr'>ejus</span> <span class='ocrx_word' id='word_1_663' title='bbox 1350 4625 1362 4680; x_wconf 92' lang='lat'>,·</span> <span class='ocrx_word' id='word_1_664' title='bbox 1380 4613 1407 4666; x_wconf 87' lang='lat' dir='ltr'>et</span> <span class='ocrx_word' id='word_1_665' title='bbox 1423 4623 1514 4678; x_wconf 82' lang='lat' dir='ltr'>saper</span> <span class='ocrx_word' id='word_1_666' title='bbox 1536 4609 1724 4666; x_wconf 84' lang='lat' dir='ltr'>Hierusalem</span> <span class='ocrx_word' id='word_1_667' title='bbox 1748 4610 1844 4664; x_wconf 77' lang='lat' dir='ltr'>initte-</span> 
     </span>
     <span class='ocr_line' id='line_1_68' title="bbox 128 4689 1842 4770; baseline 0.005 -27"><span class='ocrx_word' id='word_1_668' title='bbox 128 4689 217 4745; x_wconf 85' lang='lat' dir='ltr'>timai</span> <span class='ocrx_word' id='word_1_669' title='bbox 228 4690 322 4760; x_wconf 84' lang='lat' dir='ltr'>(Psoi.</span> <span class='ocrx_word' id='word_1_670' title='bbox 349 4695 454 4765; x_wconf 80' lang='lat' dir='ltr'>casiri).</span> <span class='ocrx_word' id='word_1_671' title='bbox 472 4697 505 4750; x_wconf 84' lang='lat' dir='ltr'>nt</span> <span class='ocrx_word' id='word_1_672' title='bbox 519 4694 575 4752; x_wconf 92' lang='lat' dir='ltr'>hoc</span> <span class='ocrx_word' id='word_1_673' title='bbox 591 4697 728 4770; x_wconf 86' lang='lat' dir='ltr'>estquod</span> <span class='ocrx_word' id='word_1_674' title='bbox 742 4696 854 4753; x_wconf 83' lang='lat' dir='ltr'>rthdias</span> <span class='ocrx_word' id='word_1_675' title='bbox 867 4697 937 4754; x_wconf 89' lang='lat' dir='ltr'>dicit</span> <span class='ocrx_word' id='word_1_676' title='bbox 952 4716 958 4754; x_wconf 95' lang='lat'><strong>:</strong></span> <span class='ocrx_word' id='word_1_677' title='bbox 1017 4698 1088 4755; x_wconf 82' lang='lat' dir='ltr'>bant</span> <span class='ocrx_word' id='word_1_678' title='bbox 1100 4705 1208 4755; x_wconf 84' lang='lat' dir='ltr'>sortem</span> <span class='ocrx_word' id='word_1_679' title='bbox 1219 4714 1230 4755; x_wconf 94' lang='grc'>.·</span> <span class='ocrx_word' id='word_1_680' title='bbox 1245 4704 1278 4754; x_wconf 87' lang='grc'>10</span> <span class='ocrx_word' id='word_1_681' title='bbox 1299 4713 1413 4769; x_wconf 81' lang='lat' dir='ltr'>quoque</span> <span class='ocrx_word' id='word_1_682' title='bbox 1427 4713 1494 4755; x_wconf 83' lang='lat' dir='ltr'>eras</span> <span class='ocrx_word' id='word_1_683' title='bbox 1515 4713 1593 4753; x_wconf 82' lang='lat' dir='ltr'>arias</span> <span class='ocrx_word' id='word_1_684' title='bbox 1612 4714 1650 4755; x_wconf 81' lang='lat' dir='ltr'>ea</span> <span class='ocrx_word' id='word_1_685' title='bbox 1663 4700 1712 4755; x_wconf 88' lang='lat' dir='ltr'>eis.</span> <span class='ocrx_word' id='word_1_686' title='bbox 1728 4699 1768 4752; x_wconf 84' lang='lat' dir='ltr'>Et</span> <span class='ocrx_word' id='word_1_687' title='bbox 1782 4713 1842 4754; x_wconf 85' lang='grc'>000</span> 
     </span>
     <span class='ocr_line' id='line_1_69' title="bbox 128 4778 1843 4858; baseline 0.006 -26"><span class='ocrx_word' id='word_1_688' title='bbox 128 4778 238 4833; x_wconf 87' lang='lat' dir='ltr'>Omnes</span> <span class='ocrx_word' id='word_1_689' title='bbox 252 4778 307 4834; x_wconf 79' lang='lat' dir='ltr'>siri</span> <span class='ocrx_word' id='word_1_690' title='bbox 320 4779 440 4837; x_wconf 68' lang='lat' dir='ltr'>faederis</span> <span class='ocrx_word' id='word_1_691' title='bbox 455 4783 507 4853; x_wconf 89' lang='lat' dir='ltr'>tui,</span> <span class='ocrx_word' id='word_1_692' title='bbox 524 4789 578 4842; x_wconf 91' lang='lat' dir='ltr'>ctc.</span> <span class='ocrx_word' id='word_1_693' title='bbox 592 4788 666 4842; x_wconf 81' lang='lat' dir='ltr'>Nota</span> <span class='ocrx_word' id='word_1_694' title='bbox 681 4786 737 4843; x_wconf 87' lang='lat' dir='ltr'>tria</span> <span class='ocrx_word' id='word_1_695' title='bbox 747 4788 810 4843; x_wconf 79' lang='lat' dir='ltr'>haec</span> <span class='ocrx_word' id='word_1_696' title='bbox 828 4804 834 4840; x_wconf 94' lang='lat'>:</span> <span class='ocrx_word' id='word_1_697' title='bbox 851 4787 958 4857; x_wconf 80' lang='lat' dir='ltr'>loedus,</span> <span class='ocrx_word' id='word_1_698' title='bbox 1014 4787 1155 4857; x_wconf 80' lang='lat' dir='ltr'>despicies</span> <span class='ocrx_word' id='word_1_699' title='bbox 1170 4788 1201 4842; x_wconf 85' lang='lat' dir='ltr'>in</span> <span class='ocrx_word' id='word_1_700' title='bbox 1216 4787 1263 4842; x_wconf 84' lang='lat' dir='ltr'>die</span> <span class='ocrx_word' id='word_1_701' title='bbox 1275 4787 1385 4857; x_wconf 75' lang='lat' dir='ltr'>fratris</span> <span class='ocrx_word' id='word_1_702' title='bbox 1405 4788 1458 4854; x_wconf 84' lang='lat' dir='ltr'>tui,</span> <span class='ocrx_word' id='word_1_703' title='bbox 1475 4790 1505 4843; x_wconf 83' lang='lat' dir='ltr'>in</span> <span class='ocrx_word' id='word_1_704' title='bbox 1525 4788 1573 4845; x_wconf 88' lang='lat' dir='ltr'>die</span> <span class='ocrx_word' id='word_1_705' title='bbox 1588 4788 1843 4858; x_wconf 77' lang='lat' dir='ltr'>pereprinatioais</span> 
     </span>
     <span class='ocr_line' id='line_1_70' title="bbox 126 4869 1843 4951; baseline 0.006 -30"><span class='ocrx_word' id='word_1_706' title='bbox 126 4881 244 4939; x_wconf 85' lang='lat' dir='ltr'>pacem,</span> <span class='ocrx_word' id='word_1_707' title='bbox 265 4869 445 4928; x_wconf 80' lang='lat' dir='ltr'>convivium.</span> <span class='ocrx_word' id='word_1_708' title='bbox 462 4873 568 4930; x_wconf 70' lang='lat' dir='ltr'>l&#39;anlus</span> <span class='ocrx_word' id='word_1_709' title='bbox 582 4892 650 4931; x_wconf 90' lang='lat' dir='ltr'>cum</span> <span class='ocrx_word' id='word_1_710' title='bbox 665 4892 753 4932; x_wconf 85' lang='lat' dir='ltr'>carne</span> <span class='ocrx_word' id='word_1_711' title='bbox 769 4876 894 4934; x_wconf 88' lang='lat' dir='ltr'>inierant</span> <span class='ocrx_word' id='word_1_712' title='bbox 908 4895 961 4951; x_wconf 91' lang='lat' dir='ltr'>per</span> <span class='ocrx_word' id='word_1_713' title='bbox 1014 4879 1088 4946; x_wconf 82' lang='lat' dir='ltr'>ejns.</span> <span class='ocrx_word' id='word_1_714' title='bbox 1107 4877 1148 4933; x_wconf 80' lang='lat' dir='ltr'>Et</span> <span class='ocrx_word' id='word_1_715' title='bbox 1162 4892 1221 4932; x_wconf 87' lang='grc'>000</span> <span class='ocrx_word' id='word_1_716' title='bbox 1247 4876 1395 4932; x_wconf 73' lang='lat' dir='ltr'>laetaberis</span> <span class='ocrx_word' id='word_1_717' title='bbox 1419 4891 1509 4947; x_wconf 86' lang='lat' dir='ltr'>saper</span> <span class='ocrx_word' id='word_1_718' title='bbox 1531 4879 1609 4946; x_wconf 68' lang='lat' dir='ltr'>filios</span> <span class='ocrx_word' id='word_1_719' title='bbox 1636 4878 1721 4933; x_wconf 80' lang='lat' dir='ltr'>Juda</span> <span class='ocrx_word' id='word_1_720' title='bbox 1744 4879 1776 4932; x_wconf 85' lang='lat' dir='ltr'>in</span> <span class='ocrx_word' id='word_1_721' title='bbox 1795 4877 1843 4932; x_wconf 86' lang='lat' dir='ltr'>die</span> 
     </span>
     <span class='ocr_line' id='line_1_71' title="bbox 127 4954 1842 5039; baseline 0.003 -29"><span class='ocrx_word' id='word_1_722' title='bbox 127 4954 276 5023; x_wconf 83' lang='lat' dir='ltr'>affectum,</span> <span class='ocrx_word' id='word_1_723' title='bbox 302 4975 408 5031; x_wconf 85' lang='lat' dir='ltr'>pacem</span> <span class='ocrx_word' id='word_1_724' title='bbox 431 4978 484 5034; x_wconf 88' lang='lat' dir='ltr'>per</span> <span class='ocrx_word' id='word_1_725' title='bbox 505 4981 695 5034; x_wconf 82' lang='lat' dir='ltr'>cousensrmr,</span> <span class='ocrx_word' id='word_1_726' title='bbox 722 4966 892 5022; x_wconf 77' lang='lat' dir='ltr'>convivium</span> <span class='ocrx_word' id='word_1_727' title='bbox 908 4983 960 5039; x_wconf 90' lang='lat' dir='ltr'>per</span> <span class='ocrx_word' id='word_1_728' title='bbox 1008 4966 1188 5036; x_wconf 79' lang='lat' dir='ltr'>perditionis</span> <span class='ocrx_word' id='word_1_729' title='bbox 1213 4980 1324 5021; x_wconf 78' lang='lat' dir='ltr'>corum.</span> <span class='ocrx_word' id='word_1_730' title='bbox 1349 4966 1842 5035; x_wconf 72' lang='grc' dir='ltr'>11100000001Το0101000010000</span> 
     </span>
    </p>
   </div>
   <div class='ocr_carea' id='block_1_8' title="bbox 124 5050 960 5568">
    <p class='ocr_par' dir='ltr' id='par_1_10' title="bbox 124 5050 960 5568">
     <span class='ocr_line' id='line_1_72' title="bbox 126 5050 960 5127; baseline 0.012 -26"><span class='ocrx_word' id='word_1_731' title='bbox 126 5051 235 5103; x_wconf 89' lang='lat' dir='ltr'>actam.</span> <span class='ocrx_word' id='word_1_732' title='bbox 261 5050 313 5104; x_wconf 88' lang='lat' dir='ltr'>Per</span> <span class='ocrx_word' id='word_1_733' title='bbox 328 5050 467 5108; x_wconf 79' lang='lat' dir='ltr'>allectum</span> <span class='ocrx_word' id='word_1_734' title='bbox 484 5054 741 5126; x_wconf 79' lang='lat' dir='ltr'>concupiscentiae,</span> <span class='ocrx_word' id='word_1_735' title='bbox 761 5071 814 5127; x_wconf 91' lang='lat' dir='ltr'>per</span> <span class='ocrx_word' id='word_1_736' title='bbox 837 5071 960 5111; x_wconf 90' lang='lat' dir='ltr'>conscu-</span> 
     </span>
     <span class='ocr_line' id='line_1_73' title="bbox 126 5138 958 5221; baseline 0.011 -31"><span class='ocrx_word' id='word_1_737' title='bbox 126 5151 195 5221; x_wconf 78' lang='lat' dir='ltr'>sum</span> <span class='ocrx_word' id='word_1_738' title='bbox 208 5138 389 5210; x_wconf 77' lang='lat' dir='ltr'>petrdantice,</span> <span class='ocrx_word' id='word_1_739' title='bbox 405 5157 459 5213; x_wconf 90' lang='lat' dir='ltr'>per</span> <span class='ocrx_word' id='word_1_740' title='bbox 483 5147 583 5199; x_wconf 90' lang='lat' dir='ltr'>actum</span> <span class='ocrx_word' id='word_1_741' title='bbox 609 5141 737 5199; x_wconf 79' lang='lat' dir='ltr'>malitiae.</span> <span class='ocrx_word' id='word_1_742' title='bbox 764 5146 871 5199; x_wconf 74' lang='lat' dir='ltr'>Contra</span> <span class='ocrx_word' id='word_1_743' title='bbox 894 5144 958 5199; x_wconf 76' lang='lat' dir='ltr'>llaec</span> 
     </span>
     <span class='ocr_line' id='line_1_74' title="bbox 124 5224 958 5304; baseline 0.011 -26"><span class='ocrx_word' id='word_1_744' title='bbox 124 5224 181 5280; x_wconf 89' lang='lat' dir='ltr'>tria</span> <span class='ocrx_word' id='word_1_745' title='bbox 196 5234 390 5298; x_wconf 88' lang='lat' dir='ltr'>opponuntur</span> <span class='ocrx_word' id='word_1_746' title='bbox 413 5231 504 5286; x_wconf 89' lang='lat' dir='ltr'>altera</span> <span class='ocrx_word' id='word_1_747' title='bbox 528 5230 592 5286; x_wconf 91' lang='lat' dir='ltr'>tria.</span> <span class='ocrx_word' id='word_1_748' title='bbox 618 5233 725 5286; x_wconf 77' lang='lat' dir='ltr'>Contra</span> <span class='ocrx_word' id='word_1_749' title='bbox 748 5232 958 5304; x_wconf 84' lang='lat' dir='ltr'>eoncupiscen-</span> 
     </span>
     <span class='ocr_line' id='line_1_75' title="bbox 125 5312 958 5393; baseline 0.012 -28"><span class='ocrx_word' id='word_1_750' title='bbox 125 5312 197 5367; x_wconf 87' lang='lat' dir='ltr'>tiam</span> <span class='ocrx_word' id='word_1_751' title='bbox 221 5315 328 5383; x_wconf 86' lang='lat' dir='ltr'>illasio,</span> <span class='ocrx_word' id='word_1_752' title='bbox 345 5325 448 5375; x_wconf 80' lang='grc'>000100</span> <span class='ocrx_word' id='word_1_753' title='bbox 463 5319 657 5393; x_wconf 87' lang='lat' dir='ltr'>petulantiam</span> <span class='ocrx_word' id='word_1_754' title='bbox 672 5319 870 5393; x_wconf 72' lang='lat' dir='ltr'>impugnatio,</span> <span class='ocrx_word' id='word_1_755' title='bbox 890 5339 958 5377; x_wconf 86' lang='lat' dir='ltr'>con-</span> 
     </span>
     <span class='ocr_line' id='line_1_76' title="bbox 125 5403 957 5484; baseline 0.016 -31"><span class='ocrx_word' id='word_1_756' title='bbox 125 5403 329 5459; x_wconf 82' lang='lat' dir='ltr'>tramolitiam</span> <span class='ocrx_word' id='word_1_757' title='bbox 351 5408 475 5465; x_wconf 79' lang='lat' dir='ltr'>insidiae.</span> <span class='ocrx_word' id='word_1_758' title='bbox 504 5409 620 5465; x_wconf 74' lang='lat' dir='ltr'>insidiae</span> <span class='ocrx_word' id='word_1_759' title='bbox 642 5411 835 5483; x_wconf 85' lang='lat' dir='ltr'>jejuniorum,</span> <span class='ocrx_word' id='word_1_760' title='bbox 861 5411 957 5484; x_wconf 89' lang='lat' dir='ltr'>impu·</span> 
     </span>
     <span class='ocr_line' id='line_1_77' title="bbox 124 5488 957 5568; baseline 0.017 -26"><span class='ocrx_word' id='word_1_761' title='bbox 124 5488 226 5557; x_wconf 78' lang='lat' dir='ltr'>gnatio</span> <span class='ocrx_word' id='word_1_762' title='bbox 257 5491 453 5562; x_wconf 87' lang='lat' dir='ltr'>spiritualium</span> <span class='ocrx_word' id='word_1_763' title='bbox 488 5499 705 5568; x_wconf 87' lang='lat' dir='ltr'>exercitiorum,</span> <span class='ocrx_word' id='word_1_764' title='bbox 739 5500 836 5557; x_wconf 88' lang='lat' dir='ltr'>illusio</span> <span class='ocrx_word' id='word_1_765' title='bbox 868 5500 957 5556; x_wconf 71' lang='lat' dir='ltr'>virtu-</span> 
     </span>
    </p>
   </div>
   <div class='ocr_carea' id='block_1_9' title="bbox 124 5579 957 5705">
    <p class='ocr_par' dir='ltr' id='par_1_11' title="bbox 124 5579 957 5705">
     <span class='ocr_line' id='line_1_78' title="bbox 124 5579 957 5661; baseline 0.016 -29"><span class='ocrx_word' id='word_1_766' title='bbox 124 5579 198 5632; x_wconf 78' lang='lat' dir='ltr'>urm.</span> <span class='ocrx_word' id='word_1_767' title='bbox 224 5579 374 5649; x_wconf 86' lang='lat' dir='ltr'>Jejunium</span> <span class='ocrx_word' id='word_1_768' title='bbox 397 5603 528 5659; x_wconf 85' lang='lat' dir='ltr'>namque</span> <span class='ocrx_word' id='word_1_769' title='bbox 543 5589 636 5645; x_wconf 86' lang='lat' dir='ltr'>robur</span> <span class='ocrx_word' id='word_1_770' title='bbox 653 5589 762 5661; x_wconf 87' lang='lat' dir='ltr'>carnis,</span> <span class='ocrx_word' id='word_1_771' title='bbox 777 5589 810 5645; x_wconf 88' lang='lat' dir='ltr'>id</span> <span class='ocrx_word' id='word_1_772' title='bbox 833 5593 877 5646; x_wconf 84' lang='lat' dir='ltr'>est</span> <span class='ocrx_word' id='word_1_773' title='bbox 892 5591 957 5661; x_wconf 87' lang='lat' dir='ltr'>ejas</span> 
     </span>
     <span class='ocr_line' id='line_1_79' title="bbox 592 5674 609 5705; baseline 0 0"><span class='ocrx_word' id='word_1_774' title='bbox 592 5674 609 5705; x_wconf 62' lang='grc'>1</span> 
     </span>
    </p>
   </div>
   <div class='ocr_carea' id='block_1_10' title="bbox 1010 5055 1841 5663">
    <p class='ocr_par' dir='ltr' id='par_1_12' title="bbox 1010 5055 1841 5663">
     <span class='ocr_line' id='line_1_80' title="bbox 1013 5055 1841 5127; baseline -0.004 -17"><span class='ocrx_word' id='word_1_775' title='bbox 1013 5057 1043 5112; x_wconf 85' lang='lat' dir='ltr'>in</span> <span class='ocrx_word' id='word_1_776' title='bbox 1058 5056 1106 5112; x_wconf 83' lang='lat' dir='ltr'>die</span> <span class='ocrx_word' id='word_1_777' title='bbox 1122 5056 1277 5126; x_wconf 72' lang='lat' dir='ltr'>anprcstisa.</span> <span class='ocrx_word' id='word_1_778' title='bbox 1297 5055 1398 5127; x_wconf 71' lang='lat' dir='ltr'>It&#39;eqae</span> <span class='ocrx_word' id='word_1_779' title='bbox 1422 5056 1597 5125; x_wconf 75' lang='lat' dir='ltr'>inprcdieris</span> <span class='ocrx_word' id='word_1_780' title='bbox 1616 5061 1722 5126; x_wconf 81' lang='lat' dir='ltr'>portas</span> <span class='ocrx_word' id='word_1_781' title='bbox 1733 5055 1841 5125; x_wconf 81' lang='lat' dir='ltr'>popuii</span> 
     </span>
     <span class='ocr_line' id='line_1_81' title="bbox 1012 5143 1839 5216; baseline -0.005 -15"><span class='ocrx_word' id='word_1_782' title='bbox 1012 5146 1079 5216; x_wconf 86' lang='lat' dir='ltr'>mci,</span> <span class='ocrx_word' id='word_1_783' title='bbox 1100 5145 1130 5199; x_wconf 83' lang='lat' dir='ltr'>ia</span> <span class='ocrx_word' id='word_1_784' title='bbox 1145 5143 1193 5199; x_wconf 90' lang='lat' dir='ltr'>dic</span> <span class='ocrx_word' id='word_1_785' title='bbox 1215 5144 1563 5215; x_wconf 63' lang='lat' dir='ltr'>intemperataque</span> <span class='ocrx_word' id='word_1_786' title='bbox 1587 5144 1727 5214; x_wconf 83' lang='lat' dir='ltr'>despicies</span> <span class='ocrx_word' id='word_1_787' title='bbox 1754 5149 1781 5200; x_wconf 90' lang='lat' dir='ltr'>et</span> <span class='ocrx_word' id='word_1_788' title='bbox 1807 5149 1839 5197; x_wconf 88' lang='lat' dir='ltr'>ta</span> 
     </span>
     <span class='ocr_line' id='line_1_82' title="bbox 1012 5231 1840 5302; baseline -0.005 -14"><span class='ocrx_word' id='word_1_789' title='bbox 1012 5234 1043 5288; x_wconf 83' lang='lat' dir='ltr'>ia</span> <span class='ocrx_word' id='word_1_790' title='bbox 1056 5233 1144 5288; x_wconf 76' lang='lat' dir='ltr'>realis</span> <span class='ocrx_word' id='word_1_791' title='bbox 1157 5233 1231 5302; x_wconf 83' lang='lat' dir='ltr'>ejas,</span> <span class='ocrx_word' id='word_1_792' title='bbox 1247 5233 1278 5286; x_wconf 86' lang='lat' dir='ltr'>in</span> <span class='ocrx_word' id='word_1_793' title='bbox 1293 5232 1341 5287; x_wconf 90' lang='lat' dir='ltr'>die</span> <span class='ocrx_word' id='word_1_794' title='bbox 1355 5233 1503 5288; x_wconf 86' lang='lat' dir='ltr'>vastitatis</span> <span class='ocrx_word' id='word_1_795' title='bbox 1519 5233 1611 5287; x_wconf 86' lang='lat' dir='ltr'>illias.</span> <span class='ocrx_word' id='word_1_796' title='bbox 1625 5232 1663 5286; x_wconf 81' lang='lat' dir='ltr'>Et</span> <span class='ocrx_word' id='word_1_797' title='bbox 1685 5247 1744 5286; x_wconf 89' lang='grc'>000</span> <span class='ocrx_word' id='word_1_798' title='bbox 1759 5231 1840 5287; x_wconf 83' lang='lat' dir='ltr'>cinit-</span> 
     </span>
     <span class='ocr_line' id='line_1_83' title="bbox 1012 5320 1838 5390; baseline -0.004 -15"><span class='ocrx_word' id='word_1_799' title='bbox 1012 5320 1402 5377; x_wconf 74' lang='grc'>100100010000000000011000</span> <span class='ocrx_word' id='word_1_800' title='bbox 1412 5323 1475 5390; x_wconf 79' lang='lat' dir='ltr'>ejus</span> <span class='ocrx_word' id='word_1_801' title='bbox 1488 5323 1516 5375; x_wconf 87' lang='lat' dir='ltr'>in</span> <span class='ocrx_word' id='word_1_802' title='bbox 1526 5322 1573 5377; x_wconf 88' lang='lat' dir='ltr'>dic</span> <span class='ocrx_word' id='word_1_803' title='bbox 1583 5323 1731 5377; x_wconf 83' lang='lat' dir='ltr'>eastitatis</span> <span class='ocrx_word' id='word_1_804' title='bbox 1740 5321 1838 5374; x_wconf 84' lang='lat' dir='ltr'>iltius:</span> 
     </span>
     <span class='ocr_line' id='line_1_84' title="bbox 1011 5409 1838 5481; baseline -0.006 -16"><span class='ocrx_word' id='word_1_805' title='bbox 1011 5426 1105 5480; x_wconf 83' lang='lat' dir='ltr'>aeque</span> <span class='ocrx_word' id='word_1_806' title='bbox 1118 5409 1209 5466; x_wconf 83' lang='lat' dir='ltr'>stadis</span> <span class='ocrx_word' id='word_1_807' title='bbox 1221 5411 1252 5464; x_wconf 86' lang='lat' dir='ltr'>ia</span> <span class='ocrx_word' id='word_1_808' title='bbox 1266 5410 1403 5481; x_wconf 72' lang='lat' dir='ltr'>edilibus,</span> <span class='ocrx_word' id='word_1_809' title='bbox 1414 5416 1445 5465; x_wconf 86' lang='lat' dir='ltr'>at</span> <span class='ocrx_word' id='word_1_810' title='bbox 1456 5412 1618 5481; x_wconf 79' lang='lat' dir='ltr'>interficias</span> <span class='ocrx_word' id='word_1_811' title='bbox 1628 5426 1684 5480; x_wconf 86' lang='lat' dir='ltr'>cas,</span> <span class='ocrx_word' id='word_1_812' title='bbox 1694 5409 1838 5481; x_wconf 72' lang='lat' dir='ltr'>quisupe-</span> 
     </span>
     <span class='ocr_line' id='line_1_85' title="bbox 1010 5497 1838 5571; baseline -0.005 -15"><span class='ocrx_word' id='word_1_813' title='bbox 1010 5500 1083 5556; x_wconf 83' lang='lat' dir='ltr'>rint.</span> <span class='ocrx_word' id='word_1_814' title='bbox 1096 5500 1135 5554; x_wconf 86' lang='lat' dir='ltr'>Et</span> <span class='ocrx_word' id='word_1_815' title='bbox 1150 5515 1209 5554; x_wconf 85' lang='grc'>000</span> <span class='ocrx_word' id='word_1_816' title='bbox 1225 5499 1382 5555; x_wconf 79' lang='lat' dir='ltr'>coricludcs</span> <span class='ocrx_word' id='word_1_817' title='bbox 1403 5500 1532 5571; x_wconf 83' lang='lat' dir='ltr'>reliquas</span> <span class='ocrx_word' id='word_1_818' title='bbox 1546 5516 1646 5556; x_wconf 77' lang='lat' dir='ltr'>comem</span> <span class='ocrx_word' id='word_1_819' title='bbox 1660 5501 1690 5554; x_wconf 83' lang='grc'>10</span> <span class='ocrx_word' id='word_1_820' title='bbox 1713 5497 1838 5552; x_wconf 81' lang='lat' dir='ltr'>tributa-</span> 
     </span>
     <span class='ocr_line' id='line_1_86' title="bbox 1013 5591 1836 5663; baseline -0.006 -16"><span class='ocrx_word' id='word_1_821' title='bbox 1013 5591 1090 5648; x_wconf 80' lang='lat' dir='ltr'>te&#39;oae</span> <span class='ocrx_word' id='word_1_822' title='bbox 1098 5607 1110 5663; x_wconf 91' lang='lat'>,·</span> <span class='ocrx_word' id='word_1_823' title='bbox 1124 5593 1263 5662; x_wconf 75' lang='grc'>00001000</span> <span class='ocrx_word' id='word_1_824' title='bbox 1270 5593 1363 5660; x_wconf 77' lang='lat' dir='ltr'>jrrata</span> <span class='ocrx_word' id='word_1_825' title='bbox 1378 5596 1419 5646; x_wconf 88' lang='lat' dir='ltr'>est</span> <span class='ocrx_word' id='word_1_826' title='bbox 1430 5592 1490 5648; x_wconf 90' lang='lat' dir='ltr'>dies</span> <span class='ocrx_word' id='word_1_827' title='bbox 1505 5592 1626 5647; x_wconf 85' lang='lat' dir='ltr'>Deraiai</span> <span class='ocrx_word' id='word_1_828' title='bbox 1638 5606 1728 5659; x_wconf 85' lang='lat' dir='ltr'>super</span> <span class='ocrx_word' id='word_1_829' title='bbox 1737 5605 1836 5645; x_wconf 83' lang='lat' dir='ltr'>orrrues</span> 
     </span>
    </p>
   </div>
   <div class='ocr_carea' id='block_1_11' title="bbox 0 0 1920 6044">
    <p class='ocr_par' dir='ltr' id='par_1_13' title="bbox 0 0 1920 6044">
     <span class='ocr_line' id='line_1_87' title="bbox 0 0 1920 6044; baseline 0 8"><span class='ocrx_word' id='word_1_830' title='bbox 0 0 1920 6044; x_wconf 95' lang='lat' dir='ltr'> </span> 
     </span>
    </p>
   </div>
  </div>
 </body>
</html>
