3832 6044
67 183 101 235 ⁸⁹
649 178 822 236 aarum.
844 179 1023 238 abactam.
1045 182 1079 237 lN
1098 181 1203 237 lUlllC.
1738 190 1772 243 90

64 300 102 357 do
126 299 238 368 lethro,
267 314 351 357 socer
371 300 512 374 lloysi,in
535 301 652 359 deserto
666 303 783 360 adeum
804 304 894 374 venit,
913 306 1151 376 harctabantur,
1167 310 1199 363 ut
1211 307 1322 365 semitae
1332 308 1519 382 quiescerent
1530 308 1649 365 nemine
1670 309 1774 366 ambu-

64 387 266 447 adducensilli
278 390 574 464 Sephoramuxorem
583 408 680 461 sunm,
690 396 718 449 et
727 391 804 449 filios
812 410 892 463 su0s;
947 394 1026 453 laute
1038 411 1091 470 per
1104 412 1155 453 eas
1171 415 1177 452 ε
1194 400 1222 452 et
1235 397 1259 452 si
1271 397 1323 470 qui
1335 396 1407 455 torte
1418 414 1472 471 per
1484 414 1534 455 eas
1542 398 1678 455 incedere
1689 412 1774 469 eoge-

63 478 173 537 deinde
196 495 266 536 eum
280 479 390 537 rediret
411 478 475 552 ipse
488 480 588 539 tethro
605 481 637 537 in
662 485 771 540 terram
795 499 893 553 suam,
948 485 1067 554 bantur,
1079 501 1139 542 non
1147 485 1334 559 publicaria,
1348 487 1399 543 sed
1406 502 1460 560 per
1470 487 1559 544 calles
1569 486 1673 545 devios
1683 486 1774 545 laten·

62 573 178 642 ltoyses
193 568 289 626 tilium
301 570 367 641 ejus
382 569 467 628 Dbab
479 574 642 641 cognatum
653 588 742 628 suum
762 572 892 642 tratrem,
948 579 992 631 ter
1013 575 1113 653 eundo
1139 574 1268 631 assultus
1294 574 1425 632 hostium
1453 575 1644 633 declinarent.
1660 579 1695 634 Et
1716 576 1774 633 hoe

63 659 175 716 scilieet
188 658 291 716 uxoris
306 675 380 728 suae,
392 676 494 717 secum
508 661 642 730 detinuit,
657 666 689 719 ut
702 661 812 736 pariter
824 678 894 719 cum
947 663 1036 720 etiam
1050 663 1080 720 in
1089 662 1194 719 diebus
1206 665 1331 734 samgar
1344 663 1456 721 factum
1466 669 1528 733 est;
1544 665 1597 738 qui
1608 664 1676 723 licet
1685 669 1774 723 tantae

62 748 139 805 liiiiis
151 748 243 806 lsrael
253 747 292 806 ad
306 752 416 807 terram
427 750 633 823 promissionis
647 751 892 825 proficisceretur.
948 752 1125 810 fortitudinis
1140 756 1225 819 esset,
1242 755 1275 809 ul
1287 758 1441 810 sexcentos
1458 770 1519 811 uno
1531 771 1651 812 vomere
1664 759 1774 812 sterne-

63 841 99 894 De
115 839 207 911 eujus
217 837 356 896 videlicet
368 837 453 897 Dbah
466 839 610 912 progenie
620 840 673 898 iste
686 840 894 898 hberdescen·
947 846 1000 911 ret,
1016 847 1117 899 tamen
1129 858 1262 915 eousque
1277 857 1338 898 non
1349 843 1445 915 potuit
1457 848 1489 900 ut
1501 846 1615 901 tanam
1636 861 1670 901 ac
1684 843 1773 901 talem

61 927 136 983 deus
150 943 170 984 a
185 926 299 984 cauus
310 926 450 985 fratribus
460 929 521 985 suis
534 928 613 998 filiis,
630 929 715 987 Dbab
727 929 803 987 inter
816 928 893 986 filios
948 948 1053 1006 pacem
1066 931 1097 988 iu
1121 935 1197 988 terra
1207 936 1340 1005 poneret,
1368 931 1489 1006 qualem
1512 932 1604 988 modo
1631 934 1708 988 Deus
1721 948 1775 1006 per

62 1016 153 1074 lsrael
166 1015 385 1084 habitantibus,
401 1016 476 1074 sieut
489 1018 626 1091 superius
637 1018 668 1074 in
684 1019 741 1076 hoc
755 1017 893 1075 iudicum
948 1023 1025 1079 hanc
1042 1021 1197 1078 victoriam
1216 1021 1329 1094 populo
1344 1039 1399 1079 suo
1427 1021 1517 1079 dedit.
1534 1024 1594 1078 lloe
1622 1025 1667 1077 est
1691 1021 1774 1094 quod

61 1106 138 1164 libro
152 1105 292 1178 legimus,
308 1105 392 1179 quod
399 1107 461 1177 filii
474 1107 560 1165 Cinci
566 1108 766 1166 ascenderunt
778 1108 815 1166 de
824 1109 893 1167 ciui-
948 1112 1090 1185 sequitur.
1103 1111 1300 1169 Cessaccrunt
1313 1112 1409 1182 sortes
1424 1113 1530 1184 Israel,
1546 1120 1573 1169 ct
1588 1113 1773 1183 quaenunt,

62 1196 314 1254 tatePalmarum
327 1210 395 1252 cunr
403 1196 476 1265 filiis
489 1196 570 1254 luda
585 1198 617 1254 r'n
630 1196 778 1254 desertum
792 1199 891 1270 sortis,
948 1201 1057 1259 scilicet
1071 1217 1132 1258 non
1147 1200 1280 1258 valentes
1293 1201 1428 1258 resistere
1446 1200 1583 1259 inimicis.
1598 1203 1698 1258 Donec
1710 1216 1775 1256 sur-

60 1292 86 1343 et
100 1285 321 1342 habitaverunt
331 1300 399 1342 cum
405 1285 464 1353 eis;
476 1284 633 1343 discedens
641 1285 681 1344 ad
691 1286 782 1343 alium
793 1286 893 1344 locum
947 1298 1029 1362 peret
1042 1290 1177 1348 Deliaco
1189 1307 1199 1347 .·
1210 1296 1343 1362 surperct
1357 1290 1425 1346 dico
1439 1296 1537 1348 mater
1550 1290 1694 1348 inlsrael.
1706 1288 1775 1346 ldeo

60 1375 140 1432 illius
163 1379 266 1432 tamen
293 1374 433 1445 regionis,
457 1374 489 1432 id
503 1379 548 1432 est
560 1375 600 1433 ad
627 1375 736 1433 vallem
762 1377 892 1446 Sennim,
948 1396 1025 1438 noca
1040 1381 1119 1439 della
1134 1381 1221 1451 clepit
1235 1381 1389 1450 Dominus,
1406 1396 1459 1454 per
1473 1379 1593 1437 infirma
1611 1379 1698 1437 fortia
1710 1378 1776 1436 des-

60 1463 209 1522 habitavit
223 1463 254 1520 in
268 1479 304 1521 ea
315 1481 323 1533 3
335 1463 421 1536 cujus
434 1479 511 1521 uxor
531 1465 661 1523 sisaram
687 1465 839 1523 interiecit.
948 1476 1061 1537 bueus:
1073 1486 1127 1543 per
1141 1469 1285 1527 feminam
1301 1468 1446 1543 superbos
1457 1470 1557 1526 hostes
1571 1473 1772 1543 prosternens.

92 1554 168 1625 (ltu.
183 1552 229 1625 V.)
245 1553 484 1625 Cecmauntque
497 1554 643 1627 Delibera,
655 1560 682 1612 et
696 1557 799 1613 Barac
812 1556 894 1624 plna
949 1563 981 1616 Et
992 1563 1025 1616 ut
1033 1559 1132 1631 majus
1141 1559 1178 1616 sit
1190 1558 1370 1617 miraculum
1381 1558 1441 1626 Dei,
1452 1559 1510 1615 lroa
1521 1574 1581 1615 aon
1591 1557 1689 1614 solum
1697 1557 1775 1614 duce

60 1643 207 1700 ahinoem
223 1644 254 1699 in
269 1643 324 1699 illa
336 1642 394 1715 dic,
416 1642 546 1701 dicentes
558 1660 570 1701 .·
584 1644 644 1713 (lui
655 1650 759 1714 sponte
773 1645 894 1703 obtulis-
913 1649 1069 1716 Blemina,
1085 1648 1138 1704 sad
1152 1652 1180 1706 et
1193 1665 1287 1722 parva
1302 1664 1396 1706 manu
1424 1652 1577 1722 pugnante
1592 1646 1704 1705 iactum
1719 1652 1772 1704 est.

61 1735 96 1788 tis
109 1733 148 1789 de
162 1731 261 1789 Israel
274 1733 391 1789 animas
409 1737 523 1790 vestras
549 1734 590 1791 ad
612 1734 795 1807 periculum,
811 1734 893 1792 benc
948 1741 1022 1794 Nam
1033 1737 1184 1811 sequitur:
1211 1738 1351 1809 Clupeas,
1367 1743 1395 1794 el
1422 1737 1508 1794 tarta
1522 1738 1550 1793 si
1575 1736 1775 1807 apparuerint

60 1822 334 1879 dr'citeDominum.
352 1823 411 1878 lloc
433 1821 584 1880 canticum
598 1827 666 1897 post
691 1823 847 1880 victoriam
863 1824 893 1882 in
947 1830 978 1885 in
993 1827 1198 1899 quadraginta
1224 1827 1355 1883 millibus
1383 1827 1488 1884 Israel.
1505 1829 1568 1882 Nou
1594 1825 1705 1882 eratin
1733 1828 1776 1883 tot

60 1910 185 1968 laudem
200 1909 252 1968 Dei
266 1910 439 1968 cecinerant
452 1910 590 1970 Debbora
600 1917 630 1971 et
643 1915 743 1970 Barac.
757 1914 892 1987 Domine,
948 1916 1089 1984 millibus,
1103 1916 1155 1990 qui
1169 1916 1309 1989 clypeum
1322 1914 1411 1972 lsrael
1426 1920 1478 1973 aut
1492 1916 1612 1972 hastam
1634 1913 1777 1973 levaverit

61 2016 126 2058 eum
136 2001 237 2058 erues
247 2000 285 2058 de
292 1999 369 2073 Scir,
384 2005 412 2058 et
423 2002 568 2058 transires
575 2018 633 2072 pcr
643 2004 776 2074 regiones
785 2003 892 2075 Edam,
948 2011 1052 2064 contra
1063 2005 1208 2073 inimicos,
1222 2004 1351 2079 exeeptis
1366 2005 1480 2078 paucis,
1494 2004 1525 2061 id
1538 2008 1582 2062 est
1593 2003 1697 2061 decem
1712 2002 1776 2060 mil-

62 2096 144 2149 terra
156 2095 242 2147 mota
269 2094 335 2147 est:
349 2090 473 2163 caelique
499 2105 535 2148 ac
549 2091 641 2148 nuces
668 2092 895 2150 distillaverunt
948 2095 1037 2162 libus,
1052 2094 1105 2169 qui
1115 2112 1170 2169 pro
1194 2094 1289 2152 salute
1303 2094 1408 2170 populi
1424 2094 1469 2151 sui
1483 2094 1615 2168 periculo
1643 2109 1674 2149 se
1688 2091 1777 2150 dede

61 2183 159 2255 aquas.
175 2179 292 2236 Montes
305 2179 496 2249 fluxerunta
508 2181 589 2249 facie
610 2182 739 2254 Donni,
754 2186 783 2239 et
808 2181 897 2239 Sinai
947 2189 1026 2253 runt,
1042 2185 1079 2240 de
1093 2183 1315 2259 quibussubdit
1330 2204 1337 2242 ι
1355 2186 1524 2242 Cornacum
1551 2184 1651 2255 dilicit
1662 2182 1777 2253 princi-

61 2271 177 2342 asacie
188 2270 314 2326 Domini
325 2270 382 2326 Dei
391 2269 498 2326 Israel.
512 2269 659 2327 Praeterita
680 2271 730 2328 Dei
746 2271 895 2330 mirabilia
945 2291 998 2345 pes
1013 2275 1109 2332 lsrael
1118 2287 1130 2346 ,·
1144 2274 1183 2330 ad
1197 2290 1275 2346 quos
1289 2290 1428 2331 rursum:
1442 2274 1501 2342 Qui
1521 2274 1648 2344 propria
1673 2272 1776 2330 coluu-

62 2360 91 2417 ιιι
105 2361 310 2430 augmentum
320 2358 514 2432 praesentium
521 2358 561 2416 ad
575 2359 754 2416 memoriam
763 2365 893 2419 revocat.
950 2370 1011 2421 tate
1025 2364 1172 2421 obtulistis
1187 2378 1236 2419 uos
1249 2363 1426 2435 ddcrimini,
1453 2362 1614 2419 benedicite
1637 2363 1774 2418 Domino.

64 2447 220 2520 Significat
233 2450 344 2514 autem,
359 2447 443 2520 quod
457 2446 529 2504 olim
544 2463 613 2505 cum
638 2448 786 2521 populum
805 2466 894 2507 suum
951 2454 1009 2520 Qui
1021 2453 1179 2509 ascenditis
1193 2467 1284 2523 super
1295 2453 1420 2510 nitentes
1446 2452 1555 2523 asinos,
1571 2456 1598 2507 et
1612 2450 1717 2507 sedetis
1744 2448 1776 2506 in

62 2537 98 2595 de
109 2540 242 2610 Egypto
272 2536 434 2593 οι1ιιοιιιιιιι
448 2539 525 2593 Deus
552 2537 725 2611 precederet
751 2537 895 2597 ducatum
944 2542 1071 2613 judicio,
1087 2546 1114 2599 et
1129 2541 1290 2598 ambulatis
1298 2542 1329 2596 in
1344 2543 1402 2598 via.
1418 2539 1537 2613 Vosqui
1547 2538 1777 2613 modoproslra·

63 2625 436 2702 proebensperdesertum,
450 2625 534 2700 quod
548 2628 743 2700 conjunctum
758 2633 802 2687 est
811 2634 895 2687 terrae
951 2630 986 2687 tis
1009 2630 1145 2688 hostibus
1165 2629 1276 2687 auxilio
1290 2629 1350 2698 Dei,
1366 2634 1395 2686 et
1408 2629 1438 2686 in
1451 2628 1546 2700 gloria
1553 2627 1631 2696 estis,
1643 2632 1672 2685 et
1680 2630 1777 2700 potes-

64 2715 352 2790 Edomatquescir:
368 2716 559 2790 praesentiam
570 2717 715 2776 &catoris
729 2718 819 2777 etiam
829 2738 895 2777 mu·
950 2722 1041 2777 tatem
1054 2718 1170 2776 habetis
1191 2724 1219 2775 et
1233 2735 1349 2792 pacem,
1378 2717 1469 2776 nolite
1494 2716 1627 2775 oblivisci
1650 2731 1777 2790 operum

62 2810 91 2863 ta
104 2805 256 2863 elementa
264 2809 422 2863 sensertmt
430 2809 460 2863 et
468 2806 556 2880 quasi
568 2805 666 2864 vicina
675 2808 831 2880 majestate
841 2813 896 2867 ter·
950 2808 1067 2867 Domini
1081 2807 1194 2882 quibus
1207 2808 1271 2864 brae
1284 2807 1391 2865 collata
1405 2811 1474 2864 sunt
1486 2806 1583 2865 nobis.
1609 2805 1779 2878 loquimini

61 2895 116 2955 rita
130 2899 225 2970 atque
239 2893 360 2953 turbata
372 2899 457 2952 motu
474 2894 541 2968 ipso
551 2896 691 2969 prasenti
703 2898 821 2955 numini
834 2900 897 2956 Dei·
950 2899 1004 2955 nbi
1016 2899 1115 2955 collabi
1130 2904 1200 2954 sunt
1215 2914 1333 2970 currus,
1361 2904 1389 2954 et
1404 2898 1531 2955 bostrum
1557 2898 1720 2968 suffocatus
1734 2901 1778 2954 est

62 2986 128 3044 tatis
140 2984 349 3061 prebuerunt.
369 2986 463 3043 Terra
490 2990 571 3043 mota
598 2992 651 3043 est.
673 2988 745 3044 Ecce
773 2988 893 3059 signum
913 3015 933 3072 G
950 2988 1108 3046 accercitus.
1124 2989 1178 3044 Per
1191 2987 1317 3044 nitentes
1333 2986 1433 3044 asinos
1452 2986 1600 3059 significat
1627 2985 1776 3057 gloriam;

62 3075 221 3150 praesentis
232 3074 361 3132 Deitatis.
370 3075 660 3156 Quifundanitsolus
668 3083 896 3150 moucrcpatuit.
951 3094 1005 3151 per
1015 3075 1179 3133 sessionem
1189 3076 1219 3132 iu
1228 3075 1351 3148 judicio,
1363 3080 1540 3148 potestatem
1552 3090 1622 3148 ,per
1633 3073 1778 3131 deambu-

63 3171 94 3224 ιιι
110 3165 218 3223 Exodo
237 3162 366 3236 legimus
376 3164 453 3237 (cap.
469 3165 539 3236 xix),
556 3167 808 3239 quomodomons
828 3169 898 3229 Sina
951 3165 1093 3224 lationem
1107 3165 1137 3222 in
1149 3165 1208 3233 via,
1222 3181 1339 3238 pacem.
1355 3165 1401 3220 Ibi
1412 3180 1483 3236 ergo
1501 3168 1677 3235 narrentur,
1688 3163 1779 3233 iusti·

63 3253 306 3313 descendentein
320 3253 421 3328 ipsum
431 3254 558 3312 Domino
573 3258 651 3313 totus
665 3254 792 3315 fumavit
805 3277 812 3315 :
824 3264 899 3318 erat·
953 3258 1002 3312 tioe
1016 3256 1146 3326 Domini,
1161 3256 1309 3327 quantum
1323 3252 1364 3309 ad
1378 3250 1603 3308 suffocationem
1630 3249 1777 3318 hostium3

64 3361 124 3420 que
139 3359 233 3402 mons
248 3343 346 3400 omnis
360 3343 507 3417 terribilis,
522 3349 551 3401 et
564 3345 700 3402 ascendit
710 3360 747 3402 ex
761 3363 797 3404 eo
811 3349 899 3421 quasi
952 3350 980 3401 et
994 3344 1150 3400 clementia
1166 3342 1197 3397 in
1207 3343 1302 3411 sortes
1323 3341 1429 3412 Israel,
1458 3343 1606 3413 quantum
1620 3338 1659 3395 ad
1672 3336 1778 3394 libera·

63 3435 170 3492 fumus
185 3432 224 3490 de
236 3432 366 3503 fornace,
381 3437 411 3490 et
435 3433 531 3491 nubes
558 3433 738 3493 densissima
764 3444 897 3496 montem
952 3433 1064 3490 tionem
1079 3446 1223 3497 suorum;
1244 3432 1326 3488 Tunc
1340 3429 1489 3488 deseendit
1499 3429 1632 3499 populus
1659 3427 1781 3487 Domini

64 3522 196 3599 operuit.
213 3520 273 3579 illic
287 3537 359 3592 ergo
369 3539 407 3580 ex
420 3522 578 3598 praesentia
590 3523 734 3581 creatoris
749 3528 826 3583 terra
836 3543 899 3584 mo
953 3521 994 3579 ad
1004 3526 1120 3593 portas,
1135 3519 1187 3592 qui
1211 3519 1294 3592 prius
1309 3519 1415 3576 timore
1438 3516 1569 3574 hostium
1592 3515 1693 3589 egredi
1718 3529 1780 3572 non

63 3620 93 3672 ta
107 3612 289 3684 fumigavit:
305 3611 362 3669 illic
377 3612 443 3669 eoeli
467 3612 497 3669 in
520 3613 602 3669 nube
616 3613 794 3672 densissima
812 3617 898 3690 aquis
953 3608 1093 3677 audebat,
1110 3609 1264 3683 prostratis
1279 3607 1416 3666 hostibus
1428 3615 1490 3664 'non
1501 3606 1599 3664 solnm
1609 3604 1780 3679 egredieba-

64 3702 216 3762 distillans
242 3718 396 3776 pavorem,
411 3706 440 3759 et
464 3701 659 3760 reverentiam
682 3704 817 3777 quodam
844 3721 899 3763 suo
953 3706 1010 3768 tur,
1027 3700 1080 3756 sed
1090 3698 1178 3756 etiam
1193 3698 1415 3755 dominabatur.
1430 3697 1501 3754 lnde
1515 3695 1624 3765 laetitia,
1640 3700 1668 3753 et
1682 3699 1781 3768 gratu

65 3793 177 3851 ardore
193 3792 299 3859 testati,
312 3796 489 3865 montesque
500 3790 567 3866 ipsa
580 3791 707 3850 nubium
736 3793 899 3853 obumbra·
953 3788 1023 3847 latio
1034 3805 1102 3863 quae
1115 3787 1248 3862 sequitur
1264 3807 1270 3845 :
1286 3787 1391 3861 Surge,
1405 3802 1495 3859 surpe
1516 3785 1662 3856 Debbora,
1682 3784 1781 3841 Domi·

65 3883 147 3940 hone
161 3880 231 3939 tecti
249 3880 399 3938 fluxerunt
419 3880 452 3938 in
467 3880 659 3939 fluctuatione
682 3882 810 3940 nubium
826 3884 899 3942 voli·
954 3896 1010 3937 nus
1025 3880 1057 3936 in
1070 3878 1200 3949 sortitus
1225 3878 1378 3936 dimicavit
1392 3893 1403 3933 .·
1418 3892 1456 3934 ca
1478 3874 1638 3947 Ephraim,
1663 3872 1725 3929 sive
1750 3871 1780 3929 in

66 3971 208 4040 tantiam,
224 3974 255 4028 et
265 3970 413 4029 descensu
426 3986 586 4045 aquarum.
612 3971 692 4030 Sinai
716 3972 822 4030 afacie
849 3975 900 4031 Dei
927 3980 932 3987 “
955 3967 1106 4042 Ephraim,
1123 3968 1230 4026 delevit
1245 3983 1292 4025 eos
1307 3968 1337 4024 in
1350 3967 1484 4038 Arnalec,
1501 3969 1608 4035 etpost
1622 3961 1781 4035 eum;sive

67 4061 168 4130 lsrael,
182 4061 242 4119 hac
255 4076 317 4118 una
331 4060 466 4118 clausula
479 4060 582 4118 omnia
606 4062 806 4135 proeeedentia
820 4079 900 4121 oom-
954 4059 997 4130 (ut
1010 4056 1136 4132 quidam
1149 4055 1257 4114 rectius
1272 4073 1309 4113 ex
1319 4055 1441 4112 llebroeo
1455 4053 1641 4128 interpretari
1664 4050 1781 4127 putant)

66 4137 249 4226 prehendit.¹
263 4149 333 4209 Sina
347 4154 447 4207 motus
474 4154 550 4207 esta
577 4147 652 4208 facie
676 4151 803 4209 Domini.
830 4152 900 4210 Sina
954 4152 1061 4218 etpost
1076 4147 1149 4203 teia
1159 4147 1320 4216 Beniamin
1335 4147 1366 4201 in
1376 4145 1506 4216 populos
1522 4149 1597 4214 tuas,
1615 4159 1632 4200 ο
1645 4142 1780 4200 Amalec.

67 4239 190 4298 stillavit
204 4239 302 4313 aquis.
321 4238 391 4297 Sina
404 4255 423 4297 a
437 4236 512 4297 facie
524 4239 642 4296 Domini
653 4239 786 4298 defluxit.
814 4241 900 4309 Quod
956 4238 1066 4294 Sensus
1080 4235 1127 4292 hio
1143 4239 1186 4292 est
1208 4235 1247 4291 ad
1275 4238 1472 4306 augmentum
1495 4231 1602 4289 laedtie
1616 4229 1781 4306 praesentis,

19 4321 23 4325 ’
67 4329 149 4388 enim
162 4327 254 4404 quasi
268 4326 444 4399 generaliter
456 4332 578 4402 propter
597 4328 733 4386 miraculi
756 4329 900 4389 excellen-
956 4325 1104 4399 praeterita
1119 4329 1146 4381 et
1160 4324 1260 4380 lutura
1273 4323 1323 4379 Dei
1334 4322 1484 4380 mirabilia
1492 4319 1674 4377 instantibus
1688 4333 1783 4375 annu·

67 4419 141 4478 tiam
161 4416 351 4494 premiserat
367 4436 374 4474 ι
390 4422 564 4476 terramala
590 4422 642 4488 est,
655 4418 721 4475 eoeli
747 4434 782 4475 ac
802 4419 899 4476 nubes
955 4419 1052 4472 meret
1066 4413 1209 4472 Dominus
1223 4413 1254 4470 in
1268 4412 1393 4470 fortibus
1416 4411 1564 4467 dimicans
1578 4424 1616 4464 ex
1629 4406 1780 4480 Ephraim.

67 4509 257 4566 stillaverunt
270 4507 366 4581 aqrris,
381 4511 508 4564 montes.
522 4507 691 4570 fluxerunt:
709 4507 760 4564 ubi
782 4508 839 4565 hoc
859 4513 901 4565 to
954 4507 986 4561 ln
999 4503 1126 4561 fortibus
1140 4518 1177 4558 ex
1189 4500 1329 4576 Ephraim
1340 4498 1492 4556 dimicavit
1505 4496 1664 4564 Dominus,
1689 4499 1719 4553 et
1730 4511 1783 4570 per

68 4603 132 4656 tum
146 4595 348 4671 adimpletum
362 4596 399 4654 sit
410 4595 576 4671 specialiter
591 4597 778 4670 subjungens
806 4597 900 4655 deter-
955 4593 1020 4650 illos
1037 4591 1146 4649 delevit
1160 4607 1211 4648 eos
1225 4591 1277 4665 qui
1291 4593 1376 4646 erant
1393 4588 1424 4645 in
1438 4587 1569 4645 amalec.
1583 4585 1649 4645 Sive
1662 4585 1693 4643 in
1704 4584 1784 4644 torti-

69 4686 302 4746 miuatdicens:
319 4685 399 4744 Sinai
423 4685 529 4744 aiacie
547 4686 673 4744 Domini.
694 4686 780 4753 Quod
799 4691 901 4744 autem
954 4683 1013 4740 bus
1038 4681 1091 4756 qui
1118 4685 1202 4738 erant
1223 4680 1253 4736 in
1281 4679 1420 4755 Ephraim
1447 4677 1601 4736 dimicarit
1628 4674 1783 4745 Dominus,

68 4778 108 4835 ait
122 4795 131 4834 :
147 4777 445 4846 montanianum,
462 4790 515 4849 per
528 4774 715 4850 hyperbolen
730 4775 844 4833 dictum
859 4775 902 4832 in·
955 4777 985 4831 et
993 4788 1047 4846 per
1059 4770 1125 4831 illos
1145 4770 1254 4829 delevit
1272 4786 1323 4828 eos
1337 4769 1486 4844 quierant
1508 4768 1540 4824 in
1552 4766 1683 4838 Amalec,
1702 4770 1734 4824 ut
1748 4765 1785 4823 sit

69 4865 162 4938 telligi
174 4868 284 4940 potest,
298 4864 491 4939 quasinimio
510 4864 787 4939 terroreliqueiacti.
803 4865 861 4924 Sed
874 4868 903 4923 ct
956 4878 1085 4920 sensus:
1114 4861 1212 4919 Deleri
1236 4877 1288 4918 eos
1312 4860 1364 4935 qui
1391 4864 1477 4917 erant
1497 4857 1528 4916 in
1552 4857 1682 4927 Amalec,
1710 4856 1787 4913 sieut

68 4955 154 5031 meod
168 4954 221 5023 ait,
236 4957 315 5012 terra
324 4958 408 5012 mota
419 4958 473 5022 est,
489 4954 528 5013 ad
537 4955 792 5029 perturbationem
806 4956 902 5013 homi·
956 4967 1058 5027 supra.
1075 4956 1160 5011 Notat
1169 4951 1324 5026 quomodo
1343 4955 1476 5024 tempore
1499 4948 1600 5022 lloysi,
1623 4950 1711 5006 losue
1721 4942 1785 5018 (qui

68 5061 146 5104 uum
155 5043 358 5103 habitantium
371 5044 403 5102 in
416 5048 494 5103 terra
507 5045 717 5103 convenienter
735 5045 837 5104 referri
851 5061 903 5119 po·
956 5048 1019 5102 erat
1047 5061 1083 5101 cx
1105 5041 1266 5116 Ephraim),
1289 5041 1448 5099 dimicante
1477 5055 1531 5114 pcr
1554 5054 1624 5094 eum
1651 5040 1681 5093 et
1703 5035 1734 5090 in
1749 5048 1784 5090 eo

70 5139 148 5194 test:
164 5133 219 5208 qni
230 5133 438 5191 auditistantis
450 5133 638 5192 mirabilibus
647 5135 720 5191 moti
731 5139 799 5192 sunt
813 5139 902 5208 atqua
957 5134 1093 5202 Domino,
1119 5131 1240 5189 Amalec
1265 5130 1424 5205 superavit,
1454 5133 1483 5186 et
1495 5128 1553 5184 hoc
1565 5126 1602 5181 de
1626 5120 1783 5196 praeterito.

70 5222 194 5282 barbati.
213 5221 361 5297 Sequitur.
373 5223 522 5282 ludicius
535 5224 666 5296 Sumpar,
677 5225 859 5294 pittinara,
871 5225 902 5280 in
958 5226 998 5280 De
1037 5223 1136 5279 futuro
1163 5226 1265 5279 autem
1297 5218 1462 5291 subiungit,
1494 5213 1665 5286 Siilssffifflms
1702 5210 1785 5283 (IUOd

70 5313 176 5372 duom
189 5311 282 5370 Jahel
294 5314 471 5385 quienaunt
491 5315 623 5372 semitoe:
637 5320 665 5372 et
679 5315 733 5386 qui
758 5315 903 5386 ingredia·
957 5313 1057 5372 adhuc
1086 5312 1230 5369 Dominus
1256 5324 1309 5383 per
1337 5306 1458 5365 Saulem
1489 5302 1541 5375 qui
1566 5299 1603 5356 de
1630 5299 1785 5373 Beniamin

71 5403 324 5473 concernerent
349 5402 581 5463 ambulaverunt
603 5404 767 5474 percalles
793 5404 902 5461 deuios.
958 5402 1126 5460 nasciturus
1145 5405 1199 5470 est,
1235 5396 1354 5456 Amalec
1394 5392 1512 5460 delebit,
1553 5391 1610 5448 hoc
1631 5394 1676 5449 ast
1702 5391 1786 5466 quod

72 5491 277 5566 instantique
294 5491 492 5550 mirabihaad
501 5508 581 5551 nova
596 5492 740 5550 miracula
753 5492 905 5551 narranda
959 5491 1093 5565 sequitur
1108 5509 1115 5546 :
1129 5489 1169 5544 Et
1180 5493 1247 5558 post
1262 5501 1338 5553 eum,
1353 5483 1385 5540 id
1400 5487 1445 5540 est
1468 5481 1617 5556 Ephraim,
1632 5481 1695 5540 sive
1718 5487 1786 5556 post

72 5580 200 5640 accedit.
215 5579 369 5652 Significat
378 5579 736 5655 autem,quodliliilsrael
750 5585 818 5637 ante
833 5585 904 5637 tem·
960 5586 996 5649 te,
1012 5597 1030 5637 ο
1045 5584 1077 5637 lu
1088 5577 1238 5653 Ephraim,
1264 5575 1419 5632 dimicavit
1442 5573 1585 5630 Dominus
1597 5575 1630 5630 in
1655 5572 1784 5643 fortitus

72 5668 905 5746 parammmtantumoh'eumqnaquehostirunlerrorem
959 5671 991 5726 in
1016 5668 1189 5739 Deidamia,
1216 5664 1246 5722 id
1269 5667 1313 5721 est
1339 5679 1394 5739 per
1430 5662 1520 5724 fortes
1555 5661 1609 5736 qui
1643 5660 1784 5729 eruntin
