3832 6044
191 113 238 167 651

501 101 653 165 auectus
673 109 717 163 DE
738 106 766 161 S.
786 91 933 162 victora
953 103 1028 158 OPP.
1049 102 1137 157 PARS
1158 105 1177 155 l.
1200 131 1233 140 -
1254 105 1443 160 extenuet
1462 106 1577 158 hubin.

1847 106 1897 170 652

190 234 287 305 igitur,
301 231 435 306 spiritus:
454 234 540 298 Esau,
557 245 684 301 eorpns;
699 227 810 294 haban,
823 229 916 294 [Jeus;
932 240 1013 296 ager,
1034 224 1058 279 Α
1071 223 1162 292 thain,
1180 242 1247 298 qnae
1262 226 1470 299 interpretatur
1485 227 1627 296 defectio,
1644 224 1783 283 Pharisrai
1797 229 1896 285 autea

191 324 359 398 Scriptura,
374 326 493 396 puteus,
509 318 673 393 sapientia,
688 318 747 383 Lia,
761 317 842 373 bona
855 315 930 373 actio
943 334 950 384 3
963 318 1017 370 Ra-

190 415 265 482 chel,
290 409 520 484 contemplati03
545 407 647 465 ditatio
666 406 756 463 Jacob
781 406 811 462 in
827 405 908 478 prole
924 409 951 460 et
967 419 1017 474 pe·

189 499 318 566 ceribus,
335 493 540 569 multiplicatio
554 493 626 565 justi
639 493 669 548 in
688 492 793 547 virtute
808 488 932 546 ethonis
948 501 1017 559 ope·

187 588 287 646 rebus.

230 681 297 736 Car.
313 677 380 732 lllll.
396 675 440 731 De
454 673 557 744 virgis,
573 687 647 742 quus
662 669 855 727 decorticavit
870 667 972 723 rocoa.

222 765 423 831 Decorttravit
446 760 537 818 Jacob
557 761 669 832 virgas,
690 765 716 815 et
736 760 837 828 posuit
859 763 928 814 orate
949 771 1020 820 oves

188 859 219 913 tn
235 853 414 912 conatibus:
433 856 461 906 et
476 851 528 906 ille
547 850 648 920 virgas
671 849 805 905 anmatos
823 848 855 902 io
870 851 1013 915 cotrrcptu

186 947 343 1009 intercutes,
371 941 469 997 vatim
490 940 570 1008 fetas
590 937 802 1008 parturiebant
825 937 907 1008 (Gen.
933 935 1013 1005 xxx).

185 1029 277 1088 Jacob
302 1027 450 1099 significat
476 1031 595 1082 sanctos
628 1024 847 1097 praedicatores,
877 1028 905 1079 et
933 1037 1013 1096 aqna

187 1118 379 1190 scripturam,
396 1121 425 1172 et
434 1115 552 1172 canales
566 1114 668 1169 libros.
682 1113 762 1170 Sicut
775 1127 906 1184 namque
920 1111 1012 1167 Jacob

186 1224 222 1263 cx
238 1221 328 1278 aqua,
342 1208 370 1260 ct
391 1203 546 1259 canalibus
561 1201 735 1273 adaquabat
756 1199 932 1256 commissos
949 1216 1012 1270 grc-

185 1309 237 1364 ges
248 1292 313 1360 sibi,
325 1292 370 1365 ,sic
391 1290 600 1364 praedicatores
615 1295 643 1345 et
668 1290 804 1346 doctores
819 1305 854 1343 ex
869 1287 1011 1344 universi·

184 1386 242 1438 tate
257 1380 424 1453 Scriptura,
434 1384 462 1435 et
471 1378 595 1434 diversis
605 1377 741 1450 ejusdem
752 1377 908 1449 Scriptura
917 1376 1009 1443 libriS,

184 1469 241 1525 sibi
255 1468 381 1525 creditos
395 1467 530 1523 reficiunt
545 1465 657 1522 fideles.
671 1465 763 1537 Virgae
778 1464 1008 1533 saltatiunculas

1070 329 1139 370 enm
1151 313 1287 372 tribubus
1310 316 1398 374 lsrael
1417 316 1515 387 legem
1529 315 1779 388 derelinquentes,
1804 314 1837 372 in
1850 315 1897 383 de,

1070 400 1180 458 lectum
1194 404 1445 476 praevaricationis
1465 404 1692 461 descenderunt.
1722 403 1839 461 invidia
1851 403 1903 477 def¹

1070 505 1135 546 ocm
1156 491 1282 549 fratrum
1300 510 1371 563 erga
1391 494 1500 566 Joseph
1515 493 1705 550 innocentem
1725 498 1754 549 et
1769 493 1895 566 justum,

1069 583 1114 634 est
1154 580 1266 638 invieha
1286 582 1458 638 Judaeorum
1483 598 1554 652 erga
1588 582 1745 640 Christum.
1784 585 1896 639 Fratres

1069 669 1177 740 Joseph
1212 670 1402 727 nudaverunt
1426 687 1495 726 cum
1527 670 1627 726 tunica
1655 686 1719 739 sua,
1750 675 1779 727 et
1802 669 1902 744 Judei

1069 752 1217 810 Christum
1236 755 1421 813 humanitate
1439 773 1502 812 sun.
1530 755 1569 811 tlh
1594 755 1743 813 tinxerunt
1764 755 1900 830 tunicam¹

1067 842 1177 915 Joseph
1189 842 1220 899 in
1239 845 1384 915 sanguine
1408 845 1496 910 laedi,
1516 844 1562 900 isti
1582 844 1801 902 humanitatem
1817 845 1894 903 Chri·

1070 929 1105 986 sti
1125 931 1271 1001 sangnine
1290 932 1383 1006 ipsius
1407 932 1474 988 tuso
1496 950 1551 1006 pro
1572 938 1695 1005 peccato
1716 932 1832 1006 populi.
1855 933 1894 1007 llli

1066 1025 1231 1092 posuerunt
1243 1020 1352 1095 Josepll
1375 1021 1405 1077 in
1419 1026 1552 1094 puteum,
1579 1021 1625 1078 isti
1640 1021 1789 1079 Christum
1801 1021 1841 1096 ,in
1853 1041 1894 1081 se·

1068 1110 1216 1182 pulcrum.
1235 1113 1344 1184 Joseph
1368 1111 1457 1168 exivit
1477 1112 1514 1168 dc
1530 1116 1630 1184 puteo,
1647 1111 1778 1169 Christus
1798 1129 1893 1170 resur-

1066 1199 1140 1256 rexit
1155 1199 1193 1256 de
1215 1201 1361 1274 sepulcre.
1390 1202 1498 1273 Joseph
1524 1201 1678 1257 ismaelitae
1708 1206 1892 1260 transeuntes

1065 1293 1210 1357 emerunt,
1226 1292 1254 1345 et
1273 1289 1399 1362 apostoli
1413 1289 1460 1346 hic
1480 1295 1652 1346 manentem
1673 1289 1822 1348 civitatem
1833 1309 1891 1350 non

1064 1377 1219 1446 habentes,
1244 1378 1297 1435 scd
1327 1378 1458 1435 tunnam
1483 1378 1676 1451 inquirentes,
1710 1378 1814 1436 omnia
1839 1396 1891 1453 pro

1066 1467 1179 1524 Christo
1202 1466 1394 1541 reliquerunt.
1430 1467 1583 1523 ismaelitas
1610 1467 1720 1541 Joseph
1743 1467 1892 1527 (luxerunt

185 1555 354 1627 significant
368 1554 537 1612 sententias.
563 1556 633 1620 Quae
656 1554 807 1610 sententiae
830 1553 897 1609 ideo
918 1553 1009 1624 virgis
1026 1577 1046 1631 Β
1065 1556 1095 1611 in
1114 1558 1275 1630 AEgyptnm
1290 1562 1319 1614 et
1337 1556 1465 1629 apostoli
1485 1557 1726 1630 praedicaverunt
1744 1556 1891 1615 Christum

185 1647 406 1719 comparantur,
431 1642 503 1716 quia
524 1642 624 1698 multis
639 1647 667 1699 et
691 1642 830 1714 gradiens
848 1642 1010 1698 commina-
1064 1661 1118 1718 per
1133 1651 1226 1703 totum
1239 1646 1398 1702 mundum.
1420 1644 1571 1702 Excitatus
1582 1651 1626 1702 est
1639 1645 1749 1719 Joseph
1761 1648 1793 1702 in
1806 1650 1890 1719 AEgy·

183 1732 324 1801 tionibus,
351 1733 388 1788 de
412 1730 696 1801 transgressionibus
720 1729 933 1786 mandatorum
959 1731 1010 1786 nei
1063 1740 1125 1809 pto,
1142 1741 1170 1792 et
1193 1735 1324 1792 Christus
1348 1735 1495 1791 exaltatus
1519 1735 1607 1792 estin
1629 1735 1756 1792 mundo.
1773 1737 1889 1809 *Joseph

183 1841 239 1882 nos
266 1824 420 1896 castigant.
446 1826 522 1880 Oves
544 1827 612 1879 sunt
634 1820 747 1890 fideles,
777 1825 898 1895 propter
922 1838 1008 1878 suam

182 1912 393 1969 innocentiam.
417 1914 492 1968 Oves
507 1926 543 1967 ex
560 1910 667 1967 intuitu
688 1909 840 1965 variarum
855 1909 1008 1980 virgarum

182 2002 279 2058 varios
294 2000 370 2056 setus
383 1999 513 2075 pariunt,
527 1998 651 2072 qnando
665 1997 768 2054 fideles
790 1997 903 2071 quique
918 2014 954 2054 ex
968 1999 1010 2054 io-

131 2102 135 2109 ·
182 2089 299 2147 cutione
325 2088 476 2146 vanarum
512 2087 734 2153 sententiarum,
769 2085 865 2144 varias
898 2086 1009 2143 exhibi·
1033 2123 1043 2139 .

174 2179 276 2237 vtiones
301 2194 427 2252 operum
444 2177 624 2250 producunt.
648 2175 739 2232 Jacob
759 2175 847 2247 igitur
865 2176 1008 2248 praedica·

181 2274 286 2338 tores3
315 2284 396 2336 evoe,
424 2266 553 2335 fideles;
580 2283 669 2340 aqua,
701 2265 874 2338 Scriptura:
904 2266 1005 2337 virgae,

182 2357 352 2426 sententire3
371 2357 496 2414 variatio
516 2354 678 2426 virgarum,
700 2354 872 2411 ditferentiae
892 2360 1007 2412 sentcn-

180 2447 289 2506 tiarum
311 2446 431 2512 starium
458 2444 534 2501 fetus
557 2444 668 2512 ovium,
700 2443 854 2517 multiplex
885 2444 1006 2501 allectus

180 2552 316 2611 operum.

349 2626 416 2680 Car.
432 2625 496 2679 xit.
512 2623 556 2678 De
566 2623 645 2678 Dina
655 2622 722 2691 titia
734 2622 836 2679 raeco.

214 2712 319 2769 Ertaia
332 2712 412 2768 Diae
425 2711 491 2780 fitia
505 2710 607 2782 Jacob,
624 2715 657 2766 ut
680 2710 792 2766 videret
811 2711 949 2766 mrctierrs
963 2725 1007 2766 re-

180 2801 276 2873 gionis
302 2802 384 2858 itlius
395 2816 407 2872 ,·
428 2806 455 2857 et
482 2801 619 2868 corrupit
637 2813 701 2855 carre
718 2799 846 2866 Statum,
862 2799 893 2854 ai
907 2800 1005 2868 oppri-

1064 1825 1196 1898 implevit
1209 1841 1331 1881 annona
1343 1825 1452 1881 horrea
1472 1825 1550 1894 regis
1564 1824 1691 1897 AEgypti,
1716 1828 1746 1882 ct
1760 1824 1888 1882 Christus

1065 1914 1215 1987 Scriptura
1237 1913 1398 1970 Ecclesiam
1422 1913 1482 1970 Dei.
1499 1913 1611 1970 Diversi
1632 1912 1736 1986 populi
1756 1912 1888 1971 infideles

1063 2006 1199 2060 emerunt
1224 2003 1338 2059 victum
1370 2007 1494 2073 argento
1534 2018 1588 2058 suo
1625 2002 1656 2057 in
1672 2001 1788 2059 horreis
1814 2003 1892 2075 regis.

1062 2091 1188 2166 AEgypti,
1209 2097 1238 2148 et
1262 2091 1370 2148 diversi
1391 2091 1495 2165 populi
1517 2091 1620 2148 fideles
1646 2091 1753 2160 effecti,
1782 2091 1888 2149 enitent

1063 2180 1160 2237 studio
1173 2197 1228 2237 suo
1239 2181 1303 2252 jam
1315 2180 1345 2236 in
1360 2179 1495 2236 Ecclesiis
1506 2179 1566 2236 liei.
1583 2182 1697 2235 Fratres
1711 2179 1836 2237 tandem
1850 2179 1886 2237 ad

1061 2270 1170 2342 Joseph
1183 2272 1339 2337 venerunt,
1365 2272 1393 2324 et
1416 2272 1620 2339 cognoverunt
1634 2284 1714 2337 enm,
1728 2271 1758 2324 at
1784 2268 1816 2325 in
1830 2269 1894 2338 tine

1060 2357 1161 2415 saeculi
1190 2363 1350 2432 postquam
1381 2357 1535 2431 plenitudo
1559 2357 1692 2428 gentium
1727 2357 1886 2432 intraverit,

1061 2448 1193 2522 reliquiae
1222 2447 1311 2503 lsrael
1338 2446 1426 2503 salvae
1454 2446 1536 2513 fient,
1565 2451 1593 2503 et
1619 2451 1831 2504 convertentur
1851 2447 1886 2505 ad

1061 2535 1208 2594 Christum
1223 2536 1316 2608 (Rern.
1334 2540 1383 2603 xi).
1408 2535 1499 2597 Jacob
1514 2534 1612 2605 igitur,
1635 2538 1712 2591 Deus
1726 2537 1810 2592 Pater
1823 2553 1830 2603 ;
1845 2539 1887 2593 Jo-

1060 2626 1143 2697 seph,
1174 2625 1323 2693 Christns;
1353 2624 1457 2680 decem
1477 2623 1591 2690 tratres,
1615 2622 1763 2692 Pharisaei,
1778 2623 1888 2681 scilicet

1059 2712 1207 2787 populum
1225 2713 1281 2768 sadi
1306 2712 1452 2783 becalogo
1469 2716 1644 2785 pascentes,
1671 2711 1799 2781 Siehem,
1824 2711 1887 2782 lex,

1060 2801 1197 2870 bothnin,
1227 2800 1447 2874 praevaricatio,
1465 2801 1574 2864 tunica.
1599 2800 1888 2871 humanitas;intin·

179 2906 260 2948 rarus
275 2891 420 2962 virginem
446 2889 528 2957 (Gen.
544 2886 653 2959 xxxiv).
680 2886 759 2944 Sicut
775 2903 811 2941 ex
833 2892 1039 2981 sanctorums
1058 2890 1115 2948 otio
1141 2891 1171 2946 in
1200 2890 1345 2961 sangnine
1373 2888 1462 2959 haedi,
1488 2890 1588 2962 passio
1617 2905 1671 2962 pro
1690 2893 1816 2962 peceato
1837 2907 1888 2963 po

179 2978 277 3035 verbis
293 2977 469 3045 invenimus,
494 2976 570 3032 Dina
584 2974 731 3046 significat
746 2974 889 3042 animam,
914 2975 1005 3030 rebus
1029 2963 1040 2982 ¹
1061 2979 1139 3052 puli3
1156 2980 1291 3046 cisterna,
1317 2979 1529 3052 sepulchrnm3
1556 2977 1720 3046 lsmaelitre,
1741 2979 1885 3052 apostoli]

178 3066 372 3124 exterioribus
384 3066 473 3123 nimis
487 3066 640 3123 intentam.
653 3063 753 3134 Regio,
768 3063 853 3134 cnjus
866 3063 1004 3120 mulieres
1059 3073 1213 3142 AEgyptus,
1237 3068 1388 3132 mundns;
1411 3068 1550 3125 exaltatio
1563 3068 1674 3141 Joseph
1696 3068 1727 3124 in
1747 3071 1886 3142 AEgypto,

178 3156 252 3215 Dina
263 3156 363 3215 videre
378 3155 498 3230 cupivit,
523 3153 674 3210 mnndum
690 3151 836 3222 designat.
861 3153 1002 3221 deleres,
1060 3157 1197 3213 exaltatio
1213 3156 1317 3214 Christi
1331 3157 1362 3212 in
1376 3155 1491 3212 mundo
1502 3175 1508 3212 :
1518 3154 1783 3224 horrea,Ecclesia;
1795 3172 1887 3214 anno

177 3247 348 3322 exprimunt
362 3245 478 3302 animas
493 3241 615 3299 diversis
630 3241 705 3296 vitiis
720 3241 875 3298 emollitus
887 3242 1003 3299 Siehem
1059 3262 1108 3314 na,
1126 3245 1285 3319 Scriptura.

176 3337 331 3393 diabolum
344 3334 491 3407 exprimit,
513 3332 565 3406 qui
586 3331 719 3387 animam
731 3331 893 3388 mundanis
913 3333 1004 3389 rebus
1199 3338 1265 3391 Car.
1281 3336 1346 3390 h'Vl.
1363 3336 1406 3390 De
1420 3333 1521 3404 Jacob,
1538 3338 1565 3390 et
1579 3334 1652 3404 filiis
1666 3335 1741 3402 ejus.

176 3424 321 3482 curiosius
346 3422 558 3490 intendentem,
578 3436 632 3493 per
657 3420 928 3493 concupiscentiam
942 3439 1004 3477 eor·
1092 3424 1193 3492 Jacob,
1203 3428 1246 3480 est
1260 3422 1407 3489 Christus3
1419 3423 1483 3494 ejus
1498 3421 1559 3494 filii,
1571 3421 1731 3478 duodecim
1745 3422 1882 3496 apostoli.

175 3512 297 3584 rumpit.
320 3511 394 3568 Dina
409 3511 506 3582 igitur,
522 3510 641 3577 anima;
667 3508 748 3581 regio
766 3509 824 3572 illa,
851 3511 1002 3579 mundns;
1058 3511 1091 3567 lli
1115 3516 1184 3568 sunt
1199 3511 1288 3569 etiam
1312 3510 1407 3567 fontes
1431 3510 1549 3579 deserti,
1565 3527 1642 3583 qtvos
1666 3509 1755 3567 lsrael
1778 3511 1883 3585 reperit

175 3601 270 3657 exitus
282 3600 374 3668 binae,
388 3599 543 3657 curiositas
558 3599 667 3655 animae
680 3616 687 3667 3
698 3597 824 3666 Siehem,
845 3599 1003 3667 diabolns3
1056 3601 1087 3656 in
1103 3600 1204 3656 Helim.
1230 3599 1392 3656 Duodecim
1413 3614 1508 3672 panes
1530 3597 1752 3671 propositionis,
1772 3598 1883 3656 duodo·

174 3688 293 3746 violatio
308 3689 399 3757 liintc,
412 3687 562 3760 corruptio
576 3686 693 3743 animae.
1057 3689 1116 3746 cim
1143 3689 1258 3763 lapides
1276 3688 1307 3744 in
1333 3693 1413 3746 veste
1441 3687 1623 3761 pontificali;
1652 3686 1815 3745 duodecim
1844 3687 1882 3744 ia·

346 3782 412 3835 Car.
429 3778 481 3833 XV.
503 3778 640 3833 Historia
654 3777 690 3833 dc
703 3762 823 3847 Joseph.
1056 3777 1142 3851 pides
1155 3778 1192 3833 dc
1206 3776 1334 3834 Jordane
1350 3777 1505 3845 sublevati,
1531 3775 1690 3833 duodecim
1713 3776 1806 3834 boves
1827 3777 1880 3833 sub

209 3872 283 3926 Nota
295 3871 339 3924 est
353 3865 476 3921 historia
488 3865 525 3921 de
545 3865 664 3937 Joseph,
691 3865 814 3939 qnando
829 3883 847 3923 a
862 3866 1001 3924 tratribus
1055 3882 1139 3923 renco
1154 3867 1246 3934 mari;
1274 3865 1434 3923 duodecim
1463 3866 1552 3924 stelle
1565 3865 1596 3922 in
1624 3881 1737 3923 corona
1751 3881 1878 3940 sponsa,

173 3961 217 4013 est
230 3955 378 4022 venditus
395 3953 606 4027 etinAEgppto
618 3953 764 4011 exaltatus
779 3956 863 4023 (Gerr.
879 3957 999 4034 xxxin).
1054 3955 1214 4012 duodecim
1229 3954 1441 4026 tundamenta;
1466 3955 1627 4013 duodecim
1649 3959 1756 4030 portae,
1770 3955 1878 4012 duode-
1911 3948 1913 3960 '

173 4048 205 4100 ln
219 4045 277 4101 hac
297 4043 404 4116 ligura,
430 4042 521 4100 Jacob
545 4043 654 4115 ligurat
676 4046 769 4100 Deum
793 4046 918 4101 Patrem.
945 4044 1000 4112 Qui
1054 4043 1111 4100 cim
1127 4060 1245 4100 menses
1258 4044 1330 4100 artui
1342 4062 1348 4113 ;
1360 4044 1521 4100 duodecim
1535 4044 1616 4101 horae
1632 4043 1700 4112 ttici,
1720 4043 1876 4102 duodecim

171 4133 276 4191 habuit
298 4148 412 4204 greges,
429 4131 539 4190 scilicet
561 4131 655 4189 uilius
670 4132 852 4202 israeliticas,
878 4133 916 4190 de
935 4134 1000 4208 qui-
1052 4133 1165 4191 tructus
1178 4134 1251 4205 ligni
1264 4133 1340 4191 vitae.

170 4221 228 4278 bus
238 4221 352 4280 dictum
366 4225 427 4278 est:
443 4222 504 4278 Nos
525 4227 624 4279 autern
640 4223 773 4292 papatus
798 4224 873 4295 ejtrs,
889 4229 918 4280 et
932 4239 998 4281 oues
1093 4226 1160 4281 Car.
1176 4225 1253 4280 ilvlt.
1270 4225 1312 4281 De
1326 4224 1418 4295 Judo,
1434 4224 1554 4280 acerra
1568 4224 1673 4293 ejurat
1699 4222 1843 4281 Thamar.

168 4297 288 4382 pascua
315 4310 482 4382 ejustPsat.
509 4314 595 4378 xciv).
620 4311 739 4383 Joseph,
760 4310 898 4382 designat
918 4277 1035 4369 Chri-D
1084 4313 1226 4370 Ascendit
1250 4313 1346 4370 radas
1372 4313 1413 4369 ad
1442 4317 1573 4370 tonsores
1607 4313 1706 4369 ovium
1740 4326 1872 4378 suorum,

169 4403 258 4468 stum,
274 4415 365 4474 quem
387 4402 472 4456 Pater
485 4415 547 4472 pres
562 4398 869 4471 omnibustdileaitet
882 4400 995 4473 diligit3
1048 4406 1076 4458 et
1102 4403 1213 4459 inuenit
1242 4401 1374 4459 Thamar
1394 4401 1542 4458 sedenter
1568 4402 1599 4457 ia
1628 4400 1725 4458 trivio:
1756 4401 1873 4459 eterra

168 4489 239 4562 quia
254 4489 318 4562 ipse
333 4492 378 4545 est
402 4488 481 4546 filius
495 4503 549 4561 per
560 4492 710 4556 naturam,
729 4487 777 4545 alii
795 4488 848 4544 filii
862 4504 916 4562 per
930 4507 996 4561 gra·
1042 4505 1102 4560 pro
1117 4490 1289 4548 arrhabone
1300 4491 1425 4558 ennato,
1437 4495 1464 4547 ct
1480 4489 1615 4561 armilla,
1631 4494 1658 4545 at
1674 4489 1793 4562 haculo,
1811 4490 1873 4546 dor

166 4578 257 4635 tiam:
287 4578 350 4650 ipsc
374 4594 427 4651 per
450 4579 682 4648 generationem,
708 4577 758 4634 alii
780 4594 834 4651 per
860 4579 994 4654 adoptio·
1046 4581 1131 4636 miar't
1148 4596 1213 4636 erran
1229 4595 1279 4636 cc:
1292 4585 1320 4635 et
1342 4581 1475 4648 concepit
1494 4580 1612 4651 mittier,
1626 4583 1654 4635 et
1664 4580 1785 4649 premit
1798 4578 1873 4636 Pta-

81 4720 86 4725 .
166 4681 259 4734 nem;
284 4666 348 4738 ipse
363 4683 400 4722 ex
421 4667 592 4736 eternitate,
614 4667 664 4724 alii
678 4684 714 4724 cx
733 4672 876 4742 tompore.
898 4671 993 4737 Quem
1046 4685 1093 4727 res
1126 4676 1155 4726 ct
1185 4671 1295 4727 laram
1317 4668 1401 4735 (Gen.
1433 4671 1564 4736 xxxvm).
1601 4665 1694 4724 Judas
1727 4666 1873 4738 signifieat
1908 4654 1911 4667 ¹

164 4768 286 4826 quoqne
301 4756 386 4826 pater
399 4754 654 4828 tunieapolymita
667 4755 772 4824 induit,
782 4756 906 4831 qnando
922 4775 992 4816 enm
1045 4757 1211 4826 Christum
1227 4772 1307 4825 oves,
1319 4754 1422 4813 fideles
1443 4755 1557 4813 Christi.
1578 4757 1712 4813 restores
1724 4755 1793 4826 eius
1807 4755 1873 4813 stant
1906 4736 1910 4817 Ι

163 4843 271 4897 nostra
299 4839 473 4898 humilitatis
508 4843 617 4900 natura
642 4843 767 4902 vestivit.
794 4846 905 4919 Joseph
936 4863 991 4921 per
1043 4849 1189 4918 doctores
1225 4847 1277 4920 qni
1313 4845 1402 4919 adipe
1444 4845 1595 4916 Frumenti,
1631 4845 1663 4902 id
1696 4849 1743 4904 est
1783 4844 1873 4905 verbe

162 4929 280 4986 somnia
306 4929 532 5002 manipulorum
557 4934 586 4987 et
612 4931 765 4991 stellarum
788 4933 864 4991 vidit
885 4935 988 4993 iratres
1043 4937 1104 5007 Dei,
1134 4951 1255 5009 gregem
1297 4935 1400 4994 Christi
1439 4939 1577 5010 pascunt.
1616 4938 1696 4993 Lana
1736 4935 1873 5008 designat

160 5029 230 5075 snos
255 5035 286 5076 sc
312 5017 499 5088 adoraturos,
527 5022 555 5076 et
581 5020 728 5091 cognovit.
754 5025 863 5079 Decem
882 5022 987 5082 fratros
1042 5028 1125 5086 bona
1145 5043 1260 5103 opera;
1281 5027 1373 5086 Judus
1388 5030 1489 5085 autem
1507 5026 1545 5083 de
1566 5025 1673 5084 ovibus
1685 5024 1750 5082 suis
1769 5024 1870 5085 unam

157 5124 279 5181 gregem
293 5107 386 5182 patris
401 5108 447 5165 sui
457 5113 613 5182 pascentes
625 5110 789 5167 Pharisaeos
804 5113 983 5183 significant,
1039 5117 1160 5190 colligit,
1187 5117 1310 5192 quando
1337 5116 1468 5174 Christus
1495 5132 1514 5174 a
1538 5114 1677 5172 lidehbns
1702 5113 1765 5172 suis
1784 5114 1873 5173 ¹bona

156 5198 209 5270 qui
223 5198 316 5256 tribus
327 5197 500 5256 israehticas
512 5214 568 5272 per
580 5198 763 5271 Decalogum
777 5200 850 5272 legis
860 5217 982 5275 pascere
1039 5219 1145 5261 eorum
1159 5217 1251 5276 opera
1263 5201 1375 5276 recipit.
1394 5201 1523 5259 Thamar
1535 5216 1606 5258 cum
1626 5198 1732 5258 habitu
1744 5198 1881 5257 narnini-¹

154 5284 330 5342 debuerant.
361 5286 513 5354 Significat
545 5290 645 5342 etitem
672 5286 788 5343 Sichcm
817 5288 923 5357 legem,
951 5291 981 5345 in
1038 5292 1596 5364 eioestanimarnoumpeecato.0nre
1610 5288 1873 5348 beneadbivinnt

152 5388 245 5442 qnam
262 5378 338 5430 licus
363 5376 525 5432 Pharisaeos
550 5393 619 5431 rum
634 5376 772 5431 tribubus
792 5377 847 5432 sibi
863 5379 980 5435 creditis
1036 5383 1121 5438 vertit
1134 5381 1258 5453 quando
1276 5381 1315 5435 ad
1340 5381 1558 5436 contessionem
1580 5379 1703 5436 accedit.
1730 5380 1871 5437 ueretris

150 5459 280 5518 miserat.
312 5466 425 5521 Fratres
452 5465 561 5539 Joseph
593 5465 832 5538 derelinquentes
861 5466 978 5524 Sichem
1035 5471 1278 5529 sedensinbivio
1293 5471 1464 5529 manifestat
1478 5469 1721 5538 officiumsuum,
1736 5468 1785 5526 vel
1798 5485 1873 5528 con·

148 5560 218 5603 oum
238 5550 377 5621 gregibus
399 5554 455 5612 sibi
469 5554 646 5624 commissis,
675 5555 856 5613 diverterunt
877 5557 907 5613 in
921 5559 976 5614 bo·
1030 5557 1138 5627 silium,
1154 5560 1182 5614 et
1210 5556 1312 5616 anima
1339 5556 1369 5612 in
1383 5555 1570 5616 confessione
1588 5559 1746 5630 peccatum
1780 5571 1873 5617 suum

1911 5602 1915 5683 i
