3832 6044
66 98 124 155 229
641 98 675 158 ill
694 98 950 161 ecclesusrssn
978 98 1133 161 Wlffl-
1148 100 1215 165 1¹1.
1728 114 1783 177 zib

67 238 144 297 pore
159 221 653 298 ermionisrcceduntuttempus
661 226 902 285 habeantetnon
919 225 1003 295 Arii,
1018 225 1051 285 in
1073 226 1167 285 risum
1193 230 1316 289 tandem
1335 233 1558 304 consolationis,
1583 242 1613 295 ct
1635 241 1782 309 gentium

67 310 249 386 perveniant
271 311 311 369 ad
338 311 542 371 eternitatem.
567 317 696 388 Tempus
717 316 862 375 nascendi
876 321 905 373 et
958 320 1169 375 commutatur.
1184 321 1333 393 sequntur
1343 320 1433 380 ctiam
1447 323 1478 381 in
1493 323 1668 397 penitentia
1681 327 1783 400 plene-

69 406 193 475 tcmpus
207 399 365 459 moriendi.
382 403 511 476 Tempus
526 403 672 461 nascendi
685 404 716 463 in
730 404 823 477 bono,
837 420 905 479 pre·
958 406 1015 477 tus,
1030 404 1078 461 rol
1091 405 1198 475 luctus,
1212 425 1282 465 cum
1295 408 1382 467 dolor
1399 411 1509 469 mentis
1522 429 1619 488 usqne
1632 414 1674 473 ad
1684 416 1784 473 carnis

67 490 116 547 ris
129 494 185 559 est,
199 507 271 547 cum
284 506 338 564 per
346 489 479 548 subitum
486 492 595 550 mentis
608 492 842 551 fervoremrecla
851 494 903 553 uli-
956 492 1149 553 afflictionem
1158 497 1343 570 producitur,
1352 504 1385 557 ut
1393 505 1498 575 postca
1508 519 1578 561 cum
1588 504 1784 565 exsrrltatione

66 596 133 654 qua
146 579 302 653 incipiunt,
322 579 376 637 scd
403 581 536 655 sequitur
550 598 602 639 cos
616 582 758 641 continuo
785 588 903 656 tompus
956 582 1050 641 animi
1072 601 1143 643 earo
1167 585 1257 645 etiam
1275 589 1373 648 attrita
1394 591 1448 664 sui,
1465 592 1678 665 consolatae,
1690 592 1784 655 ledii·

66 667 238 737 moriondi;
253 668 901 743 quisperseverentiambcninonhabentes,
956 678 1048 731 cetur.

66 758 179 817 eadem
192 758 301 816 mentis
312 757 428 815 levitate
442 766 670 834 quacoeperant,
682 766 904 836 temporepres·
996 763 1121 835 Tenqrres
1135 767 1300 837 spernendi·
1313 768 1428 837 topices
1441 774 1471 827 et
1481 774 1596 842 tempus
1610 772 1782 846 colligendi.

68 864 150 906 sures
165 847 349 906 imminentis
369 852 467 922 coepte
480 848 562 907 bona
575 849 795 925 derelinquunt.
958 849 986 908 Si
1015 866 1069 924 per
1094 852 1210 925 lapides
1226 854 1314 913 tertie
1326 855 1469 914 virtutum
1491 874 1584 932 opera
1607 860 1782 935 accipimus,

110 939 441 1009 Ternpueplcntcndiet
455 944 570 1010 ternpus
594 941 750 998 evellendi.
766 940 902 999 Plantae·
955 939 1030 1011 qrrid
1044 940 1126 997 aliud
1138 941 1168 998 in
1180 941 1365 1017 dispersione
1378 943 1516 1011 lapidum
1529 947 1587 1005 uisi
1607 948 1784 1022 multiplica-

68 1032 118 1085 tur
133 1027 165 1083 in
177 1026 265 1085 malie
277 1027 370 1095 bona,
386 1044 456 1085 cum
473 1045 527 1101 per
541 1029 778 1089 exhortationem
793 1031 839 1089 rol
852 1032 903 1089 ad-
957 1028 1069 1087 tionem
1088 1029 1239 1089 bonorum
1254 1049 1380 1106 operum
1402 1033 1538 1108 accipere
1551 1034 1722 1093 dommus?
1733 1040 1784 1095 ln·

67 1116 268 1175 monitionem
291 1120 403 1174 rectam
428 1117 592 1191 aliquando
605 1117 688 1176 bonu
713 1118 901 1194 suscipiunt;
956 1119 1042 1187 uides
1052 1119 1133 1177 enim
1148 1137 1298 1195 spargere,
1314 1127 1360 1180 est
1372 1122 1494 1181 fortium
1508 1123 1784 1199 exemplacpsrum

69 1204 240 1263 evelluntm·
254 1209 356 1263 autem
369 1210 483 1280 postea,
494 1208 618 1280 quando
632 1225 727 1283 prava
741 1210 903 1281 suggestio
956 1208 987 1267 in
1000 1209 1166 1267 multorum
1186 1211 1323 1269 notitam
1336 1211 1426 1285 longe
1439 1212 1558 1287 lsthne
1570 1212 1689 1273 offerre.
1700 1214 1784 1287 lapi·

69 1311 110 1352 ne
124 1294 328 1369 conquassati,
344 1295 426 1353 bona
449 1302 548 1371 empta
562 1298 710 1356 emittunt.
735 1302 904 1357 Nascuntur
956 1297 1010 1355 des
1028 1314 1099 1356 vero
1114 1298 1263 1370 colligere,
1280 1304 1326 1358 est
1340 1305 1409 1374 post
1431 1300 1564 1359 studium
1576 1301 1689 1361 laboris
1708 1303 1784 1361 irue-

68 1383 174 1457 iteque
187 1398 241 1457 per
261 1383 416 1457 propriam
429 1384 623 1456 voluntatem,
650 1386 823 1459 plantantur
850 1404 904 1461 per
956 1391 1021 1444 tmn
1045 1404 1172 1461 operum
1192 1388 1343 1447 bonorum
1356 1390 1519 1464 percipere.
1533 1393 1663 1465 Tempus
1682 1390 1784 1467 itaque

68 1471 204 1529 aberrem
227 1472 479 1544 admonitionem
497 1473 665 1532 moriuntur
698 1481 807 1547 autem,
832 1494 903 1534 cum
956 1480 1000 1533 est
1014 1476 1176 1549 spargendi
1199 1476 1324 1551 lapides,
1350 1482 1379 1535 ct
1399 1481 1519 1551 tempus
1539 1478 1648 1537 iterum
1667 1478 1783 1552 lapides

70 1562 197 1637 propria
221 1562 371 1621 desideria
389 1580 409 1621 a
425 1563 508 1623 bono
532 1568 701 1639 tepescunt;
726 1566 902 1637 erellrmtur,
922 1563 1132 1635 Bcolligendi3
1147 1565 1220 1639 quia
1241 1567 1324 1639 prius
1341 1566 1432 1625 debet
1444 1568 1536 1625 homo
1550 1566 1582 1625 in
1596 1566 1702 1625 stsxliis
1711 1567 1784 1627 acti·

69 1669 143 1709 cum
157 1651 217 1711 alie
233 1652 483 1727 supplantatione·
501 1654 672 1713 concidunt.
688 1656 764 1714 Elin
779 1657 826 1714 his
839 1673 903 1715 om·
957 1670 1002 1711 ree
1014 1654 1082 1711 vitre
1093 1655 1182 1712 bonis
1194 1672 1225 1713 se
1235 1656 1380 1729 operibus
1390 1672 1537 1725 exercere,
1553 1662 1586 1715 ut
1598 1657 1693 1731 possit
1703 1661 1783 1731 post-

70 1741 164 1799 nibus
177 1741 291 1801 habent
303 1741 376 1801 mali
401 1746 537 1817 tempora
550 1759 614 1813 sua,
640 1744 672 1801 in
686 1744 798 1819 quibus
821 1746 902 1818 justo
956 1742 1084 1801 modum
1097 1742 1228 1801 fructum
1243 1745 1340 1817 operis
1355 1744 1401 1802 sui
1414 1746 1447 1803 in
1460 1750 1551 1816 gustu
1559 1745 1784 1821 contemplatio-

68 1830 187 1903 J'udicio
200 1830 410 1905 disponuntur,
427 1831 542 1890 sivead
556 1833 613 1890 hoc
639 1833 701 1891 sive
723 1833 903 1892 adilludzet
957 1831 1003 1889 nis
1016 1832 1179 1906 percipere.
1191 1836 1232 1889 lle
1242 1850 1304 1906 quo
1318 1838 1407 1905 gustu
1418 1833 1491 1907 quia
1503 1833 1784 1908 fruentibusjucun·

74 1919 188 1993 ubique
203 1919 391 1993 preercnbmt
414 1920 506 1990 bona,
521 1925 550 1977 et
572 1921 654 1979 mab
678 1922 903 1996 srrbscquuntur
956 1920 1098 1979 (tissimus
1119 1926 1212 1979 estet
1233 1936 1353 1979 summe
1363 1922 1557 1983 delectatione
1575 1923 1693 1993 plenm,
1708 1921 1784 1981 utiis

71 2007 210 2083 praevisis
224 2007 265 2067 ad
277 2007 402 2066 molum.
418 2009 529 2067 Deinde
540 2010 673 2083 sequitur
684 2011 743 2069 vita
752 2010 903 2069 bonorum
956 2027 1025 2083 quae
1045 2011 1142 2069 mirari
1151 2016 1279 2085 possunt
1300 2011 1446 2071 universis
1466 2012 1635 2082 precellere
1647 2012 1784 2071 ridetur

71 2098 103 2155 in
119 2113 182 2171 qua
195 2096 278 2155 male
290 2098 464 2171 macedum
477 2102 508 2155 ut
523 2098 605 2157 bona
628 2099 859 2175 subsequantur,
875 2105 904 2157 et
956 2103 1025 2172 apte
1034 2116 1107 2157 mox
1116 2100 1273 2158 subditur:

71 2187 141 2261 ipse
164 2185 248 2245 mela
271 2202 341 2260 quise
377 2193 573 2261 praecurrunt,
600 2187 632 2247 iu
654 2188 771 2247 boumn
796 2205 903 2264 coope-
996 2189 1121 2259 Pennus
1144 2190 1349 2261 amplexandi.
1367 2189 1534 2251 Suntenim
1549 2189 1708 2264 amplexum
1720 2189 1785 2265 qui·

72 2280 186 2335 runnu.
956 2276 1028 2333 dnm
1039 2278 1191 2349 sapicntise
1201 2282 1230 2335 et
1240 2278 1464 2337 intermissione
1473 2278 1665 2339 delectabiles
1671 2295 1783 2339 nexus:

113 2367 240 2436 Tenens
251 2364 415 2438 occidendi,
431 2367 694 2437 tempussananrti.
711 2366 859 2425 Occiditur
872 2367 904 2424 in
957 2382 1028 2423 curn
1049 2382 1137 2423 mens
1159 2367 1323 2425 introrsum
1335 2368 1469 2425 admissa
1493 2367 1692 2440 apprehendit
1713 2383 1785 2439 geu·

73 2454 173 2513 electis
186 2454 320 2529 primum
333 2459 419 2514 retus
444 2455 546 2523 homo,
560 2461 589 2513 ct
602 2455 662 2514 vite
685 2456 813 2515 earnalis
834 2474 903 2531 quse
956 2454 1042 2511 (lirim
1055 2455 1220 2513 dilectionis
1235 2471 1307 2525 suas,
1324 2460 1354 2514 et
1365 2456 1552 2529 quibusdam
1563 2453 1696 2515 brachiis
1708 2456 1786 2513 desi·

73 2543 145 2602 sirit
158 2544 326 2602 seeundum
340 2543 438 2601 carnis
464 2543 620 2602 allectum:
650 2544 758 2603 deinde
781 2551 904 2605 sanatur
956 2543 1109 2602 deriorum
1130 2562 1255 2603 suorum
1274 2545 1443 2616 astringens
1452 2544 1534 2614 illud,
1550 2545 1649 2605 ioedrrs
1662 2544 1742 2615 iecit,
1757 2548 1787 2602 et

72 2632 126 2708 qui
150 2632 318 2691 secundum
332 2632 471 2706 spiritum
483 2637 529 2691 est
537 2650 635 2691 uerus
645 2633 747 2703 homo,
763 2640 797 2693 ut
823 2635 904 2693 rivet
957 2633 1054 2707 poscit
1075 2638 1197 2707 paetum
1212 2633 1343 2707 perpetis
1356 2634 1528 2692 mensionis.
1546 2633 1604 2692 Sed
1621 2633 1695 2709 quia
1706 2649 1786 2693 mor-

71 2720 220 2779 inbeum.
533 2727 536 2731 '
956 2722 1023 2779 talis
1036 2721 1096 2781 vita
1109 2723 1149 2781 ab
1169 2722 1277 2781 interni
1290 2722 1413 2781 luminis
1424 2721 1628 2797 espectulcito
1652 2721 1787 2781 tenebra·

112 2812 238 2882 Tempus
251 2811 427 2869 destruenti
438 2816 467 2869 et
480 2816 593 2882 tenipus
607 2811 785 2882 edificandi.
800 2813 903 2871 Omnis
957 2827 1025 2869 rum
1039 2828 1163 2869 suarum
1177 2811 1304 2882 caligine
1317 2811 1481 2885 intercepta
1505 2810 1668 2885 repellitur,
1679 2814 1710 2869 et
1720 2827 1787 2869 rnu-

71 2900 167 2959 bomo
180 2899 313 2974 primunr
327 2900 441 2958 mulam
448 2899 676 2957 edificationem
686 2900 766 2971 iacit,
778 2904 902 2975 quando
922 2936 942 2991 c
957 2900 1100 2959 talrilitate
1109 2900 1288 2959 conditionis
1297 2917 1361 2959 sum
1373 2900 1414 2959 ab
1427 2905 1545 2959 eternae
1556 2898 1724 2961 stabilitatis
1742 2916 1788 2958 sc·

72 2993 215 3063 operatur
227 2989 258 3045 in
268 3005 369 3058 earne,
382 2993 411 3047 et
422 2989 511 3045 malis
520 2989 602 3047 mala
623 2990 747 3062 apponit
760 2992 903 3064 quotidie,
959 2990 1062 3049 cictate
1077 2995 1242 3064 separetur,
1258 2994 1327 3065 epte
1340 2989 1547 3061 subjungitur:

73 3082 107 3133 ut
120 3081 224 3148 surget
237 3076 395 3135 aerlbioalio
408 3092 519 3150 praru:
534 3095 602 3151 quie
616 3077 798 3136 destruenda
810 3085 864 3148 est,
877 3084 907 3137 et
999 3081 1124 3150 Tempus
1138 3081 1225 3150 loecqe
1236 3080 1306 3148 fieri
1317 3079 1355 3137 ot
1369 3078 1568 3148 emereretur.
1586 3080 1655 3135 Post
1668 3082 1787 3149 tempus

73 3165 362 3224 smrrertendainiis
376 3166 429 3241 qni
444 3166 518 3223 salvi
532 3167 906 3239 liuntutjustitiaredifice·
960 3168 1042 3225 enim
1062 3166 1265 3241 amplexandi,
1282 3165 1417 3240 sequitur
1434 3170 1554 3239 tempus
1566 3165 1656 3235 longe
1668 3164 1733 3221 lieri
1747 3163 1787 3220 nb

72 3254 231 3313 aulacis.
960 3255 1165 3329 anrplexibus3
1180 3255 1252 3327 quin
1271 3256 1407 3311 humane
1424 3268 1521 3321 mens,
1536 3251 1605 3309 licet
1623 3251 1788 3325 aliquando

113 3345 241 3417 Terapse
246 3344 342 3415 medi
350 3350 377 3401 et
385 3350 500 3415 tenpus
511 3344 640 3402 eiciendi.
649 3344 733 3402 Prius
741 3345 812 3403 llere
819 3345 908 3404 debet
960 3344 1157 3419 pergratiam
1179 3343 1344 3410 sublevate,
1359 3341 1527 3399 adlectum
1543 3339 1668 3399 interae
1688 3339 1788 3396 dulce-

72 3433 168 3491 isomc
181 3449 238 3506 prc
251 3433 287 3491 iis
300 3449 369 3506 quae
381 3449 477 3508 prava
488 3433 553 3506 ipse
567 3433 725 3500 commisit,
741 3438 775 3492 ut
799 3435 907 3493 deinde
961 3433 1040 3491 dinis
1078 3432 1273 3491 admittatm:
1307 3436 1407 3489 tamen
1431 3430 1488 3489 cito
1519 3428 1698 3489 infirmitatis
1725 3446 1787 3487 surae

73 3538 179 3581 secure
188 3521 283 3580 rideat
305 3521 335 3577 in
347 3521 383 3579 iis
396 3538 497 3595 queen
517 3524 577 3579 Deo
591 3520 673 3577 bona
699 3522 823 3595 accepit.
848 3516 908 3581 Nisi
961 3521 1094 3595 pondere
1108 3536 1221 3594 pressa,
1235 3520 1273 3578 ad
1289 3523 1399 3577 terrere
1412 3534 1542 3586 rursum,
1566 3522 1593 3575 et
1612 3516 1697 3575 solita
1710 3515 1790 3589 ocgi-

72 3612 156 3671 enim
166 3611 337 3686 praecedens
351 3610 437 3668 flotus
456 3610 488 3669 in
501 3610 677 3669 contritione
692 3611 907 3671 conscientiam
961 3611 1055 3667 tanda
1068 3609 1218 3668 relabitur.
1236 3612 1301 3667 liae
1316 3606 1463 3666 sententie
1479 3605 1549 3664 licet
1571 3605 1736 3679 specialiter
1749 3606 1789 3663 ad

74 3701 190 3771 abluat,
199 3700 232 3759 in
240 3716 353 3758 venum
367 3700 444 3759 risus
456 3716 512 3773 pro
533 3699 569 3757 iis
579 3716 647 3775 quie
660 3698 732 3759 loris
745 3699 813 3760 lecte
839 3705 909 3761 sunt
961 3699 1059 3758 malos
1076 3698 1223 3773 pertinere
1236 3698 1382 3766 videatur,
1395 3712 1432 3755 eo
1447 3695 1532 3770 quod
1544 3695 1633 3769 quasi
1644 3711 1790 3769 prospera

75 3790 140 3849 sinc
155 3790 272 3849 interne
281 3789 468 3863 jucunditate
485 3789 621 3847 exsultet.
962 3793 991 3847 et
1006 3788 1089 3847 bona
1102 3788 1284 3863 principium
1302 3787 1377 3860 ejus,
1401 3785 1471 3843 finis
1484 3800 1557 3843 vem
1569 3783 1697 3843 adversa
1707 3800 1789 3841 ecm-

114 3883 242 3953 Tempss
257 3881 382 3952 lugendi
395 3882 456 3939 rice
475 3880 646 3953 pluvigerae·
672 3886 700 3938 et
713 3885 828 3952 tenpus
849 3883 909 3939 sal·
961 3883 1123 3945 memorem
1138 3879 1216 3936 hano
1227 3882 1330 3935 tamen
1342 3873 1563 3933 distinctionem
1575 3871 1607 3931 in
1620 3872 1790 3946 preceden-

76 3970 278 4031 emeterius
304 3987 375 4029 earo
398 3968 532 4028 debetin
558 3968 732 4043 poeuitontia
754 3970 908 4029 tormentis
963 3967 1042 4025 tibus
1056 3983 1108 4024 sex
1122 3984 1191 4042 que
1204 3965 1400 4041 exposuimus
1412 3962 1590 4023 observasse
1604 3960 1742 4029 sufficiat,
1755 3964 1790 4019 ut

75 4079 133 4137 pro
145 4077 241 4136 prava
249 4061 444 4120 delectatione
459 4058 547 4131 ellici,
562 4064 666 4133 postea
687 4060 719 4117 in
743 4059 840 4119 studio
854 4061 909 4119 vir-
963 4060 1068 4115 cetera
1082 4073 1150 4131 quse
1163 4059 1331 4129 sequuntur
1345 4053 1386 4111 sd
1400 4051 1572 4124 generalem
1585 4050 1687 4126 potius
1700 4048 1790 4121 signi-

77 4155 177 4211 tutum
197 4149 287 4209 bonis
300 4148 442 4224 operibus
457 4148 596 4207 exerceri.
611 4148 657 4207 Sic
680 4146 823 4207 nimirum
850 4147 909 4206 vita
961 4146 1133 4204 ficationem
1147 4145 1345 4219 applicemus.
1355 4143 1444 4201 ebul
1457 4142 1539 4201 enim
1556 4139 1790 4216 perdispositio·

72 4240 227 4313 justorum
240 4239 397 4297 doloribus
406 4238 549 4307 cruditur,
565 4243 594 4295 et
613 4237 711 4312 paenis
722 4242 908 4311 preparatur
963 4252 1033 4294 nem
1046 4239 1175 4303 notatur,
1189 4237 1279 4307 atquc
1296 4232 1379 4289 eliud
1404 4246 1458 4304 per
1481 4228 1730 4301 significationem
1742 4245 1791 4286 ex·

75 4331 117 4388 ad
132 4329 245 4401 gaudia
257 4334 291 4388 ut
303 4329 421 4387 munda
433 4328 534 4387 venial
548 4328 588 4386 ad
610 4328 742 4387 fructum
755 4342 855 4397 suum,
878 4330 909 4386 et
926 4293 948 4347 ὓ
963 4324 1099 4398 primitur
1112 4342 1119 4392 ;
1133 4322 1206 4396 qrria
1220 4319 1375 4393 dispositio
1388 4318 1501 4376 ordinis
1519 4317 1607 4391 quasi
1629 4315 1791 4374 distinotio-

74 4420 253 4495 proeeeduul
262 4436 381 4495 semper
392 4419 474 4479 male
487 4419 552 4491 ejus
562 4422 596 4476 ut
610 4422 771 4488 transeant,
786 4422 815 4477 et
828 4418 910 4477 bona
962 4430 1032 4471 nem
1046 4426 1245 4486 personarum
1257 4407 1364 4474 mnmt,
1378 4404 1554 4476 significatio
1568 4420 1640 4462 vero
1653 4418 1707 4477 per
1725 4418 1791 4459 sen·
1884 4400 1889 4409 “

75 4509 406 4569 dillcsuntminiinem
425 4513 457 4567 ut
468 4511 612 4567 maneant
631 4506 694 4565 sinc
704 4506 774 4564 fine.
799 4510 833 4563 Et
841 4523 909 4580 pos-
963 4502 1087 4561 tenuem
1112 4516 1212 4558 rerum
1236 4494 1448 4557 tantummodo
1472 4490 1788 4591 imitatem-ostendit.

78 4602 226 4661 smnusin
240 4601 298 4659 hae
322 4600 493 4659 narratione
506 4598 643 4657 ordinem
668 4597 833 4673 quemdam
847 4615 910 4656 cor-
963 4595 1040 4663 Ergo
1053 4591 1084 4647 id
1098 4588 1182 4663 quod
1194 4604 1249 4661 pm
1262 4585 1350 4644 malis
1364 4586 1481 4643 tantrmr
1505 4581 1555 4641 vel
1570 4580 1674 4682 bonis.
1685 4579 1791 4681 ordmc

78 4690 220 4750 rectionis
234 4688 491 4749 etemcndationis
506 4686 828 4760 animeejustificaudoe
841 4703 910 4745 eon·
963 4678 1084 4738 dicendi
1097 4680 1281 4737 commutato
1308 4678 1446 4735 narretur
1469 4672 1534 4733 sinc
1558 4671 1791 4771 discretionem

78 4778 221 4839 sirlsrmc.
247 4779 380 4837 Primum
400 4777 482 4837 enim
494 4776 632 4835 omnium
655 4780 747 4835 estut
767 4775 845 4835 ineo
858 4774 912 4849 qui
963 4768 1052 4828 bonis
1062 4767 1180 4843 pariter,
1197 4771 1226 4825 et
1237 4765 1325 4825 malis
1343 4780 1406 4823 non
1419 4762 1662 4823 inconvenienter
1684 4760 1792 4835 accipr-

79 4869 238 4942 oorrigitur
256 4869 397 4929 volumtas
419 4866 781 4942 p1·avainterimatur,cc
802 4864 911 4925 deinde
965 4865 1022 4929 tur,
1036 4863 1069 4918 ut
1084 4857 1177 4916 ctiam
1202 4870 1424 4931 nonnunqmm
1445 4855 1504 4917 hoc
1517 4852 1670 4927 magisad
1693 4852 1792 4912 bones

77 4958 174 5029 bon,
197 4958 244 5019 sel
271 4964 392 5019 sanctur
404 4958 535 5027 infirma,
564 4957 613 5015 vel
637 4962 758 5017 mortua
783 4955 912 5013 vivifice·
964 4949 1133 5009 secundum
1141 4946 1390 5020 significationem
1413 4946 1568 5021 permeet
1592 4943 1676 5020 quod
1699 4941 1792 5001 stum

79 5053 139 5109 tur.
168 5050 255 5117 bucd
281 5049 363 5109 enim
389 5048 469 5108 male
482 5047 562 5118 vivit,
588 5046 667 5107 bene
693 5045 855 5115 occiditur;
883 5048 913 5102 ct
964 5039 1172 5115 reproborum,
1184 5037 1382 5113 quanmmad
1397 5037 1535 5097 ordinem
1553 5033 1681 5108 pertinet
1689 5043 1792 5130 parra·

78 5139 167 5213 quod
192 5138 272 5199 male
294 5138 448 5197 infirmum
485 5140 538 5206 est
575 5136 654 5195 benc
687 5138 820 5193 sanatur.
845 5136 912 5191 Post
965 5129 1063 5199 roms,
1079 5129 1275 5187 demonstrat
1291 5130 1456 5186 Possumus
1466 5120 1792 5216 tamenetlroospsum

79 5232 231 5289 mutatam
262 5229 446 5288 voluntatem
468 5241 634 5302 pravorum
658 5240 786 5300 operum
817 5222 912 5281 moles
965 5220 1003 5280 dc
1011 5217 1148 5294 reprobis
1162 5216 1333 5293 quibusque
1351 5209 1666 5275 noninccnreuionter
1678 5204 1792 5263 dictum

78 5319 160 5379 mdc
188 5319 336 5379 ιοῶίὶοοῑο
361 5317 530 5388 deseritur,
555 5320 584 5376 et
608 5317 761 5375 bonerum
785 5328 912 5388 operum
965 5309 1119 5383 accipere:
1134 5307 1188 5382 qui
1201 5302 1490 5378 etsieliquaudcsd
1505 5308 1641 5397 amorem
1652 5292 1792 5363 boni,sc-

80 5404 184 5469 studia
196 5408 288 5482 longa
308 5406 490 5480 negligentia
515 5405 660 5481 dissipate
681 5404 910 5463 reaedificantur.
965 5400 1100 5459 cundum
1114 5395 1278 5471 quemdam
1291 5390 1441 5459 allectum,
1458 5378 1792 5487 speciemvu'tullshs-

79 5498 195 5560 Deinde
218 5515 275 5573 pro
297 5498 388 5573 culpa
408 5497 557 5573 praeterita
582 5495 669 5555 llctus
696 5493 840 5571 sequium,
860 5489 913 5565 qui
964 5489 1097 5556 henam,
1117 5481 1258 5559 qunsiul
1280 5480 1455 5554 amplexum
1481 5479 1635 5552 sepulte
1654 5486 1793 5552 appron-

79 5605 155 5653 οιι
174 5587 382 5666 betramum
404 5587 486 5651 toute
509 5584 724 5652 consolentur
746 5581 913 5646 vindere-
965 5575 1211 5647 mmcddeutur,
1238 5575 1342 5636 umen
1361 5560 1792 5644 mansueriscam
