<?xml version="1.0" encoding="UTF-8"?>
<!DOCTYPE html PUBLIC "-//W3C//DTD XHTML 1.0 Transitional//EN"
    "http://www.w3.org/TR/xhtml1/DTD/xhtml1-transitional.dtd">
<html xmlns="http://www.w3.org/1999/xhtml" xml:lang="en" lang="en">
 <head>
  <title>
</title>
<meta http-equiv="Content-Type" content="text/html;charset=utf-8" />
  <meta name='ocr-system' content='tesseract 3.04.00' />
  <meta name='ocr-capabilities' content='ocr_page ocr_carea ocr_par ocr_line ocrx_word'/>
</head>
<body>
  <div class='ocr_page' id='page_1' title='image "./patrologiaecurs37unkngoog_0455.png"; bbox 0 0 3832 6044; ppageno 0'>
   <div class='ocr_carea' id='block_1_1' title="bbox 157 98 1871 164">
    <p class='ocr_par' dir='ltr' id='par_1_1' title="bbox 157 98 1871 164">
     <span class='ocr_line' id='line_1_1' title="bbox 157 98 1871 164; baseline -0.002 0"><span class='ocrx_word' id='word_1_1' title='bbox 157 104 209 164; x_wconf 66' lang='lat'>789</span> <span class='ocrx_word' id='word_1_2' title='bbox 469 103 621 161; x_wconf 87' lang='lat' dir='ltr'>ilUGONlS</span> <span class='ocrx_word' id='word_1_3' title='bbox 639 104 685 159; x_wconf 85' lang='lat' dir='ltr'>DE</span> <span class='ocrx_word' id='word_1_4' title='bbox 705 102 733 158; x_wconf 85' lang='lat' dir='ltr'>S.</span> <span class='ocrx_word' id='word_1_5' title='bbox 753 98 901 158; x_wconf 71' lang='lat' dir='ltr'>vicione</span> <span class='ocrx_word' id='word_1_6' title='bbox 920 99 995 155; x_wconf 86' lang='grc' dir='ltr'>ΟΡΡ.</span> <span class='ocrx_word' id='word_1_7' title='bbox 1015 99 1104 156; x_wconf 74' lang='lat' dir='ltr'>PARS</span> <span class='ocrx_word' id='word_1_8' title='bbox 1124 101 1145 154; x_wconf 93' lang='lat' dir='ltr'>l.</span> <span class='ocrx_word' id='word_1_9' title='bbox 1167 129 1201 140; x_wconf 92' lang='lat'>-</span> <span class='ocrx_word' id='word_1_10' title='bbox 1220 99 1414 158; x_wconf 73' lang='lat' dir='ltr'>exsufflet</span> <span class='ocrx_word' id='word_1_11' title='bbox 1432 101 1548 156; x_wconf 78' lang='lat' dir='ltr'>busin.</span> <span class='ocrx_word' id='word_1_12' title='bbox 1817 103 1871 160; x_wconf 70' lang='lat'>740</span> 
     </span>
    </p>
   </div>
   <div class='ocr_carea' id='block_1_2' title="bbox 155 208 1873 1458">
    <p class='ocr_par' dir='ltr' id='par_1_2' title="bbox 155 208 1873 1102">
     <span class='ocr_line' id='line_1_2' title="bbox 156 208 1872 301; baseline -0.002 -14"><span class='ocrx_word' id='word_1_13' title='bbox 156 226 289 301; x_wconf 79' lang='lat' dir='ltr'><strong>negligit.</strong></span> <span class='ocrx_word' id='word_1_14' title='bbox 304 225 357 285; x_wconf 87' lang='lat' dir='ltr'>Cui</span> <span class='ocrx_word' id='word_1_15' title='bbox 366 225 473 282; x_wconf 89' lang='lat' dir='ltr'>dicitur</span> <span class='ocrx_word' id='word_1_16' title='bbox 486 243 492 281; x_wconf 93' lang='lat'><strong>:</strong></span> <span class='ocrx_word' id='word_1_17' title='bbox 506 226 604 296; x_wconf 77' lang='lat' dir='ltr'>Surpe</span> <span class='ocrx_word' id='word_1_18' title='bbox 617 225 670 296; x_wconf 78' lang='lat' dir='ltr'>qui</span> <span class='ocrx_word' id='word_1_19' title='bbox 679 223 800 291; x_wconf 80' lang='lat' dir='ltr'>domnis,</span> <span class='ocrx_word' id='word_1_20' title='bbox 823 227 851 279; x_wconf 90' lang='lat' dir='ltr'>et</span> <span class='ocrx_word' id='word_1_21' title='bbox 873 208 1026 293; x_wconf 68' lang='lat' dir='ltr'>eeurpeh‘</span> <span class='ocrx_word' id='word_1_22' title='bbox 1043 225 1122 280; x_wconf 88' lang='lat' dir='ltr'>tante</span> <span class='ocrx_word' id='word_1_23' title='bbox 1137 227 1166 280; x_wconf 91' lang='lat' dir='ltr'>ct</span> <span class='ocrx_word' id='word_1_24' title='bbox 1179 229 1359 299; x_wconf 82' lang='lat' dir='ltr'>cooperante</span> <span class='ocrx_word' id='word_1_25' title='bbox 1372 224 1533 282; x_wconf 80' lang='lat' dir='ltr'>divinitatis</span> <span class='ocrx_word' id='word_1_26' title='bbox 1549 241 1611 281; x_wconf 80' lang='lat' dir='ltr'>suae</span> <span class='ocrx_word' id='word_1_27' title='bbox 1624 224 1693 282; x_wconf 87' lang='lat' dir='ltr'>fide.</span> <span class='ocrx_word' id='word_1_28' title='bbox 1717 225 1872 284; x_wconf 86' lang='lat' dir='ltr'>Dedueen-</span> 
     </span>
     <span class='ocr_line' id='line_1_3' title="bbox 158 311 1872 390; baseline -0.002 -13"><span class='ocrx_word' id='word_1_29' title='bbox 158 319 295 378; x_wconf 86' lang='lat' dir='ltr'>amortis</span> <span class='ocrx_word' id='word_1_30' title='bbox 309 316 428 390; x_wconf 77' lang='lat' dir='ltr'>(Ephes.</span> <span class='ocrx_word' id='word_1_31' title='bbox 440 315 478 386; x_wconf 74' lang='lat' dir='ltr'>r).</span> <span class='ocrx_word' id='word_1_32' title='bbox 494 314 680 381; x_wconf 88' lang='lat' dir='ltr'>llirundines‚</span> <span class='ocrx_word' id='word_1_33' title='bbox 695 317 816 387; x_wconf 90' lang='lat' dir='ltr'>propter</span> <span class='ocrx_word' id='word_1_34' title='bbox 830 312 924 369; x_wconf 85' lang='lat' dir='ltr'>levem</span> <span class='ocrx_word' id='word_1_35' title='bbox 933 328 985 367; x_wconf 89' lang='lat' dir='ltr'>vo·</span> <span class='ocrx_word' id='word_1_36' title='bbox 1040 311 1080 370; x_wconf 90' lang='lat' dir='ltr'>do</span> <span class='ocrx_word' id='word_1_37' title='bbox 1095 313 1134 370; x_wconf 91' lang='lat' dir='ltr'>ad</span> <span class='ocrx_word' id='word_1_38' title='bbox 1147 315 1245 371; x_wconf 87' lang='lat' dir='ltr'>Medos</span> <span class='ocrx_word' id='word_1_39' title='bbox 1258 314 1330 371; x_wconf 89' lang='lat' dir='ltr'>dicit</span> <span class='ocrx_word' id='word_1_40' title='bbox 1345 331 1352 370; x_wconf 74' lang='grc' dir='ltr'><em>τ</em></span> <span class='ocrx_word' id='word_1_41' title='bbox 1366 314 1640 388; x_wconf 61' lang='lat' dir='ltr'>flameresheim,</span> <span class='ocrx_word' id='word_1_42' title='bbox 1652 331 1716 388; x_wconf 83' lang='lat' dir='ltr'>quae</span> <span class='ocrx_word' id='word_1_43' title='bbox 1725 332 1787 373; x_wconf 79' lang='lat' dir='ltr'>nore</span> <span class='ocrx_word' id='word_1_44' title='bbox 1799 322 1872 373; x_wconf 83' lang='lat' dir='ltr'>sunt</span> 
     </span>
     <span class='ocr_line' id='line_1_4' title="bbox 157 402 1873 479; baseline -0.002 -13"><span class='ocrx_word' id='word_1_45' title='bbox 157 409 263 477; x_wconf 91' lang='lat' dir='ltr'>latum,</span> <span class='ocrx_word' id='word_1_46' title='bbox 276 407 425 463; x_wconf 87' lang='lat' dir='ltr'>levitatem</span> <span class='ocrx_word' id='word_1_47' title='bbox 436 403 669 477; x_wconf 83' lang='lat' dir='ltr'><strong>superbiamque</strong></span> <span class='ocrx_word' id='word_1_48' title='bbox 681 402 984 476; x_wconf 87' lang='lat' dir='ltr'>designant,quarum</span> <span class='ocrx_word' id='word_1_49' title='bbox 1039 418 1076 460; x_wconf 75' lang='lat' dir='ltr'>erc</span> <span class='ocrx_word' id='word_1_50' title='bbox 1093 403 1147 460; x_wconf 81' lang='lat' dir='ltr'>icoc</span> <span class='ocrx_word' id='word_1_51' title='bbox 1159 405 1233 461; x_wconf 84' lang='lat' dir='ltr'>ouili</span> <span class='ocrx_word' id='word_1_52' title='bbox 1245 406 1345 473; x_wconf 74' lang='lat' dir='ltr'>(toan.</span> <span class='ocrx_word' id='word_1_53' title='bbox 1372 408 1413 473; x_wconf 80' lang='lat' dir='ltr'>x).</span> <span class='ocrx_word' id='word_1_54' title='bbox 1439 406 1479 460; x_wconf 89' lang='lat' dir='ltr'>lle</span> <span class='ocrx_word' id='word_1_55' title='bbox 1496 403 1668 461; x_wconf 90' lang='lat' dir='ltr'>reducendo</span> <span class='ocrx_word' id='word_1_56' title='bbox 1695 404 1766 462; x_wconf 90' lang='lat' dir='ltr'>dicit</span> <span class='ocrx_word' id='word_1_57' title='bbox 1793 410 1873 479; x_wconf 76' lang='lat' dir='ltr'>Apo</span> 
     </span>
     <span class='ocr_line' id='line_1_5' title="bbox 157 491 1872 567; baseline -0.002 -11"><span class='ocrx_word' id='word_1_58' title='bbox 157 493 348 556; x_wconf 85' lang='lat' dir='ltr'>immunditia</span> <span class='ocrx_word' id='word_1_59' title='bbox 360 511 421 562; x_wconf 88' lang='lat' dir='ltr'>eos,</span> <span class='ocrx_word' id='word_1_60' title='bbox 437 492 548 566; x_wconf 87' lang='lat' dir='ltr'>quibus</span> <span class='ocrx_word' id='word_1_61' title='bbox 562 492 743 561; x_wconf 84' lang='lat' dir='ltr'>dominatur,</span> <span class='ocrx_word' id='word_1_62' title='bbox 760 495 897 549; x_wconf 84' lang='lat' dir='ltr'>excaecat.</span> <span class='ocrx_word' id='word_1_63' title='bbox 910 491 984 548; x_wconf 83' lang='lat' dir='ltr'>Nido</span> <span class='ocrx_word' id='word_1_64' title='bbox 1040 493 1151 550; x_wconf 89' lang='lat' dir='ltr'>stolus:</span> <span class='ocrx_word' id='word_1_65' title='bbox 1168 495 1269 551; x_wconf 82' lang='lat' dir='ltr'>Donec</span> <span class='ocrx_word' id='word_1_66' title='bbox 1280 494 1439 564; x_wconf 81' lang='lat' dir='ltr'><em>plenitudo</em></span> <span class='ocrx_word' id='word_1_67' title='bbox 1462 494 1595 565; x_wconf 74' lang='lat' dir='ltr'>gentium</span> <span class='ocrx_word' id='word_1_68' title='bbox 1613 495 1752 567; x_wconf 75' lang='lat' dir='ltr'>intraret,</span> <span class='ocrx_word' id='word_1_69' title='bbox 1778 501 1806 552; x_wconf 90' lang='lat' dir='ltr'>et</span> <span class='ocrx_word' id='word_1_70' title='bbox 1827 497 1872 552; x_wconf 84' lang='lat' dir='ltr'>sic</span> 
     </span>
     <span class='ocr_line' id='line_1_6' title="bbox 157 568 1872 655; baseline -0.002 -12"><span class='ocrx_word' id='word_1_71' title='bbox 157 583 354 644; x_wconf 84' lang='lat' dir='ltr'>hirundinum</span> <span class='ocrx_word' id='word_1_72' title='bbox 366 581 539 655; x_wconf 90' lang='lat' dir='ltr'>suppositus</span> <span class='ocrx_word' id='word_1_73' title='bbox 552 580 671 647; x_wconf 83' lang='lat' dir='ltr'>dormit,</span> <span class='ocrx_word' id='word_1_74' title='bbox 681 580 739 654; x_wconf 88' lang='lat' dir='ltr'>qui</span> <span class='ocrx_word' id='word_1_75' title='bbox 755 568 875 647; x_wconf 83' lang='lat' dir='ltr'>levitati,</span> <span class='ocrx_word' id='word_1_76' title='bbox 901 577 986 635; x_wconf 87' lang='lat' dir='ltr'>lasci·</span> <span class='ocrx_word' id='word_1_77' title='bbox 1039 583 1133 637; x_wconf 81' lang='lat' dir='ltr'>omnis</span> <span class='ocrx_word' id='word_1_78' title='bbox 1145 582 1241 639; x_wconf 84' lang='lat' dir='ltr'>lsrael</span> <span class='ocrx_word' id='word_1_79' title='bbox 1253 585 1355 640; x_wconf 84' lang='lat' dir='ltr'>sulvus</span> <span class='ocrx_word' id='word_1_80' title='bbox 1375 584 1460 652; x_wconf 80' lang='lat' dir='ltr'>ficret</span> <span class='ocrx_word' id='word_1_81' title='bbox 1490 584 1584 652; x_wconf 86' lang='lat' dir='ltr'>(Rom.</span> <span class='ocrx_word' id='word_1_82' title='bbox 1598 587 1649 652; x_wconf 80' lang='lat' dir='ltr'>xi).</span> <span class='ocrx_word' id='word_1_83' title='bbox 1676 584 1872 654; x_wconf 73' lang='lat' dir='ltr'>interrogavit</span> 
     </span>
     <span class='ocr_line' id='line_1_7' title="bbox 155 666 1868 746; baseline -0.001 -15"><span class='ocrx_word' id='word_1_84' title='bbox 155 673 210 731; x_wconf 79' lang='lat' dir='ltr'>vice</span> <span class='ocrx_word' id='word_1_85' title='bbox 224 688 260 729; x_wconf 89' lang='lat' dir='ltr'>ae</span> <span class='ocrx_word' id='word_1_86' title='bbox 275 670 422 745; x_wconf 72' lang='lat' dir='ltr'>superbie</span> <span class='ocrx_word' id='word_1_87' title='bbox 436 669 615 727; x_wconf 87' lang='lat' dir='ltr'>seincautus</span> <span class='ocrx_word' id='word_1_88' title='bbox 628 668 756 741; x_wconf 86' lang='lat' dir='ltr'>subjicit.</span> <span class='ocrx_word' id='word_1_89' title='bbox 786 671 852 724; x_wconf 77' lang='lat' dir='ltr'>llaec</span> <span class='ocrx_word' id='word_1_90' title='bbox 868 666 985 724; x_wconf 86' lang='lat' dir='ltr'>caecitas</span> <span class='ocrx_word' id='word_1_91' title='bbox 1039 671 1145 728; x_wconf 85' lang='lat' dir='ltr'>Tobios</span> <span class='ocrx_word' id='word_1_92' title='bbox 1168 671 1321 744; x_wconf 88' lang='lat' dir='ltr'>angelum,</span> <span class='ocrx_word' id='word_1_93' title='bbox 1347 673 1415 746; x_wconf 90' lang='lat' dir='ltr'>quis</span> <span class='ocrx_word' id='word_1_94' title='bbox 1437 678 1468 730; x_wconf 89' lang='lat' dir='ltr'>et</span> <span class='ocrx_word' id='word_1_95' title='bbox 1488 673 1569 730; x_wconf 86' lang='lat' dir='ltr'>unde</span> <span class='ocrx_word' id='word_1_96' title='bbox 1587 678 1672 731; x_wconf 88' lang='lat' dir='ltr'>esset.</span> <span class='ocrx_word' id='word_1_97' title='bbox 1696 674 1761 745; x_wconf 78' lang='lat' dir='ltr'>Epo</span> <span class='ocrx_word' id='word_1_98' title='bbox 1792 691 1868 744; x_wconf 88' lang='lat' dir='ltr'>surn,</span> 
     </span>
     <span class='ocr_line' id='line_1_8' title="bbox 156 757 1870 839; baseline 0.001 -20"><span class='ocrx_word' id='word_1_99' title='bbox 156 761 270 839; x_wconf 92' lang='lat' dir='ltr'>populo</span> <span class='ocrx_word' id='word_1_100' title='bbox 283 760 382 828; x_wconf 86' lang='lat' dir='ltr'>lsrael,</span> <span class='ocrx_word' id='word_1_101' title='bbox 392 759 565 817; x_wconf 89' lang='lat' dir='ltr'>imminente</span> <span class='ocrx_word' id='word_1_102' title='bbox 574 759 691 815; x_wconf 86' lang='lat' dir='ltr'>Domini</span> <span class='ocrx_word' id='word_1_103' title='bbox 701 759 832 817; x_wconf 84' lang='lat' dir='ltr'>adventu</span> <span class='ocrx_word' id='word_1_104' title='bbox 842 757 983 824; x_wconf 87' lang='lat' dir='ltr'>incarne,</span> <span class='ocrx_word' id='word_1_105' title='bbox 1038 759 1177 833; x_wconf 66' lang='lat' dir='ltr'>Azanos,</span> <span class='ocrx_word' id='word_1_106' title='bbox 1192 760 1322 818; x_wconf 71' lang='lat' dir='ltr'>Ananiae</span> <span class='ocrx_word' id='word_1_107' title='bbox 1340 763 1446 833; x_wconf 76' lang='lat' dir='ltr'>mupni</span> <span class='ocrx_word' id='word_1_108' title='bbox 1454 762 1547 832; x_wconf 78' lang='lat' dir='ltr'>fitius.</span> <span class='ocrx_word' id='word_1_109' title='bbox 1563 761 1680 819; x_wconf 79' lang='lat' dir='ltr'>Azarias</span> <span class='ocrx_word' id='word_1_110' title='bbox 1695 761 1870 836; x_wconf 90' lang='lat' dir='ltr'>interpreta-</span> 
     </span>
     <span class='ocr_line' id='line_1_9' title="bbox 156 846 1870 923; baseline -0.001 -14"><span class='ocrx_word' id='word_1_111' title='bbox 156 850 288 909; x_wconf 82' lang='lat' dir='ltr'>maxime</span> <span class='ocrx_word' id='word_1_112' title='bbox 300 848 463 923; x_wconf 82' lang='lat' dir='ltr'>praevaluit,</span> <span class='ocrx_word' id='word_1_113' title='bbox 480 864 550 905; x_wconf 88' lang='lat' dir='ltr'>eum</span> <span class='ocrx_word' id='word_1_114' title='bbox 571 852 713 905; x_wconf 84' lang='lat' dir='ltr'>Romame</span> <span class='ocrx_word' id='word_1_115' title='bbox 742 846 892 904; x_wconf 89' lang='lat' dir='ltr'>servitutis</span> <span class='ocrx_word' id='word_1_116' title='bbox 908 846 984 918; x_wconf 88' lang='lat' dir='ltr'>jugo</span> <span class='ocrx_word' id='word_1_117' title='bbox 1041 852 1088 905; x_wconf 92' lang='lat' dir='ltr'>tur</span> <span class='ocrx_word' id='word_1_118' title='bbox 1102 849 1236 919; x_wconf 84' lang='lat' dir='ltr'>adjutor,</span> <span class='ocrx_word' id='word_1_119' title='bbox 1248 849 1380 906; x_wconf 81' lang='lat' dir='ltr'>Ananias</span> <span class='ocrx_word' id='word_1_120' title='bbox 1395 850 1452 907; x_wconf 88' lang='lat' dir='ltr'>Dei</span> <span class='ocrx_word' id='word_1_121' title='bbox 1463 851 1576 922; x_wconf 78' lang='lat' dir='ltr'>pratia.</span> <span class='ocrx_word' id='word_1_122' title='bbox 1591 849 1722 908; x_wconf 89' lang='lat' dir='ltr'>Christus</span> <span class='ocrx_word' id='word_1_123' title='bbox 1742 867 1774 907; x_wconf 89' lang='lat' dir='ltr'>se</span> <span class='ocrx_word' id='word_1_124' title='bbox 1797 851 1870 908; x_wconf 88' lang='lat' dir='ltr'>fide-</span> 
     </span>
     <span class='ocr_line' id='line_1_10' title="bbox 156 933 1867 1014; baseline -0.001 -16"><span class='ocrx_word' id='word_1_125' title='bbox 156 939 315 1007; x_wconf 83' lang='lat' dir='ltr'>laboraret,</span> <span class='ocrx_word' id='word_1_126' title='bbox 331 942 360 995; x_wconf 94' lang='lat' dir='ltr'>et</span> <span class='ocrx_word' id='word_1_127' title='bbox 373 937 448 994; x_wconf 84' lang='lat' dir='ltr'>divae</span> <span class='ocrx_word' id='word_1_128' title='bbox 473 937 546 1010; x_wconf 89' lang='lat' dir='ltr'>legis</span> <span class='ocrx_word' id='word_1_129' title='bbox 558 991 562 996; x_wconf 83' lang='grc'><em>,</em></span> <span class='ocrx_word' id='word_1_130' title='bbox 575 941 725 1011; x_wconf 72' lang='lat' dir='ltr'>precepta</span> <span class='ocrx_word' id='word_1_131' title='bbox 750 935 828 993; x_wconf 84' lang='lat' dir='ltr'>malo</span> <span class='ocrx_word' id='word_1_132' title='bbox 856 933 984 991; x_wconf 86' lang='lat' dir='ltr'>vivendo</span> <span class='ocrx_word' id='word_1_133' title='bbox 1039 935 1119 993; x_wconf 88' lang='lat' dir='ltr'>libus</span> <span class='ocrx_word' id='word_1_134' title='bbox 1132 937 1193 994; x_wconf 89' lang='lat' dir='ltr'>suis</span> <span class='ocrx_word' id='word_1_135' title='bbox 1208 937 1329 1007; x_wconf 87' lang='lat' dir='ltr'>indicat,</span> <span class='ocrx_word' id='word_1_136' title='bbox 1343 939 1426 1012; x_wconf 89' lang='lat' dir='ltr'>quod</span> <span class='ocrx_word' id='word_1_137' title='bbox 1441 938 1505 1013; x_wconf 89' lang='lat' dir='ltr'>ipse</span> <span class='ocrx_word' id='word_1_138' title='bbox 1519 942 1572 1010; x_wconf 88' lang='lat' dir='ltr'>est,</span> <span class='ocrx_word' id='word_1_139' title='bbox 1588 938 1626 996; x_wconf 91' lang='lat' dir='ltr'>de</span> <span class='ocrx_word' id='word_1_140' title='bbox 1651 956 1713 1014; x_wconf 90' lang='lat' dir='ltr'>quo</span> <span class='ocrx_word' id='word_1_141' title='bbox 1741 939 1867 996; x_wconf 88' lang='lat' dir='ltr'>dieitur:</span> 
     </span>
     <span class='ocr_line' id='line_1_11' title="bbox 155 1027 1869 1102; baseline 0 -16"><span class='ocrx_word' id='word_1_142' title='bbox 155 1028 289 1086; x_wconf 76' lang='lat' dir='ltr'>violaret.</span> <span class='ocrx_word' id='word_1_143' title='bbox 1039 1027 1173 1098; x_wconf 69' lang='lat' dir='ltr'>Adp‘utor</span> <span class='ocrx_word' id='word_1_144' title='bbox 1184 1043 1275 1100; x_wconf 87' lang='lat' dir='ltr'>meus,</span> <span class='ocrx_word' id='word_1_145' title='bbox 1293 1034 1321 1086; x_wconf 92' lang='lat' dir='ltr'>et</span> <span class='ocrx_word' id='word_1_146' title='bbox 1337 1029 1481 1086; x_wconf 84' lang='lat' dir='ltr'>liberator</span> <span class='ocrx_word' id='word_1_147' title='bbox 1492 1044 1574 1086; x_wconf 88' lang='lat' dir='ltr'>meus</span> <span class='ocrx_word' id='word_1_148' title='bbox 1585 1034 1668 1101; x_wconf 86' lang='lat' dir='ltr'>estu,</span> <span class='ocrx_word' id='word_1_149' title='bbox 1685 1030 1821 1102; x_wconf 77' lang='lat' dir='ltr'>Domine,</span> <span class='ocrx_word' id='word_1_150' title='bbox 1832 1046 1869 1086; x_wconf 81' lang='lat' dir='ltr'>ue</span> 
     </span>
    </p>

    <p class='ocr_par' dir='ltr' id='par_1_3' title="bbox 156 1114 1867 1458">
     <span class='ocr_line' id='line_1_12' title="bbox 193 1114 1867 1190; baseline -0.001 -14"><span class='ocrx_word' id='word_1_151' title='bbox 193 1118 326 1189; x_wconf 69' lang='lat' dir='ltr'>concipit</span> <span class='ocrx_word' id='word_1_152' title='bbox 339 1122 373 1174; x_wconf 91' lang='lat' dir='ltr'>ut</span> <span class='ocrx_word' id='word_1_153' title='bbox 383 1117 464 1175; x_wconf 85' lang='lat' dir='ltr'>Sura</span> <span class='ocrx_word' id='word_1_154' title='bbox 475 1117 541 1187; x_wconf 74' lang='lat' dir='ltr'>filio</span> <span class='ocrx_word' id='word_1_155' title='bbox 551 1117 693 1187; x_wconf 77' lang='lat' dir='ltr'>Rupuelis</span> <span class='ocrx_word' id='word_1_156' title='bbox 703 1117 735 1172; x_wconf 84' lang='lat' dir='ltr'>iu</span> <span class='ocrx_word' id='word_1_157' title='bbox 750 1115 870 1172; x_wconf 87' lang='lat' dir='ltr'>ciuitate</span> <span class='ocrx_word' id='word_1_158' title='bbox 885 1114 985 1172; x_wconf 74' lang='lat' dir='ltr'>Mede</span> <span class='ocrx_word' id='word_1_159' title='bbox 1039 1117 1270 1189; x_wconf 86' lang='lat' dir='ltr'>moreris(Psut.</span> <span class='ocrx_word' id='word_1_160' title='bbox 1296 1122 1397 1187; x_wconf 76' lang='lat' dir='ltr'>exist).</span> <span class='ocrx_word' id='word_1_161' title='bbox 1426 1119 1467 1175; x_wconf 82' lang='lat' dir='ltr'>Et</span> <span class='ocrx_word' id='word_1_162' title='bbox 1487 1119 1615 1176; x_wconf 85' lang='lat' dir='ltr'>vidimus</span> <span class='ocrx_word' id='word_1_163' title='bbox 1637 1119 1767 1190; x_wconf 80' lang='lat' dir='ltr'>plurium</span> <span class='ocrx_word' id='word_1_164' title='bbox 1793 1120 1867 1189; x_wconf 68' lang='lat' dir='ltr'>eius,</span> 
     </span>
     <span class='ocr_line' id='line_1_13' title="bbox 156 1204 1867 1281; baseline -0.001 -16"><span class='ocrx_word' id='word_1_165' title='bbox 156 1213 277 1281; x_wconf 87' lang='lat' dir='ltr'>rum,ut</span> <span class='ocrx_word' id='word_1_166' title='bbox 286 1213 314 1265; x_wconf 88' lang='lat' dir='ltr'>et</span> <span class='ocrx_word' id='word_1_167' title='bbox 326 1209 392 1279; x_wconf 86' lang='lat' dir='ltr'>ipso</span> <span class='ocrx_word' id='word_1_168' title='bbox 400 1207 519 1265; x_wconf 84' lang='lat' dir='ltr'>audiret</span> <span class='ocrx_word' id='word_1_169' title='bbox 529 1207 742 1277; x_wconf 79' lang='lat' dir='ltr'>improperium</span> <span class='ocrx_word' id='word_1_170' title='bbox 754 1204 791 1262; x_wconf 81' lang='lat' dir='ltr'>ab</span> <span class='ocrx_word' id='word_1_171' title='bbox 809 1221 871 1262; x_wconf 84' lang='lat' dir='ltr'>uua</span> <span class='ocrx_word' id='word_1_172' title='bbox 882 1220 920 1262; x_wconf 82' lang='lat' dir='ltr'>ear</span> <span class='ocrx_word' id='word_1_173' title='bbox 932 1220 985 1261; x_wconf 86' lang='lat' dir='ltr'>on·</span> <span class='ocrx_word' id='word_1_174' title='bbox 1038 1207 1168 1276; x_wconf 79' lang='lat' dir='ltr'>pieriam</span> <span class='ocrx_word' id='word_1_175' title='bbox 1177 1209 1265 1279; x_wconf 83' lang='lat' dir='ltr'>quusi</span> <span class='ocrx_word' id='word_1_176' title='bbox 1282 1207 1435 1279; x_wconf 77' lang='lat' dir='ltr'>Unipeniti</span> <span class='ocrx_word' id='word_1_177' title='bbox 1443 1223 1462 1264; x_wconf 86' lang='lat' dir='ltr'>u</span> <span class='ocrx_word' id='word_1_178' title='bbox 1472 1207 1565 1264; x_wconf 85' lang='lat' dir='ltr'>Patre</span> <span class='ocrx_word' id='word_1_179' title='bbox 1575 1209 1699 1277; x_wconf 84' lang='lat' dir='ltr'>plenum</span> <span class='ocrx_word' id='word_1_180' title='bbox 1718 1209 1828 1279; x_wconf 80' lang='lat' dir='ltr'>prutioe</span> <span class='ocrx_word' id='word_1_181' title='bbox 1841 1215 1867 1265; x_wconf 90' lang='lat' dir='ltr'>et</span> 
     </span>
     <span class='ocr_line' id='line_1_14' title="bbox 156 1294 1867 1371; baseline -0.002 -16"><span class='ocrx_word' id='word_1_182' title='bbox 156 1298 336 1369; x_wconf 82' lang='lat' dir='ltr'>cittispetris</span> <span class='ocrx_word' id='word_1_183' title='bbox 346 1298 395 1354; x_wconf 88' lang='lat' dir='ltr'>sui</span> <span class='ocrx_word' id='word_1_184' title='bbox 407 1310 419 1369; x_wconf 87' lang='lat'>,·</span> <span class='ocrx_word' id='word_1_185' title='bbox 430 1297 571 1371; x_wconf 82' lang='lat' dir='ltr'>quonium</span> <span class='ocrx_word' id='word_1_186' title='bbox 584 1296 698 1353; x_wconf 85' lang='lat' dir='ltr'>traditu</span> <span class='ocrx_word' id='word_1_187' title='bbox 708 1295 811 1365; x_wconf 79' lang='lat' dir='ltr'>suerat</span> <span class='ocrx_word' id='word_1_188' title='bbox 819 1300 931 1365; x_wconf 83' lang='lat' dir='ltr'>septem</span> <span class='ocrx_word' id='word_1_189' title='bbox 943 1294 983 1350; x_wconf 90' lang='lat' dir='ltr'>vi·</span> <span class='ocrx_word' id='word_1_190' title='bbox 1040 1295 1175 1352; x_wconf 81' lang='lat' dir='ltr'>veritatis</span> <span class='ocrx_word' id='word_1_191' title='bbox 1190 1297 1289 1363; x_wconf 73' lang='lat' dir='ltr'>(doun.</span> <span class='ocrx_word' id='word_1_192' title='bbox 1300 1299 1332 1364; x_wconf 84' lang='lat' dir='ltr'>r).</span> <span class='ocrx_word' id='word_1_193' title='bbox 1347 1296 1471 1355; x_wconf 79' lang='lat' dir='ltr'>Pacatis</span> <span class='ocrx_word' id='word_1_194' title='bbox 1486 1296 1630 1364; x_wconf 79' lang='lat' dir='ltr'>ammius,</span> <span class='ocrx_word' id='word_1_195' title='bbox 1646 1311 1711 1367; x_wconf 73' lang='lat' dir='ltr'>qua</span> <span class='ocrx_word' id='word_1_196' title='bbox 1732 1301 1819 1354; x_wconf 83' lang='lat' dir='ltr'>crant</span> <span class='ocrx_word' id='word_1_197' title='bbox 1837 1298 1867 1352; x_wconf 85' lang='lat' dir='ltr'>io</span> 
     </span>
     <span class='ocr_line' id='line_1_15' title="bbox 156 1385 1866 1458; baseline -0.001 -13"><span class='ocrx_word' id='word_1_198' title='bbox 156 1386 679 1457; x_wconf 77' lang='lat' dir='ltr'>ris‚etdaemortnominedsmodaeus</span> <span class='ocrx_word' id='word_1_199' title='bbox 692 1385 984 1455; x_wconf 79' lang='lat' dir='ltr'>occiderateos,moc</span> <span class='ocrx_word' id='word_1_200' title='bbox 1039 1387 1088 1442; x_wconf 85' lang='lat' dir='ltr'>uic</span> <span class='ocrx_word' id='word_1_201' title='bbox 1110 1387 1266 1456; x_wconf 82' lang='lat' dir='ltr'>portanda</span> <span class='ocrx_word' id='word_1_202' title='bbox 1294 1402 1401 1458; x_wconf 84' lang='lat' dir='ltr'>secum,</span> <span class='ocrx_word' id='word_1_203' title='bbox 1434 1386 1524 1443; x_wconf 84' lang='lat' dir='ltr'>Tabia</span> <span class='ocrx_word' id='word_1_204' title='bbox 1548 1388 1617 1443; x_wconf 86' lang='lat' dir='ltr'>cote</span> <span class='ocrx_word' id='word_1_205' title='bbox 1639 1387 1727 1457; x_wconf 82' lang='lat' dir='ltr'>putri</span> <span class='ocrx_word' id='word_1_206' title='bbox 1756 1402 1811 1443; x_wconf 91' lang='lat' dir='ltr'>suo</span> <span class='ocrx_word' id='word_1_207' title='bbox 1840 1392 1866 1443; x_wconf 90' lang='lat' dir='ltr'>et</span> 
     </span>
    </p>
   </div>
   <div class='ocr_carea' id='block_1_3' title="bbox 65 1472 1865 1555">
    <p class='ocr_par' dir='ltr' id='par_1_4' title="bbox 65 1472 1865 1555">
     <span class='ocr_line' id='line_1_16' title="bbox 65 1472 1865 1555; baseline -0.002 -20"><span class='ocrx_word' id='word_1_208' title='bbox 65 1548 68 1555; x_wconf 14' lang='grc' dir='ltr'><em>ᾗ</em></span> <span class='ocrx_word' id='word_1_209' title='bbox 155 1483 190 1535; x_wconf 84' lang='lat' dir='ltr'>ut</span> <span class='ocrx_word' id='word_1_210' title='bbox 200 1479 328 1549; x_wconf 79' lang='lat' dir='ltr'>inpressi</span> <span class='ocrx_word' id='word_1_211' title='bbox 335 1478 464 1549; x_wconf 75' lang='lat' dir='ltr'>fuissent</span> <span class='ocrx_word' id='word_1_212' title='bbox 473 1477 514 1534; x_wconf 85' lang='lat' dir='ltr'>ed</span> <span class='ocrx_word' id='word_1_213' title='bbox 523 1475 681 1548; x_wconf 70' lang='lat' dir='ltr'>eurntlolr.</span> <span class='ocrx_word' id='word_1_214' title='bbox 693 1479 745 1544; x_wconf 87' lang='lat' dir='ltr'>ru.)</span> <span class='ocrx_word' id='word_1_215' title='bbox 769 1476 841 1531; x_wconf 88' lang='lat' dir='ltr'>Sara</span> <span class='ocrx_word' id='word_1_216' title='bbox 863 1472 983 1529; x_wconf 89' lang='lat' dir='ltr'>turbam</span> <span class='ocrx_word' id='word_1_217' title='bbox 1038 1477 1132 1532; x_wconf 85' lang='lat' dir='ltr'>rnotri</span> <span class='ocrx_word' id='word_1_218' title='bbox 1144 1476 1246 1533; x_wconf 82' lang='lat' dir='ltr'>dicit:</span> <span class='ocrx_word' id='word_1_219' title='bbox 1266 1481 1293 1533; x_wconf 90' lang='lat' dir='ltr'>et</span> <span class='ocrx_word' id='word_1_220' title='bbox 1317 1476 1549 1534; x_wconf 82' lang='lat' dir='ltr'>ambulaverunt</span> <span class='ocrx_word' id='word_1_221' title='bbox 1572 1476 1657 1533; x_wconf 84' lang='lat' dir='ltr'>umbo</span> <span class='ocrx_word' id='word_1_222' title='bbox 1684 1477 1785 1534; x_wconf 72' lang='lat' dir='ltr'>umet.</span> <span class='ocrx_word' id='word_1_223' title='bbox 1810 1475 1865 1543; x_wconf 91' lang='lat' dir='ltr'>Sic,</span> 
     </span>
    </p>
   </div>
   <div class='ocr_carea' id='block_1_4' title="bbox 154 1561 1867 2533">
    <p class='ocr_par' dir='ltr' id='par_1_5' title="bbox 154 1561 1867 2533">
     <span class='ocr_line' id='line_1_17' title="bbox 155 1561 1865 1640; baseline -0.002 -15"><span class='ocrx_word' id='word_1_224' title='bbox 155 1567 313 1625; x_wconf 84' lang='lat' dir='ltr'>nationum</span> <span class='ocrx_word' id='word_1_225' title='bbox 328 1565 484 1640; x_wconf 89' lang='lat' dir='ltr'>significat,</span> <span class='ocrx_word' id='word_1_226' title='bbox 501 1566 588 1637; x_wconf 80' lang='lat' dir='ltr'>eujus</span> <span class='ocrx_word' id='word_1_227' title='bbox 602 1563 740 1621; x_wconf 89' lang='lat' dir='ltr'>doctores</span> <span class='ocrx_word' id='word_1_228' title='bbox 766 1561 865 1618; x_wconf 90' lang='lat' dir='ltr'>cuncti</span> <span class='ocrx_word' id='word_1_229' title='bbox 891 1561 983 1618; x_wconf 82' lang='lat' dir='ltr'>vitam</span> <span class='ocrx_word' id='word_1_230' title='bbox 998 1579 1019 1633; x_wconf 76' lang='lat' dir='ltr'>p</span> <span class='ocrx_word' id='word_1_231' title='bbox 1039 1569 1202 1638; x_wconf 70' lang='lat' dir='ltr'>apparente</span> <span class='ocrx_word' id='word_1_232' title='bbox 1217 1566 1355 1639; x_wconf 86' lang='lat' dir='ltr'>Domino,</span> <span class='ocrx_word' id='word_1_233' title='bbox 1381 1570 1487 1639; x_wconf 87' lang='lat' dir='ltr'>parata</span> <span class='ocrx_word' id='word_1_234' title='bbox 1502 1570 1572 1622; x_wconf 90' lang='lat' dir='ltr'>sunt</span> <span class='ocrx_word' id='word_1_235' title='bbox 1594 1565 1706 1634; x_wconf 90' lang='lat' dir='ltr'>omnia,</span> <span class='ocrx_word' id='word_1_236' title='bbox 1736 1582 1804 1640; x_wconf 76' lang='lat' dir='ltr'>quae</span> <span class='ocrx_word' id='word_1_237' title='bbox 1828 1566 1865 1622; x_wconf 90' lang='lat' dir='ltr'>ad</span> 
     </span>
     <span class='ocr_line' id='line_1_18' title="bbox 154 1651 1865 1729; baseline -0.002 -15"><span class='ocrx_word' id='word_1_238' title='bbox 154 1659 271 1715; x_wconf 87' lang='lat' dir='ltr'>tuntum</span> <span class='ocrx_word' id='word_1_239' title='bbox 284 1656 376 1729; x_wconf 88' lang='lat' dir='ltr'>hujus</span> <span class='ocrx_word' id='word_1_240' title='bbox 388 1653 488 1712; x_wconf 72' lang='lat' dir='ltr'>saeculi</span> <span class='ocrx_word' id='word_1_241' title='bbox 502 1654 581 1728; x_wconf 78' lang='lat' dir='ltr'>(qum</span> <span class='ocrx_word' id='word_1_242' title='bbox 596 1657 709 1725; x_wconf 87' lang='lat' dir='ltr'>septem</span> <span class='ocrx_word' id='word_1_243' title='bbox 729 1651 846 1707; x_wconf 91' lang='lat' dir='ltr'>dierum</span> <span class='ocrx_word' id='word_1_244' title='bbox 856 1666 984 1706; x_wconf 89' lang='lat' dir='ltr'>numero</span> <span class='ocrx_word' id='word_1_245' title='bbox 1039 1654 1275 1728; x_wconf 88' lang='lat' dir='ltr'>redemptionem</span> <span class='ocrx_word' id='word_1_246' title='bbox 1285 1657 1420 1714; x_wconf 85' lang='lat' dir='ltr'>nostiam</span> <span class='ocrx_word' id='word_1_247' title='bbox 1437 1660 1523 1713; x_wconf 86' lang='lat' dir='ltr'>erant</span> <span class='ocrx_word' id='word_1_248' title='bbox 1550 1655 1729 1725; x_wconf 88' lang='lat' dir='ltr'>necessaria,</span> <span class='ocrx_word' id='word_1_249' title='bbox 1756 1655 1865 1729; x_wconf 88' lang='lat' dir='ltr'>quibus</span> 
     </span>
     <span class='ocr_line' id='line_1_19' title="bbox 154 1741 1866 1820; baseline -0.002 -17"><span class='ocrx_word' id='word_1_250' title='bbox 154 1746 291 1820; x_wconf 86' lang='lat' dir='ltr'>volvitur)</span> <span class='ocrx_word' id='word_1_251' title='bbox 318 1750 472 1812; x_wconf 84' lang='lat' dir='ltr'>noverant,</span> <span class='ocrx_word' id='word_1_252' title='bbox 500 1748 643 1801; x_wconf 72' lang='lat' dir='ltr'>uternam</span> <span class='ocrx_word' id='word_1_253' title='bbox 665 1741 848 1798; x_wconf 88' lang='lat' dir='ltr'>nesciebant.</span> <span class='ocrx_word' id='word_1_254' title='bbox 875 1741 942 1797; x_wconf 89' lang='lat' dir='ltr'>ldeo</span> <span class='ocrx_word' id='word_1_255' title='bbox 966 1757 984 1797; x_wconf 87' lang='lat' dir='ltr'>a</span> <span class='ocrx_word' id='word_1_256' title='bbox 1040 1743 1176 1801; x_wconf 82' lang='lat' dir='ltr'>Ecclesiae</span> <span class='ocrx_word' id='word_1_257' title='bbox 1188 1743 1264 1802; x_wconf 91' lang='lat' dir='ltr'>fides</span> <span class='ocrx_word' id='word_1_258' title='bbox 1278 1745 1379 1802; x_wconf 88' lang='lat' dir='ltr'>etvita</span> <span class='ocrx_word' id='word_1_259' title='bbox 1392 1745 1540 1802; x_wconf 78' lang='lat' dir='ltr'>nutriatur</span> <span class='ocrx_word' id='word_1_260' title='bbox 1553 1748 1582 1801; x_wconf 92' lang='lat' dir='ltr'>et</span> <span class='ocrx_word' id='word_1_261' title='bbox 1596 1743 1799 1812; x_wconf 88' lang='lat' dir='ltr'>confirmetur,</span> <span class='ocrx_word' id='word_1_262' title='bbox 1817 1745 1866 1800; x_wconf 90' lang='lat' dir='ltr'>do-</span> 
     </span>
     <span class='ocr_line' id='line_1_20' title="bbox 155 1829 1865 1909; baseline -0.004 -15"><span class='ocrx_word' id='word_1_263' title='bbox 155 1836 277 1895; x_wconf 82' lang='lat' dir='ltr'>diabolo</span> <span class='ocrx_word' id='word_1_264' title='bbox 290 1836 377 1909; x_wconf 86' lang='lat' dir='ltr'>rapti,</span> <span class='ocrx_word' id='word_1_265' title='bbox 393 1834 479 1909; x_wconf 86' lang='lat' dir='ltr'>quasi</span> <span class='ocrx_word' id='word_1_266' title='bbox 494 1832 667 1891; x_wconf 76' lang='lat' dir='ltr'>idololatrias</span> <span class='ocrx_word' id='word_1_267' title='bbox 682 1831 846 1904; x_wconf 88' lang='lat' dir='ltr'>mancipati</span> <span class='ocrx_word' id='word_1_268' title='bbox 870 1829 984 1887; x_wconf 89' lang='lat' dir='ltr'>occide·</span> <span class='ocrx_word' id='word_1_269' title='bbox 1039 1849 1095 1889; x_wconf 90' lang='lat' dir='ltr'>nec</span> <span class='ocrx_word' id='word_1_270' title='bbox 1106 1834 1197 1906; x_wconf 89' lang='lat' dir='ltr'>hujus</span> <span class='ocrx_word' id='word_1_271' title='bbox 1213 1832 1312 1890; x_wconf 74' lang='lat' dir='ltr'>saeculi</span> <span class='ocrx_word' id='word_1_272' title='bbox 1324 1833 1371 1889; x_wconf 82' lang='lat' dir='ltr'>via</span> <span class='ocrx_word' id='word_1_273' title='bbox 1385 1833 1515 1902; x_wconf 87' lang='lat' dir='ltr'>finiatur,</span> <span class='ocrx_word' id='word_1_274' title='bbox 1532 1832 1563 1889; x_wconf 92' lang='lat' dir='ltr'>id</span> <span class='ocrx_word' id='word_1_275' title='bbox 1578 1837 1622 1890; x_wconf 90' lang='lat' dir='ltr'>est</span> <span class='ocrx_word' id='word_1_276' title='bbox 1642 1832 1775 1906; x_wconf 81' lang='lat' dir='ltr'>virtutes,</span> <span class='ocrx_word' id='word_1_277' title='bbox 1804 1833 1865 1904; x_wconf 73' lang='lat' dir='ltr'>cius</span> 
     </span>
     <span class='ocr_line' id='line_1_21' title="bbox 155 1919 1865 1998; baseline -0.005 -14"><span class='ocrx_word' id='word_1_278' title='bbox 155 1926 276 1998; x_wconf 83' lang='lat' dir='ltr'>bantur,</span> <span class='ocrx_word' id='word_1_279' title='bbox 306 1925 402 1982; x_wconf 91' lang='lat' dir='ltr'>donec</span> <span class='ocrx_word' id='word_1_280' title='bbox 429 1922 509 1980; x_wconf 87' lang='lat' dir='ltr'>venit</span> <span class='ocrx_word' id='word_1_281' title='bbox 530 1922 672 1989; x_wconf 88' lang='lat' dir='ltr'>Christus,</span> <span class='ocrx_word' id='word_1_282' title='bbox 682 1938 770 1978; x_wconf 86' lang='lat' dir='ltr'>verus</span> <span class='ocrx_word' id='word_1_283' title='bbox 785 1919 984 1994; x_wconf 86' lang='lat' dir='ltr'>sponsus,qui</span> <span class='ocrx_word' id='word_1_284' title='bbox 1040 1921 1186 1990; x_wconf 89' lang='lat' dir='ltr'>doctrina,</span> <span class='ocrx_word' id='word_1_285' title='bbox 1211 1921 1344 1990; x_wconf 89' lang='lat' dir='ltr'>tentatio,</span> <span class='ocrx_word' id='word_1_286' title='bbox 1371 1921 1482 1996; x_wconf 86' lang='lat' dir='ltr'>passio,</span> <span class='ocrx_word' id='word_1_287' title='bbox 1508 1921 1693 1988; x_wconf 88' lang='lat' dir='ltr'>resurrectio,</span> <span class='ocrx_word' id='word_1_288' title='bbox 1721 1920 1865 1989; x_wconf 82' lang='lat' dir='ltr'>ascensio,</span> 
     </span>
     <span class='ocr_line' id='line_1_22' title="bbox 155 2009 1866 2085; baseline -0.005 -11"><span class='ocrx_word' id='word_1_289' title='bbox 155 2031 223 2073; x_wconf 89' lang='lat' dir='ltr'>eam</span> <span class='ocrx_word' id='word_1_290' title='bbox 237 2013 338 2071; x_wconf 89' lang='lat' dir='ltr'>infide</span> <span class='ocrx_word' id='word_1_291' title='bbox 354 2012 411 2068; x_wconf 90' lang='lat' dir='ltr'>sibi</span> <span class='ocrx_word' id='word_1_292' title='bbox 423 2011 625 2085; x_wconf 87' lang='lat' dir='ltr'>desponsavit,</span> <span class='ocrx_word' id='word_1_293' title='bbox 642 2011 726 2067; x_wconf 92' lang='lat' dir='ltr'>hoste</span> <span class='ocrx_word' id='word_1_294' title='bbox 742 2014 892 2084; x_wconf 87' lang='lat' dir='ltr'>superato,</span> <span class='ocrx_word' id='word_1_295' title='bbox 909 2009 984 2067; x_wconf 90' lang='lat' dir='ltr'>siout</span> <span class='ocrx_word' id='word_1_296' title='bbox 1040 2011 1164 2085; x_wconf 86' lang='lat' dir='ltr'>Spiritus</span> <span class='ocrx_word' id='word_1_297' title='bbox 1177 2011 1397 2081; x_wconf 78' lang='lat' dir='ltr'>sanctimissiO,</span> <span class='ocrx_word' id='word_1_298' title='bbox 1410 2011 1486 2069; x_wconf 88' lang='lat' dir='ltr'>fides</span> <span class='ocrx_word' id='word_1_299' title='bbox 1507 2011 1702 2080; x_wconf 85' lang='lat' dir='ltr'>credentium,</span> <span class='ocrx_word' id='word_1_300' title='bbox 1731 2027 1866 2085; x_wconf 81' lang='lat' dir='ltr'>persecu·</span> 
     </span>
     <span class='ocr_line' id='line_1_23' title="bbox 155 2099 1867 2174; baseline -0.003 -14"><span class='ocrx_word' id='word_1_301' title='bbox 155 2103 261 2161; x_wconf 86' lang='lat' dir='ltr'>Tobias</span> <span class='ocrx_word' id='word_1_302' title='bbox 287 2103 401 2174; x_wconf 79' lang='lat' dir='ltr'>Seram,</span> <span class='ocrx_word' id='word_1_303' title='bbox 418 2100 537 2172; x_wconf 87' lang='lat' dir='ltr'>alligato</span> <span class='ocrx_word' id='word_1_304' title='bbox 552 2099 683 2168; x_wconf 88' lang='lat' dir='ltr'>diabolo,</span> <span class='ocrx_word' id='word_1_305' title='bbox 705 2103 850 2173; x_wconf 73' lang='lat' dir='ltr'>presente</span> <span class='ocrx_word' id='word_1_306' title='bbox 870 2103 899 2156; x_wconf 90' lang='lat' dir='ltr'>et</span> <span class='ocrx_word' id='word_1_307' title='bbox 917 2115 984 2156; x_wconf 81' lang='lat' dir='ltr'>coo</span> <span class='ocrx_word' id='word_1_308' title='bbox 1040 2099 1079 2157; x_wconf 92' lang='lat' dir='ltr'>tio</span> <span class='ocrx_word' id='word_1_309' title='bbox 1103 2099 1279 2158; x_wconf 88' lang='lat' dir='ltr'>infidelium.</span> <span class='ocrx_word' id='word_1_310' title='bbox 1302 2100 1351 2158; x_wconf 87' lang='lat' dir='ltr'>llis</span> <span class='ocrx_word' id='word_1_311' title='bbox 1376 2100 1407 2157; x_wconf 90' lang='lat' dir='ltr'>in</span> <span class='ocrx_word' id='word_1_312' title='bbox 1430 2101 1532 2157; x_wconf 84' lang='lat' dir='ltr'>ludaea</span> <span class='ocrx_word' id='word_1_313' title='bbox 1555 2100 1690 2174; x_wconf 65' lang='lat' dir='ltr'>peractis</span> <span class='ocrx_word' id='word_1_314' title='bbox 1720 2100 1867 2157; x_wconf 87' lang='lat' dir='ltr'>mediator</span> 
     </span>
     <span class='ocr_line' id='line_1_24' title="bbox 155 2187 1866 2265; baseline -0.002 -18"><span class='ocrx_word' id='word_1_315' title='bbox 155 2194 277 2265; x_wconf 84' lang='lat' dir='ltr'>perante</span> <span class='ocrx_word' id='word_1_316' title='bbox 290 2189 416 2260; x_wconf 81' lang='lat' dir='ltr'>engelo;</span> <span class='ocrx_word' id='word_1_317' title='bbox 431 2190 462 2246; x_wconf 93' lang='lat' dir='ltr'>in</span> <span class='ocrx_word' id='word_1_318' title='bbox 477 2205 539 2263; x_wconf 90' lang='lat' dir='ltr'>quo</span> <span class='ocrx_word' id='word_1_319' title='bbox 555 2188 713 2246; x_wconf 82' lang='lat' dir='ltr'>salvatoris</span> <span class='ocrx_word' id='word_1_320' title='bbox 734 2187 883 2258; x_wconf 87' lang='lat' dir='ltr'>divinitas,</span> <span class='ocrx_word' id='word_1_321' title='bbox 909 2187 985 2244; x_wconf 91' lang='lat' dir='ltr'>sicut</span> <span class='ocrx_word' id='word_1_322' title='bbox 1039 2187 1090 2244; x_wconf 86' lang='lat' dir='ltr'>ilci</span> <span class='ocrx_word' id='word_1_323' title='bbox 1104 2192 1133 2245; x_wconf 90' lang='lat' dir='ltr'>et</span> <span class='ocrx_word' id='word_1_324' title='bbox 1146 2189 1304 2246; x_wconf 90' lang='lat' dir='ltr'>hominum</span> <span class='ocrx_word' id='word_1_325' title='bbox 1315 2205 1369 2263; x_wconf 89' lang='lat' dir='ltr'>per</span> <span class='ocrx_word' id='word_1_326' title='bbox 1381 2189 1534 2264; x_wconf 88' lang='lat' dir='ltr'>apostolos</span> <span class='ocrx_word' id='word_1_327' title='bbox 1561 2189 1670 2246; x_wconf 68' lang='lat' dir='ltr'>ludaeis</span> <span class='ocrx_word' id='word_1_328' title='bbox 1697 2187 1866 2246; x_wconf 88' lang='lat' dir='ltr'>contribuli-</span> 
     </span>
     <span class='ocr_line' id='line_1_25' title="bbox 155 2275 1867 2354; baseline -0.003 -16"><span class='ocrx_word' id='word_1_329' title='bbox 155 2280 289 2338; x_wconf 85' lang='lat' dir='ltr'>inTobie</span> <span class='ocrx_word' id='word_1_330' title='bbox 317 2279 501 2350; x_wconf 85' lang='lat' dir='ltr'>significatur</span> <span class='ocrx_word' id='word_1_331' title='bbox 522 2278 704 2336; x_wconf 87' lang='lat' dir='ltr'>humanitas.</span> <span class='ocrx_word' id='word_1_332' title='bbox 733 2281 791 2334; x_wconf 92' lang='lat' dir='ltr'>Nec</span> <span class='ocrx_word' id='word_1_333' title='bbox 809 2277 983 2334; x_wconf 90' lang='lat' dir='ltr'>mirandum</span> <span class='ocrx_word' id='word_1_334' title='bbox 1037 2275 1095 2333; x_wconf 88' lang='lat' dir='ltr'>bus</span> <span class='ocrx_word' id='word_1_335' title='bbox 1109 2277 1180 2347; x_wconf 89' lang='lat' dir='ltr'>suis,</span> <span class='ocrx_word' id='word_1_336' title='bbox 1197 2282 1229 2335; x_wconf 90' lang='lat' dir='ltr'>ut</span> <span class='ocrx_word' id='word_1_337' title='bbox 1248 2278 1386 2349; x_wconf 86' lang='lat' dir='ltr'>gentibus</span> <span class='ocrx_word' id='word_1_338' title='bbox 1409 2278 1520 2350; x_wconf 88' lang='lat' dir='ltr'>gaudia</span> <span class='ocrx_word' id='word_1_339' title='bbox 1547 2295 1683 2354; x_wconf 76' lang='lat' dir='ltr'>supernis</span> <span class='ocrx_word' id='word_1_340' title='bbox 1712 2278 1816 2336; x_wconf 89' lang='lat' dir='ltr'>salutis</span> <span class='ocrx_word' id='word_1_341' title='bbox 1840 2280 1867 2334; x_wconf 90' lang='lat' dir='ltr'>et</span> 
     </span>
     <span class='ocr_line' id='line_1_26' title="bbox 154 2356 1866 2445; baseline -0.003 -17"><span class='ocrx_word' id='word_1_342' title='bbox 154 2370 238 2445; x_wconf 85' lang='lat' dir='ltr'>quod</span> <span class='ocrx_word' id='word_1_343' title='bbox 246 2370 388 2444; x_wconf 90' lang='lat' dir='ltr'>perduas</span> <span class='ocrx_word' id='word_1_344' title='bbox 402 2384 548 2442; x_wconf 88' lang='lat' dir='ltr'>personas</span> <span class='ocrx_word' id='word_1_345' title='bbox 559 2356 657 2439; x_wconf 74' lang='lat' dir='ltr'>angeli</span> <span class='ocrx_word' id='word_1_346' title='bbox 672 2371 701 2424; x_wconf 91' lang='lat' dir='ltr'>et</span> <span class='ocrx_word' id='word_1_347' title='bbox 719 2368 861 2436; x_wconf 91' lang='lat' dir='ltr'>hominis,</span> <span class='ocrx_word' id='word_1_348' title='bbox 888 2383 982 2425; x_wconf 89' lang='lat' dir='ltr'>unam</span> <span class='ocrx_word' id='word_1_349' title='bbox 1038 2367 1121 2439; x_wconf 90' lang='lat' dir='ltr'>pacis</span> <span class='ocrx_word' id='word_1_350' title='bbox 1136 2367 1318 2440; x_wconf 75' lang='lat' dir='ltr'>praedicavit,</span> <span class='ocrx_word' id='word_1_351' title='bbox 1336 2367 1424 2424; x_wconf 91' lang='lat' dir='ltr'>ethis</span> <span class='ocrx_word' id='word_1_352' title='bbox 1439 2368 1492 2442; x_wconf 88' lang='lat' dir='ltr'>qui</span> <span class='ocrx_word' id='word_1_353' title='bbox 1516 2368 1647 2441; x_wconf 87' lang='lat' dir='ltr'>credere,</span> <span class='ocrx_word' id='word_1_354' title='bbox 1676 2373 1704 2426; x_wconf 92' lang='lat' dir='ltr'>et</span> <span class='ocrx_word' id='word_1_355' title='bbox 1732 2367 1866 2443; x_wconf 85' lang='lat' dir='ltr'>accipere</span> 
     </span>
     <span class='ocr_line' id='line_1_27' title="bbox 155 2456 1866 2533; baseline -0.003 -14"><span class='ocrx_word' id='word_1_356' title='bbox 155 2460 259 2519; x_wconf 90' lang='lat' dir='ltr'>Christi</span> <span class='ocrx_word' id='word_1_357' title='bbox 269 2459 392 2531; x_wconf 88' lang='lat' dir='ltr'>figurari</span> <span class='ocrx_word' id='word_1_358' title='bbox 406 2474 567 2533; x_wconf 88' lang='lat' dir='ltr'>personam</span> <span class='ocrx_word' id='word_1_359' title='bbox 577 2458 725 2514; x_wconf 84' lang='lat' dir='ltr'>dicimus:</span> <span class='ocrx_word' id='word_1_360' title='bbox 741 2459 793 2533; x_wconf 93' lang='lat' dir='ltr'>qui</span> <span class='ocrx_word' id='word_1_361' title='bbox 808 2458 839 2514; x_wconf 92' lang='lat' dir='ltr'>in</span> <span class='ocrx_word' id='word_1_362' title='bbox 866 2457 983 2533; x_wconf 83' lang='lat' dir='ltr'>exposi-</span> <span class='ocrx_word' id='word_1_363' title='bbox 1037 2456 1180 2514; x_wconf 83' lang='lat' dir='ltr'>volebant</span> <span class='ocrx_word' id='word_1_364' title='bbox 1193 2473 1247 2530; x_wconf 89' lang='lat' dir='ltr'>per</span> <span class='ocrx_word' id='word_1_365' title='bbox 1262 2458 1395 2532; x_wconf 89' lang='lat' dir='ltr'>seipsum</span> <span class='ocrx_word' id='word_1_366' title='bbox 1407 2457 1540 2527; x_wconf 74' lang='lat' dir='ltr'>donarit,</span> <span class='ocrx_word' id='word_1_367' title='bbox 1557 2458 1639 2515; x_wconf 88' lang='lat' dir='ltr'>etsie</span> <span class='ocrx_word' id='word_1_368' title='bbox 1669 2475 1722 2532; x_wconf 89' lang='lat' dir='ltr'>per</span> <span class='ocrx_word' id='word_1_369' title='bbox 1747 2463 1866 2532; x_wconf 89' lang='lat' dir='ltr'>aposto·</span> 
     </span>
    </p>
   </div>
   <div class='ocr_carea' id='block_1_5' title="bbox 154 2547 983 2892">
    <p class='ocr_par' dir='ltr' id='par_1_6' title="bbox 154 2547 983 2892">
     <span class='ocr_line' id='line_1_28' title="bbox 154 2547 982 2621; baseline -0.006 -13"><span class='ocrx_word' id='word_1_370' title='bbox 154 2550 285 2608; x_wconf 89' lang='lat' dir='ltr'>tionibus</span> <span class='ocrx_word' id='word_1_371' title='bbox 298 2552 418 2607; x_wconf 82' lang='lat' dir='ltr'>Petrum</span> <span class='ocrx_word' id='word_1_372' title='bbox 427 2547 555 2620; x_wconf 89' lang='lat' dir='ltr'>legimus</span> <span class='ocrx_word' id='word_1_373' title='bbox 569 2564 663 2605; x_wconf 91' lang='lat' dir='ltr'>unam</span> <span class='ocrx_word' id='word_1_374' title='bbox 679 2564 841 2621; x_wconf 90' lang='lat' dir='ltr'>personam</span> <span class='ocrx_word' id='word_1_375' title='bbox 862 2548 927 2620; x_wconf 82' lang='lat' dir='ltr'>ejus</span> <span class='ocrx_word' id='word_1_376' title='bbox 951 2547 982 2603; x_wconf 91' lang='lat' dir='ltr'>in</span> 
     </span>
     <span class='ocr_line' id='line_1_29' title="bbox 155 2635 982 2710; baseline -0.006 -14"><span class='ocrx_word' id='word_1_377' title='bbox 155 2643 248 2710; x_wconf 88' lang='lat' dir='ltr'>isaac,</span> <span class='ocrx_word' id='word_1_378' title='bbox 263 2643 293 2696; x_wconf 87' lang='lat' dir='ltr'>et</span> <span class='ocrx_word' id='word_1_379' title='bbox 307 2637 411 2695; x_wconf 88' lang='lat' dir='ltr'>arictes</span> <span class='ocrx_word' id='word_1_380' title='bbox 421 2637 593 2710; x_wconf 85' lang='lat' dir='ltr'>figuratam,</span> <span class='ocrx_word' id='word_1_381' title='bbox 608 2635 661 2709; x_wconf 91' lang='lat' dir='ltr'>qui</span> <span class='ocrx_word' id='word_1_382' title='bbox 677 2635 708 2697; x_wconf 85' lang='lat' dir='ltr'>iu</span> <span class='ocrx_word' id='word_1_383' title='bbox 729 2635 914 2693; x_wconf 87' lang='lat' dir='ltr'>humanitate</span> <span class='ocrx_word' id='word_1_384' title='bbox 935 2651 982 2692; x_wconf 88' lang='lat' dir='ltr'>oc-</span> 
     </span>
     <span class='ocr_line' id='line_1_30' title="bbox 155 2725 983 2799; baseline -0.004 -14"><span class='ocrx_word' id='word_1_385' title='bbox 155 2727 263 2785; x_wconf 91' lang='lat' dir='ltr'>ciditur</span> <span class='ocrx_word' id='word_1_386' title='bbox 275 2731 309 2784; x_wconf 94' lang='lat' dir='ltr'>ut</span> <span class='ocrx_word' id='word_1_387' title='bbox 319 2726 394 2798; x_wconf 84' lang='lat' dir='ltr'>ovis,</span> <span class='ocrx_word' id='word_1_388' title='bbox 408 2725 438 2783; x_wconf 90' lang='lat' dir='ltr'>in</span> <span class='ocrx_word' id='word_1_389' title='bbox 456 2726 608 2784; x_wconf 89' lang='lat' dir='ltr'>divinitate</span> <span class='ocrx_word' id='word_1_390' title='bbox 632 2742 702 2783; x_wconf 93' lang='lat' dir='ltr'>cum</span> <span class='ocrx_word' id='word_1_391' title='bbox 722 2728 806 2784; x_wconf 88' lang='lat' dir='ltr'>Patre</span> <span class='ocrx_word' id='word_1_392' title='bbox 827 2729 983 2799; x_wconf 89' lang='lat' dir='ltr'>permanet</span> 
     </span>
     <span class='ocr_line' id='line_1_31' title="bbox 155 2814 982 2892; baseline -0.005 -17"><span class='ocrx_word' id='word_1_393' title='bbox 155 2815 356 2892; x_wconf 87' lang='lat' dir='ltr'>impassibilis,</span> <span class='ocrx_word' id='word_1_394' title='bbox 379 2816 454 2873; x_wconf 88' lang='lat' dir='ltr'>sieut</span> <span class='ocrx_word' id='word_1_395' title='bbox 476 2821 558 2874; x_wconf 89' lang='lat' dir='ltr'>lsaae</span> <span class='ocrx_word' id='word_1_396' title='bbox 586 2832 655 2873; x_wconf 91' lang='lat' dir='ltr'>cum</span> <span class='ocrx_word' id='word_1_397' title='bbox 678 2816 829 2873; x_wconf 82' lang='lat' dir='ltr'>Abraham</span> <span class='ocrx_word' id='word_1_398' title='bbox 855 2814 982 2872; x_wconf 91' lang='lat' dir='ltr'>domum</span> 
     </span>
    </p>
   </div>
   <div class='ocr_carea' id='block_1_6' title="bbox 105 2903 1017 2991">
    <p class='ocr_par' dir='ltr' id='par_1_7' title="bbox 105 2903 1017 2991">
     <span class='ocr_line' id='line_1_32' title="bbox 105 2903 1017 2991; baseline -0.01 -22"><span class='ocrx_word' id='word_1_399' title='bbox 105 2958 110 2969; x_wconf 80' lang='grc'>,</span> <span class='ocrx_word' id='word_1_400' title='bbox 155 2905 310 2964; x_wconf 82' lang='lat' dir='ltr'>revertitur</span> <span class='ocrx_word' id='word_1_401' title='bbox 320 2905 488 2964; x_wconf 90' lang='lat' dir='ltr'>incolumis.</span> <span class='ocrx_word' id='word_1_402' title='bbox 506 2907 534 2963; x_wconf 93' lang='lat' dir='ltr'>Si</span> <span class='ocrx_word' id='word_1_403' title='bbox 547 2906 655 2964; x_wconf 84' lang='lat' dir='ltr'>etenim</span> <span class='ocrx_word' id='word_1_404' title='bbox 671 2905 747 2962; x_wconf 89' lang='lat' dir='ltr'>aries</span> <span class='ocrx_word' id='word_1_405' title='bbox 762 2903 866 2962; x_wconf 87' lang='lat' dir='ltr'>Christi</span> <span class='ocrx_word' id='word_1_406' title='bbox 875 2904 1017 2991; x_wconf 71' lang='lat' dir='ltr'>huma-G</span> 
     </span>
    </p>
   </div>
   <div class='ocr_carea' id='block_1_7' title="bbox 121 2979 982 3604">
    <p class='ocr_par' dir='ltr' id='par_1_8' title="bbox 121 2979 982 3604">
     <span class='ocr_line' id='line_1_33' title="bbox 154 2979 982 3068; baseline -0.006 -13"><span class='ocrx_word' id='word_1_407' title='bbox 154 2979 288 3066; x_wconf 80' lang='lat' dir='ltr'>nitatem,</span> <span class='ocrx_word' id='word_1_408' title='bbox 330 3000 411 3054; x_wconf 89' lang='lat' dir='ltr'>isaac</span> <span class='ocrx_word' id='word_1_409' title='bbox 444 2995 592 3068; x_wconf 87' lang='lat' dir='ltr'>signifieat</span> <span class='ocrx_word' id='word_1_410' title='bbox 617 2994 819 3064; x_wconf 63' lang='lat' dir='ltr'>divinitatem</span> <span class='ocrx_word' id='word_1_411' title='bbox 848 3011 901 3050; x_wconf 90' lang='lat' dir='ltr'>cur</span> <span class='ocrx_word' id='word_1_412' title='bbox 919 3010 982 3051; x_wconf 92' lang='lat' dir='ltr'>non</span> 
     </span>
     <span class='ocr_line' id='line_1_34' title="bbox 156 3083 981 3168; baseline -0.005 -25"><span class='ocrx_word' id='word_1_413' title='bbox 156 3086 255 3160; x_wconf 88' lang='lat' dir='ltr'>aptius</span> <span class='ocrx_word' id='word_1_414' title='bbox 279 3087 371 3145; x_wconf 92' lang='lat' dir='ltr'>homo</span> <span class='ocrx_word' id='word_1_415' title='bbox 398 3086 626 3153; x_wconf 88' lang='lat' dir='ltr'>humanitatem,</span> <span class='ocrx_word' id='word_1_416' title='bbox 655 3084 780 3154; x_wconf 89' lang='lat' dir='ltr'>angelus</span> <span class='ocrx_word' id='word_1_417' title='bbox 814 3083 981 3168; x_wconf 79' lang='lat' dir='ltr'>bellatem‘l</span> 
     </span>
     <span class='ocr_line' id='line_1_35' title="bbox 155 3172 980 3243; baseline -0.001 -11"><span class='ocrx_word' id='word_1_418' title='bbox 155 3174 317 3234; x_wconf 72' lang='lat' dir='ltr'>Exaudite</span> <span class='ocrx_word' id='word_1_419' title='bbox 330 3181 400 3233; x_wconf 84' lang='lat' dir='ltr'>suut</span> <span class='ocrx_word' id='word_1_420' title='bbox 410 3177 558 3233; x_wconf 81' lang='lat' dir='ltr'>orationes</span> <span class='ocrx_word' id='word_1_421' title='bbox 573 3173 726 3231; x_wconf 84' lang='lat' dir='ltr'>amborum</span> <span class='ocrx_word' id='word_1_422' title='bbox 739 3172 834 3229; x_wconf 77' lang='lat' dir='ltr'>Tobiae</span> <span class='ocrx_word' id='word_1_423' title='bbox 844 3178 871 3230; x_wconf 88' lang='lat' dir='ltr'>et</span> <span class='ocrx_word' id='word_1_424' title='bbox 883 3173 980 3243; x_wconf 85' lang='lat' dir='ltr'>Saroe,</span> 
     </span>
     <span class='ocr_line' id='line_1_36' title="bbox 155 3264 982 3338; baseline -0.002 -17"><span class='ocrx_word' id='word_1_425' title='bbox 155 3266 355 3338; x_wconf 82' lang='lat' dir='ltr'>incomperta</span> <span class='ocrx_word' id='word_1_426' title='bbox 368 3268 473 3337; x_wconf 78' lang='lat' dir='ltr'>pteriae</span> <span class='ocrx_word' id='word_1_427' title='bbox 487 3265 595 3322; x_wconf 78' lang='lat' dir='ltr'>rumori</span> <span class='ocrx_word' id='word_1_428' title='bbox 607 3264 663 3320; x_wconf 88' lang='lat' dir='ltr'>Dei</span> <span class='ocrx_word' id='word_1_429' title='bbox 670 3278 681 3319; x_wconf 91' lang='grc'>.·</span> <span class='ocrx_word' id='word_1_430' title='bbox 693 3268 721 3319; x_wconf 88' lang='lat' dir='ltr'>et</span> <span class='ocrx_word' id='word_1_431' title='bbox 743 3264 849 3319; x_wconf 86' lang='lat' dir='ltr'>missus</span> <span class='ocrx_word' id='word_1_432' title='bbox 864 3268 906 3319; x_wconf 88' lang='lat' dir='ltr'>est</span> <span class='ocrx_word' id='word_1_433' title='bbox 930 3278 982 3320; x_wconf 87' lang='lat' dir='ltr'>on·</span> 
     </span>
     <span class='ocr_line' id='line_1_37' title="bbox 155 3351 981 3426; baseline -0.006 -13"><span class='ocrx_word' id='word_1_434' title='bbox 155 3357 240 3426; x_wconf 79' lang='lat' dir='ltr'>petus</span> <span class='ocrx_word' id='word_1_435' title='bbox 253 3355 401 3426; x_wconf 82' lang='lat' dir='ltr'>Ropbuet,</span> <span class='ocrx_word' id='word_1_436' title='bbox 417 3359 450 3410; x_wconf 88' lang='lat' dir='ltr'>ut</span> <span class='ocrx_word' id='word_1_437' title='bbox 462 3357 640 3411; x_wconf 85' lang='lat' dir='ltr'>curereteos</span> <span class='ocrx_word' id='word_1_438' title='bbox 655 3352 765 3408; x_wconf 78' lang='lat' dir='ltr'>umbos.</span> <span class='ocrx_word' id='word_1_439' title='bbox 782 3351 914 3425; x_wconf 85' lang='lat' dir='ltr'>Raphael</span> <span class='ocrx_word' id='word_1_440' title='bbox 937 3351 981 3408; x_wconf 90' lang='lat' dir='ltr'>in-</span> 
     </span>
     <span class='ocr_line' id='line_1_38' title="bbox 154 3440 980 3515; baseline -0.002 -16"><span class='ocrx_word' id='word_1_441' title='bbox 154 3447 330 3515; x_wconf 89' lang='lat' dir='ltr'>terpretatur</span> <span class='ocrx_word' id='word_1_442' title='bbox 341 3442 489 3499; x_wconf 81' lang='lat' dir='ltr'>medicina</span> <span class='ocrx_word' id='word_1_443' title='bbox 512 3441 576 3508; x_wconf 90' lang='lat' dir='ltr'>Dei,</span> <span class='ocrx_word' id='word_1_444' title='bbox 599 3445 628 3496; x_wconf 91' lang='lat' dir='ltr'>et</span> <span class='ocrx_word' id='word_1_445' title='bbox 651 3440 798 3511; x_wconf 86' lang='lat' dir='ltr'>significat</span> <span class='ocrx_word' id='word_1_446' title='bbox 821 3440 980 3509; x_wconf 84' lang='lat' dir='ltr'>Christum,</span> 
     </span>
     <span class='ocr_line' id='line_1_39' title="bbox 121 3513 979 3604; baseline -0.003 -17"><span class='ocrx_word' id='word_1_447' title='bbox 121 3513 129 3528; x_wconf 74' lang='grc'>’</span> <span class='ocrx_word' id='word_1_448' title='bbox 154 3529 206 3604; x_wconf 91' lang='lat' dir='ltr'>qui</span> <span class='ocrx_word' id='word_1_449' title='bbox 217 3529 256 3588; x_wconf 83' lang='lat' dir='ltr'>tle</span> <span class='ocrx_word' id='word_1_450' title='bbox 268 3529 366 3602; x_wconf 89' lang='lat' dir='ltr'>scipso</span> <span class='ocrx_word' id='word_1_451' title='bbox 380 3529 436 3584; x_wconf 86' lang='lat' dir='ltr'>ait:</span> <span class='ocrx_word' id='word_1_452' title='bbox 452 3529 520 3584; x_wconf 83' lang='lat' dir='ltr'>Nou</span> <span class='ocrx_word' id='word_1_453' title='bbox 530 3533 572 3584; x_wconf 86' lang='lat' dir='ltr'>est</span> <span class='ocrx_word' id='word_1_454' title='bbox 587 3543 661 3598; x_wconf 86' lang='lat' dir='ltr'>opus</span> <span class='ocrx_word' id='word_1_455' title='bbox 674 3528 841 3585; x_wconf 67' lang='lat' dir='ltr'>vabntibus</span> <span class='ocrx_word' id='word_1_456' title='bbox 858 3530 979 3596; x_wconf 84' lang='lat' dir='ltr'>medico,</span> 
     </span>
    </p>
   </div>
   <div class='ocr_carea' id='block_1_8' title="bbox 1037 2545 1584 2620">
    <p class='ocr_par' dir='ltr' id='par_1_9' title="bbox 1037 2545 1584 2620">
     <span class='ocr_line' id='line_1_40' title="bbox 1037 2545 1584 2620; baseline 0.004 -19"><span class='ocrx_word' id='word_1_457' title='bbox 1037 2545 1082 2602; x_wconf 92' lang='lat' dir='ltr'>los</span> <span class='ocrx_word' id='word_1_458' title='bbox 1097 2546 1136 2603; x_wconf 94' lang='lat' dir='ltr'>ad</span> <span class='ocrx_word' id='word_1_459' title='bbox 1151 2545 1278 2603; x_wconf 87' lang='lat' dir='ltr'>salutem</span> <span class='ocrx_word' id='word_1_460' title='bbox 1293 2548 1426 2618; x_wconf 89' lang='lat' dir='ltr'>gentium</span> <span class='ocrx_word' id='word_1_461' title='bbox 1443 2546 1584 2620; x_wconf 78' lang='lat' dir='ltr'>pervenit.</span> 
     </span>
    </p>
   </div>
   <div class='ocr_carea' id='block_1_9' title="bbox 1035 2710 1868 3589">
    <p class='ocr_par' dir='ltr' id='par_1_10' title="bbox 1035 2710 1868 3589">
     <span class='ocr_line' id='line_1_41' title="bbox 1073 2710 1866 2783; baseline 0.003 -17"><span class='ocrx_word' id='word_1_462' title='bbox 1073 2710 1232 2780; x_wconf 76' lang='lat' dir='ltr'>Profectus</span> <span class='ocrx_word' id='word_1_463' title='bbox 1248 2715 1291 2767; x_wconf 86' lang='lat' dir='ltr'>cst</span> <span class='ocrx_word' id='word_1_464' title='bbox 1304 2710 1418 2783; x_wconf 81' lang='lat' dir='ltr'>Totius,</span> <span class='ocrx_word' id='word_1_465' title='bbox 1435 2715 1463 2768; x_wconf 90' lang='lat' dir='ltr'>et</span> <span class='ocrx_word' id='word_1_466' title='bbox 1481 2712 1565 2768; x_wconf 85' lang='lat' dir='ltr'>conis</span> <span class='ocrx_word' id='word_1_467' title='bbox 1590 2716 1707 2767; x_wconf 83' lang='lat' dir='ltr'>secutus</span> <span class='ocrx_word' id='word_1_468' title='bbox 1730 2717 1773 2768; x_wconf 87' lang='lat' dir='ltr'>cst</span> <span class='ocrx_word' id='word_1_469' title='bbox 1801 2727 1866 2769; x_wconf 87' lang='lat' dir='ltr'>eum</span> 
     </span>
     <span class='ocr_line' id='line_1_42' title="bbox 1037 2798 1867 2873; baseline 0.004 -18"><span class='ocrx_word' id='word_1_470' title='bbox 1037 2798 1120 2871; x_wconf 79' lang='lat' dir='ltr'>(Tot.</span> <span class='ocrx_word' id='word_1_471' title='bbox 1135 2799 1183 2871; x_wconf 83' lang='lat' dir='ltr'>vr).</span> <span class='ocrx_word' id='word_1_472' title='bbox 1198 2799 1245 2857; x_wconf 92' lang='lat' dir='ltr'>Sic</span> <span class='ocrx_word' id='word_1_473' title='bbox 1260 2799 1387 2857; x_wconf 84' lang='lat' dir='ltr'>Domino</span> <span class='ocrx_word' id='word_1_474' title='bbox 1398 2800 1534 2858; x_wconf 85' lang='lat' dir='ltr'>veniente</span> <span class='ocrx_word' id='word_1_475' title='bbox 1550 2800 1589 2857; x_wconf 91' lang='lat' dir='ltr'>ad</span> <span class='ocrx_word' id='word_1_476' title='bbox 1608 2799 1770 2857; x_wconf 87' lang='lat' dir='ltr'>salvandas</span> <span class='ocrx_word' id='word_1_477' title='bbox 1798 2818 1867 2873; x_wconf 89' lang='lat' dir='ltr'>gen-</span> 
     </span>
     <span class='ocr_line' id='line_1_43' title="bbox 1037 2888 1868 2964; baseline 0.004 -20"><span class='ocrx_word' id='word_1_478' title='bbox 1037 2891 1091 2957; x_wconf 88' lang='lat' dir='ltr'>tes,</span> <span class='ocrx_word' id='word_1_479' title='bbox 1104 2889 1314 2962; x_wconf 86' lang='lat' dir='ltr'>praedicatores</span> <span class='ocrx_word' id='word_1_480' title='bbox 1325 2888 1451 2960; x_wconf 87' lang='lat' dir='ltr'>vestigia</span> <span class='ocrx_word' id='word_1_481' title='bbox 1474 2890 1540 2961; x_wconf 76' lang='lat' dir='ltr'>eJus</span> <span class='ocrx_word' id='word_1_482' title='bbox 1566 2890 1658 2947; x_wconf 88' lang='lat' dir='ltr'>secuti</span> <span class='ocrx_word' id='word_1_483' title='bbox 1686 2894 1765 2959; x_wconf 90' lang='lat' dir='ltr'>sunt,</span> <span class='ocrx_word' id='word_1_484' title='bbox 1795 2889 1868 2964; x_wconf 89' lang='lat' dir='ltr'>quia</span> 
     </span>
     <span class='ocr_line' id='line_1_44' title="bbox 1037 2978 1867 3053; baseline 0.004 -19"><span class='ocrx_word' id='word_1_485' title='bbox 1037 2978 1120 3051; x_wconf 90' lang='lat' dir='ltr'>quod</span> <span class='ocrx_word' id='word_1_486' title='bbox 1132 2978 1220 3050; x_wconf 85' lang='lat' dir='ltr'>jussit</span> <span class='ocrx_word' id='word_1_487' title='bbox 1234 2978 1440 3052; x_wconf 80' lang='lat' dir='ltr'>impleverunt.</span> <span class='ocrx_word' id='word_1_488' title='bbox 1455 2979 1538 3037; x_wconf 91' lang='lat' dir='ltr'>Unde</span> <span class='ocrx_word' id='word_1_489' title='bbox 1549 2979 1692 3053; x_wconf 88' lang='lat' dir='ltr'>scriptum</span> <span class='ocrx_word' id='word_1_490' title='bbox 1708 2985 1767 3037; x_wconf 90' lang='lat' dir='ltr'>cst:</span> <span class='ocrx_word' id='word_1_491' title='bbox 1784 2981 1867 3037; x_wconf 84' lang='lat' dir='ltr'>Eun-</span> 
     </span>
     <span class='ocr_line' id='line_1_45' title="bbox 1037 3068 1868 3142; baseline 0.005 -18"><span class='ocrx_word' id='word_1_492' title='bbox 1037 3074 1089 3141; x_wconf 87' lang='lat' dir='ltr'>tes‚</span> <span class='ocrx_word' id='word_1_493' title='bbox 1102 3068 1202 3126; x_wconf 87' lang='lat' dir='ltr'>docete</span> <span class='ocrx_word' id='word_1_494' title='bbox 1216 3084 1315 3126; x_wconf 87' lang='lat' dir='ltr'>omues</span> <span class='ocrx_word' id='word_1_495' title='bbox 1326 3074 1437 3142; x_wconf 74' lang='lat' dir='ltr'>pentes,</span> <span class='ocrx_word' id='word_1_496' title='bbox 1454 3069 1638 3141; x_wconf 81' lang='lat' dir='ltr'>baptizantes</span> <span class='ocrx_word' id='word_1_497' title='bbox 1652 3086 1698 3128; x_wconf 89' lang='lat' dir='ltr'>eos</span> <span class='ocrx_word' id='word_1_498' title='bbox 1709 3072 1739 3128; x_wconf 83' lang='lat' dir='ltr'>irc</span> <span class='ocrx_word' id='word_1_499' title='bbox 1748 3073 1868 3128; x_wconf 81' lang='lat' dir='ltr'>nomiae</span> 
     </span>
     <span class='ocr_line' id='line_1_46' title="bbox 1036 3159 1865 3231; baseline 0.004 -16"><span class='ocrx_word' id='word_1_500' title='bbox 1036 3160 1139 3215; x_wconf 85' lang='lat' dir='ltr'>Putris</span> <span class='ocrx_word' id='word_1_501' title='bbox 1153 3163 1180 3216; x_wconf 86' lang='lat' dir='ltr'>et</span> <span class='ocrx_word' id='word_1_502' title='bbox 1190 3159 1265 3215; x_wconf 86' lang='lat' dir='ltr'>Filii</span> <span class='ocrx_word' id='word_1_503' title='bbox 1280 3165 1307 3216; x_wconf 91' lang='lat' dir='ltr'>et</span> <span class='ocrx_word' id='word_1_504' title='bbox 1333 3159 1465 3230; x_wconf 77' lang='lat' dir='ltr'>Spiritus</span> <span class='ocrx_word' id='word_1_505' title='bbox 1490 3162 1589 3216; x_wconf 83' lang='lat' dir='ltr'>saucii</span> <span class='ocrx_word' id='word_1_506' title='bbox 1611 3160 1730 3227; x_wconf 72' lang='lat' dir='ltr'>(Metili.</span> <span class='ocrx_word' id='word_1_507' title='bbox 1756 3162 1865 3231; x_wconf 74' lang='lat' dir='ltr'>xxiiii).</span> 
     </span>
     <span class='ocr_line' id='line_1_47' title="bbox 1035 3236 1866 3323; baseline 0.001 -20"><span class='ocrx_word' id='word_1_508' title='bbox 1035 3249 1164 3304; x_wconf 88' lang='lat' dir='ltr'>Domum</span> <span class='ocrx_word' id='word_1_509' title='bbox 1179 3264 1301 3321; x_wconf 90' lang='lat' dir='ltr'>quoque</span> <span class='ocrx_word' id='word_1_510' title='bbox 1318 3246 1443 3305; x_wconf 90' lang='lat' dir='ltr'>Cornelii</span> <span class='ocrx_word' id='word_1_511' title='bbox 1456 3247 1554 3321; x_wconf 92' lang='lat' dir='ltr'>primo</span> <span class='ocrx_word' id='word_1_512' title='bbox 1570 3236 1634 3321; x_wconf 88' lang='lat' dir='ltr'>ipse</span> <span class='ocrx_word' id='word_1_513' title='bbox 1649 3248 1795 3305; x_wconf 87' lang='lat' dir='ltr'>Dominus</span> <span class='ocrx_word' id='word_1_514' title='bbox 1812 3266 1866 3323; x_wconf 89' lang='lat' dir='ltr'>per</span> 
     </span>
     <span class='ocr_line' id='line_1_48' title="bbox 1037 3335 1866 3410; baseline 0.002 -19"><span class='ocrx_word' id='word_1_515' title='bbox 1037 3350 1068 3391; x_wconf 93' lang='lat' dir='ltr'>se</span> <span class='ocrx_word' id='word_1_516' title='bbox 1082 3335 1216 3409; x_wconf 87' lang='lat' dir='ltr'>implevit</span> <span class='ocrx_word' id='word_1_517' title='bbox 1233 3335 1341 3410; x_wconf 89' lang='lat' dir='ltr'>Spiritu</span> <span class='ocrx_word' id='word_1_518' title='bbox 1354 3340 1467 3404; x_wconf 86' lang='lat' dir='ltr'>sancto,</span> <span class='ocrx_word' id='word_1_519' title='bbox 1484 3341 1511 3392; x_wconf 89' lang='lat' dir='ltr'>et</span> <span class='ocrx_word' id='word_1_520' title='bbox 1522 3335 1564 3392; x_wconf 91' lang='lat' dir='ltr'>sic</span> <span class='ocrx_word' id='word_1_521' title='bbox 1577 3353 1647 3393; x_wconf 92' lang='lat' dir='ltr'>eum</span> <span class='ocrx_word' id='word_1_522' title='bbox 1663 3340 1763 3393; x_wconf 87' lang='lat' dir='ltr'>Petrus</span> <span class='ocrx_word' id='word_1_523' title='bbox 1786 3354 1866 3410; x_wconf 86' lang='lat' dir='ltr'>aqua</span> 
     </span>
     <span class='ocr_line' id='line_1_49' title="bbox 1036 3425 1863 3500; baseline 0.001 -19"><span class='ocrx_word' id='word_1_524' title='bbox 1036 3425 1167 3499; x_wconf 88' lang='lat' dir='ltr'>perfudit</span> <span class='ocrx_word' id='word_1_525' title='bbox 1185 3425 1264 3494; x_wconf 83' lang='lat' dir='ltr'>(Act.</span> <span class='ocrx_word' id='word_1_526' title='bbox 1280 3428 1321 3495; x_wconf 82' lang='lat' dir='ltr'>x).</span> <span class='ocrx_word' id='word_1_527' title='bbox 1349 3428 1444 3482; x_wconf 91' lang='lat' dir='ltr'>Canes</span> <span class='ocrx_word' id='word_1_528' title='bbox 1469 3430 1616 3483; x_wconf 90' lang='lat' dir='ltr'>vocantur</span> <span class='ocrx_word' id='word_1_529' title='bbox 1640 3426 1863 3500; x_wconf 69' lang='lat' dir='ltr'>praedicatores,</span> 
     </span>
     <span class='ocr_line' id='line_1_50' title="bbox 1036 3514 1865 3589; baseline 0 -18"><span class='ocrx_word' id='word_1_530' title='bbox 1036 3514 1108 3588; x_wconf 87' lang='lat' dir='ltr'>quia</span> <span class='ocrx_word' id='word_1_531' title='bbox 1121 3514 1171 3571; x_wconf 87' lang='lat' dir='ltr'>Dei</span> <span class='ocrx_word' id='word_1_532' title='bbox 1186 3517 1324 3582; x_wconf 85' lang='lat' dir='ltr'>Domum,</span> <span class='ocrx_word' id='word_1_533' title='bbox 1341 3518 1370 3570; x_wconf 90' lang='lat' dir='ltr'>et</span> <span class='ocrx_word' id='word_1_534' title='bbox 1383 3515 1447 3585; x_wconf 91' lang='lat' dir='ltr'>ejus</span> <span class='ocrx_word' id='word_1_535' title='bbox 1463 3515 1670 3584; x_wconf 88' lang='lat' dir='ltr'>substantiam,</span> <span class='ocrx_word' id='word_1_536' title='bbox 1681 3520 1708 3572; x_wconf 90' lang='lat' dir='ltr'>et</span> <span class='ocrx_word' id='word_1_537' title='bbox 1723 3532 1795 3571; x_wconf 81' lang='lat' dir='ltr'>oves</span> <span class='ocrx_word' id='word_1_538' title='bbox 1808 3515 1865 3589; x_wconf 85' lang='lat' dir='ltr'>spi-</span> 
     </span>
    </p>
   </div>
   <div class='ocr_carea' id='block_1_10' title="bbox 151 3601 1865 3778">
    <p class='ocr_par' dir='ltr' id='par_1_11' title="bbox 151 3601 1865 3778">
     <span class='ocr_line' id='line_1_51' title="bbox 153 3601 1865 3692; baseline 0 -34"><span class='ocrx_word' id='word_1_539' title='bbox 153 3621 206 3677; x_wconf 61' lang='lat' dir='ltr'>sed</span> <span class='ocrx_word' id='word_1_540' title='bbox 216 3620 295 3676; x_wconf 68' lang='lat' dir='ltr'>map-</span> <span class='ocrx_word' id='word_1_541' title='bbox 306 3617 482 3675; x_wconf 59' lang='lat' dir='ltr'>pubentibus</span> <span class='ocrx_word' id='word_1_542' title='bbox 493 3617 613 3685; x_wconf 57' lang='lat' dir='ltr'>(paup,</span> <span class='ocrx_word' id='word_1_543' title='bbox 625 3618 684 3691; x_wconf 57' lang='lat'>„03</span> <span class='ocrx_word' id='word_1_544' title='bbox 706 3617 759 3691; x_wconf 66' lang='lat' dir='ltr'>qui</span> <span class='ocrx_word' id='word_1_545' title='bbox 782 3623 811 3675; x_wconf 64' lang='lat' dir='ltr'>et</span> <span class='ocrx_word' id='word_1_546' title='bbox 832 3618 980 3692; x_wconf 72' lang='lat' dir='ltr'>populum</span> <span class='ocrx_word' id='word_1_547' title='bbox 1035 3601 1155 3658; x_wconf 88' lang='lat' dir='ltr'>rituales</span> <span class='ocrx_word' id='word_1_548' title='bbox 1169 3618 1188 3658; x_wconf 92' lang='lat' dir='ltr'>a</span> <span class='ocrx_word' id='word_1_549' title='bbox 1201 3601 1317 3657; x_wconf 88' lang='lat' dir='ltr'>iuribus</span> <span class='ocrx_word' id='word_1_550' title='bbox 1330 3601 1506 3658; x_wconf 89' lang='lat' dir='ltr'>bestialibus</span> <span class='ocrx_word' id='word_1_551' title='bbox 1516 3601 1677 3676; x_wconf 86' lang='lat' dir='ltr'>spiritibus,</span> <span class='ocrx_word' id='word_1_552' title='bbox 1685 3603 1865 3660; x_wconf 65' lang='lat' dir='ltr'>ethaei-elicis</span> 
     </span>
     <span class='ocr_line' id='line_1_52' title="bbox 151 3689 1865 3778; baseline -0.01 -12"><span class='ocrx_word' id='word_1_553' title='bbox 151 3706 309 3766; x_wconf 87' lang='lat' dir='ltr'>ludaicum</span> <span class='ocrx_word' id='word_1_554' title='bbox 323 3705 482 3764; x_wconf 88' lang='lat' dir='ltr'>utenebris</span> <span class='ocrx_word' id='word_1_555' title='bbox 498 3704 641 3778; x_wconf 80' lang='lat' dir='ltr'>perfidie,</span> <span class='ocrx_word' id='word_1_556' title='bbox 662 3711 691 3763; x_wconf 92' lang='lat' dir='ltr'>et</span> <span class='ocrx_word' id='word_1_557' title='bbox 718 3706 857 3777; x_wconf 78' lang='lat' dir='ltr'>gentilem</span> <span class='ocrx_word' id='word_1_558' title='bbox 876 3707 982 3765; x_wconf 68' lang='lat' dir='ltr'>libem.</span> <span class='ocrx_word' id='word_1_559' title='bbox 1036 3689 1209 3748; x_wconf 89' lang='lat' dir='ltr'>delendunt.</span> <span class='ocrx_word' id='word_1_560' title='bbox 1225 3690 1384 3759; x_wconf 77' lang='lat' dir='ltr'>Profectus</span> <span class='ocrx_word' id='word_1_561' title='bbox 1399 3695 1443 3748; x_wconf 80' lang='lat' dir='ltr'>est</span> <span class='ocrx_word' id='word_1_562' title='bbox 1461 3690 1575 3764; x_wconf 82' lang='lat' dir='ltr'>Tobios,</span> <span class='ocrx_word' id='word_1_563' title='bbox 1598 3698 1625 3748; x_wconf 91' lang='lat' dir='ltr'>et</span> <span class='ocrx_word' id='word_1_564' title='bbox 1645 3694 1757 3749; x_wconf 82' lang='lat' dir='ltr'>mansit</span> <span class='ocrx_word' id='word_1_565' title='bbox 1770 3695 1865 3763; x_wconf 79' lang='lat' dir='ltr'>jueta</span> 
     </span>
    </p>
   </div>
   <div class='ocr_carea' id='block_1_11' title="bbox 152 3779 1865 3958">
    <p class='ocr_par' dir='ltr' id='par_1_12' title="bbox 152 3779 1865 3958">
     <span class='ocr_line' id='line_1_53' title="bbox 152 3779 1864 3869; baseline -0.005 -14"><span class='ocrx_word' id='word_1_566' title='bbox 152 3797 193 3855; x_wconf 84' lang='lat' dir='ltr'>vit</span> <span class='ocrx_word' id='word_1_567' title='bbox 219 3797 259 3855; x_wconf 88' lang='lat' dir='ltr'>ab</span> <span class='ocrx_word' id='word_1_568' title='bbox 283 3794 456 3854; x_wconf 76' lang='lat' dir='ltr'>idololatriae</span> <span class='ocrx_word' id='word_1_569' title='bbox 479 3794 628 3867; x_wconf 86' lang='lat' dir='ltr'>servitute,</span> <span class='ocrx_word' id='word_1_570' title='bbox 658 3794 695 3851; x_wconf 90' lang='lat' dir='ltr'>de</span> <span class='ocrx_word' id='word_1_571' title='bbox 733 3811 795 3869; x_wconf 90' lang='lat' dir='ltr'>quo</span> <span class='ocrx_word' id='word_1_572' title='bbox 837 3795 980 3869; x_wconf 92' lang='lat' dir='ltr'>scriptum</span> <span class='ocrx_word' id='word_1_573' title='bbox 1034 3781 1160 3849; x_wconf 63' lang='lat' dir='ltr'>fluvium</span> <span class='ocrx_word' id='word_1_574' title='bbox 1175 3781 1225 3836; x_wconf 59' lang='grc' dir='ltr'>Μ’</span> <span class='ocrx_word' id='word_1_575' title='bbox 1237 3795 1344 3837; x_wconf 63' lang='lat' dir='ltr'><strong><em>”Omen</em></strong></span> <span class='ocrx_word' id='word_1_576' title='bbox 1356 3780 1381 3833; x_wconf 81' lang='grc' dir='ltr'><em>Τ</em></span> <span class='ocrx_word' id='word_1_577' title='bbox 1380 3780 1453 3851; x_wconf 81' lang='lat' dir='ltr'>ipris</span> <span class='ocrx_word' id='word_1_578' title='bbox 1466 3795 1478 3849; x_wconf 68' lang='grc' dir='ltr'><em>ἰ</em></span> <span class='ocrx_word' id='word_1_579' title='bbox 1492 3784 1520 3836; x_wconf 73' lang='grc' dir='ltr'>θῖ</span> <span class='ocrx_word' id='word_1_580' title='bbox 1532 3779 1663 3838; x_wconf 70' lang='lat' dir='ltr'>Christus</span> <span class='ocrx_word' id='word_1_581' title='bbox 1683 3780 1809 3838; x_wconf 68' lang='lat' dir='ltr'>leniens</span> <span class='ocrx_word' id='word_1_582' title='bbox 1835 3782 1864 3837; x_wconf 78' lang='lat' dir='ltr'>in</span> 
     </span>
     <span class='ocr_line' id='line_1_54' title="bbox 153 3870 1865 3958; baseline -0.002 -15"><span class='ocrx_word' id='word_1_583' title='bbox 153 3889 217 3942; x_wconf 89' lang='lat' dir='ltr'>est:</span> <span class='ocrx_word' id='word_1_584' title='bbox 251 3885 410 3943; x_wconf 82' lang='lat' dir='ltr'>Vocabitur</span> <span class='ocrx_word' id='word_1_585' title='bbox 423 3897 530 3939; x_wconf 82' lang='lat' dir='ltr'>nomeu</span> <span class='ocrx_word' id='word_1_586' title='bbox 544 3885 608 3954; x_wconf 83' lang='lat' dir='ltr'>ejttt</span> <span class='ocrx_word' id='word_1_587' title='bbox 623 3885 981 3958; x_wconf 73' lang='lat' dir='ltr'>moguiconsitiiunpetur</span> <span class='ocrx_word' id='word_1_588' title='bbox 1036 3870 1539 3944; x_wconf 58' lang='lat' dir='ltr'>mundumrmaflsstt&#39;ffiiiflssl&#39;illm</span> <span class='ocrx_word' id='word_1_589' title='bbox 1552 3872 1748 3930; x_wconf 69' lang='lat' dir='ltr'>m⁰r1³lil³tis-</span> <span class='ocrx_word' id='word_1_590' title='bbox 1760 3874 1865 3932; x_wconf 63' lang='lat' dir='ltr'>Exivi</span> 
     </span>
    </p>
   </div>
   <div class='ocr_carea' id='block_1_12' title="bbox 153 3962 1864 4926">
    <p class='ocr_par' dir='ltr' id='par_1_13' title="bbox 153 3962 1864 4044">
     <span class='ocr_line' id='line_1_55' title="bbox 153 3962 1864 4044; baseline -0.004 -15"><span class='ocrx_word' id='word_1_591' title='bbox 153 3972 295 4044; x_wconf 77' lang='lat' dir='ltr'>(isnin).</span> <span class='ocrx_word' id='word_1_592' title='bbox 1039 3962 1154 4032; x_wconf 81' lang='lat' dir='ltr'>Totius,</span> <span class='ocrx_word' id='word_1_593' title='bbox 1165 3967 1199 4017; x_wconf 93' lang='lat' dir='ltr'>ut</span> <span class='ocrx_word' id='word_1_594' title='bbox 1214 3963 1330 4020; x_wconf 83' lang='lat' dir='ltr'>tereret</span> <span class='ocrx_word' id='word_1_595' title='bbox 1336 3962 1427 4033; x_wconf 86' lang='lat' dir='ltr'>pedes</span> <span class='ocrx_word' id='word_1_596' title='bbox 1437 3978 1505 4020; x_wconf 82' lang='lat' dir='ltr'>suos</span> <span class='ocrx_word' id='word_1_597' title='bbox 1519 3979 1531 4020; x_wconf 90' lang='lat'>.·</span> <span class='ocrx_word' id='word_1_598' title='bbox 1544 3966 1573 4020; x_wconf 92' lang='lat' dir='ltr'>et</span> <span class='ocrx_word' id='word_1_599' title='bbox 1585 3963 1717 4021; x_wconf 90' lang='lat' dir='ltr'>Christus</span> <span class='ocrx_word' id='word_1_600' title='bbox 1746 3963 1864 4022; x_wconf 82' lang='lat' dir='ltr'>exivita</span> 
     </span>
    </p>

    <p class='ocr_par' dir='ltr' id='par_1_14' title="bbox 187 4049 1863 4926">
     <span class='ocr_line' id='line_1_56' title="bbox 187 4049 1863 4153; baseline 0.004 -50"><span class='ocrx_word' id='word_1_601' title='bbox 187 4078 342 4150; x_wconf 58' lang='lat' dir='ltr'>Apparuit</span> <span class='ocrx_word' id='word_1_602' title='bbox 355 4079 480 4150; x_wconf 50' lang='lat' dir='ltr'><strong><em>‘moetus</em></strong></span> <span class='ocrx_word' id='word_1_603' title='bbox 499 4077 604 4153; x_wconf 45' lang='lat' dir='ltr'>720&amp;ae,</span> <span class='ocrx_word' id='word_1_604' title='bbox 629 4085 656 4137; x_wconf 57' lang='lat' dir='ltr'>el</span> <span class='ocrx_word' id='word_1_605' title='bbox 675 4081 785 4137; x_wconf 59' lang='lat' dir='ltr'><em>socium</em></span> <span class='ocrx_word' id='word_1_606' title='bbox 805 4096 836 4138; x_wconf 62' lang='lat'>33</span> <span class='ocrx_word' id='word_1_607' title='bbox 849 4081 980 4153; x_wconf 50' lang='lat' dir='ltr'>mgna</span> <span class='ocrx_word' id='word_1_608' title='bbox 1033 4054 1127 4124; x_wconf 85' lang='lat' dir='ltr'>Patre,</span> <span class='ocrx_word' id='word_1_609' title='bbox 1143 4053 1177 4106; x_wconf 92' lang='lat' dir='ltr'>ut</span> <span class='ocrx_word' id='word_1_610' title='bbox 1190 4065 1209 4106; x_wconf 89' lang='lat' dir='ltr'>a</span> <span class='ocrx_word' id='word_1_611' title='bbox 1222 4049 1361 4107; x_wconf 86' lang='lat' dir='ltr'>sordibus</span> <span class='ocrx_word' id='word_1_612' title='bbox 1381 4054 1574 4124; x_wconf 87' lang='lat' dir='ltr'>peccatorum</span> <span class='ocrx_word' id='word_1_613' title='bbox 1597 4051 1732 4109; x_wconf 87' lang='lat' dir='ltr'>ablueret</span> <span class='ocrx_word' id='word_1_614' title='bbox 1755 4052 1863 4110; x_wconf 88' lang='lat' dir='ltr'>electos</span> 
     </span>
     <span class='ocr_line' id='line_1_57' title="bbox 1034 4138 1862 4212; baseline 0.001 -16"><span class='ocrx_word' id='word_1_615' title='bbox 1034 4156 1115 4196; x_wconf 89' lang='lat' dir='ltr'>suos.</span> <span class='ocrx_word' id='word_1_616' title='bbox 1128 4138 1226 4195; x_wconf 88' lang='lat' dir='ltr'>Voluit</span> <span class='ocrx_word' id='word_1_617' title='bbox 1236 4138 1326 4212; x_wconf 91' lang='lat' dir='ltr'>piscis</span> <span class='ocrx_word' id='word_1_618' title='bbox 1341 4139 1465 4198; x_wconf 88' lang='lat' dir='ltr'>Tobiam</span> <span class='ocrx_word' id='word_1_619' title='bbox 1488 4139 1642 4209; x_wconf 84' lang='lat' dir='ltr'>devorare,</span> <span class='ocrx_word' id='word_1_620' title='bbox 1670 4146 1698 4197; x_wconf 90' lang='lat' dir='ltr'>et</span> <span class='ocrx_word' id='word_1_621' title='bbox 1721 4140 1862 4199; x_wconf 86' lang='lat' dir='ltr'>diabolus</span> 
     </span>
     <span class='ocr_line' id='line_1_58' title="bbox 1034 4229 1863 4303; baseline 0.005 -18"><span class='ocrx_word' id='word_1_622' title='bbox 1034 4233 1159 4286; x_wconf 89' lang='lat' dir='ltr'>conatus</span> <span class='ocrx_word' id='word_1_623' title='bbox 1173 4233 1217 4285; x_wconf 89' lang='lat' dir='ltr'>est</span> <span class='ocrx_word' id='word_1_624' title='bbox 1231 4245 1284 4302; x_wconf 87' lang='lat' dir='ltr'>per</span> <span class='ocrx_word' id='word_1_625' title='bbox 1299 4229 1436 4287; x_wconf 89' lang='lat' dir='ltr'>satellites</span> <span class='ocrx_word' id='word_1_626' title='bbox 1450 4247 1520 4287; x_wconf 90' lang='lat' dir='ltr'>suos</span> <span class='ocrx_word' id='word_1_627' title='bbox 1535 4231 1684 4288; x_wconf 83' lang='lat' dir='ltr'>Christum</span> <span class='ocrx_word' id='word_1_628' title='bbox 1697 4231 1863 4303; x_wconf 80' lang='lat' dir='ltr'>exstingue·</span> 
     </span>
     <span class='ocr_line' id='line_1_59' title="bbox 1032 4318 1862 4393; baseline 0.005 -19"><span class='ocrx_word' id='word_1_629' title='bbox 1032 4334 1073 4375; x_wconf 87' lang='lat' dir='ltr'>re.</span> <span class='ocrx_word' id='word_1_630' title='bbox 1089 4318 1130 4374; x_wconf 82' lang='lat' dir='ltr'>Et</span> <span class='ocrx_word' id='word_1_631' title='bbox 1148 4318 1253 4376; x_wconf 82' lang='lat' dir='ltr'>Tobios</span> <span class='ocrx_word' id='word_1_632' title='bbox 1269 4320 1368 4375; x_wconf 84' lang='lat' dir='ltr'>timuit</span> <span class='ocrx_word' id='word_1_633' title='bbox 1376 4320 1488 4390; x_wconf 82' lang='lat' dir='ltr'>piscem</span> <span class='ocrx_word' id='word_1_634' title='bbox 1498 4334 1510 4390; x_wconf 90' lang='lat'><em>;</em></span> <span class='ocrx_word' id='word_1_635' title='bbox 1523 4323 1552 4375; x_wconf 91' lang='lat' dir='ltr'>et</span> <span class='ocrx_word' id='word_1_636' title='bbox 1567 4319 1699 4376; x_wconf 90' lang='lat' dir='ltr'>Christus</span> <span class='ocrx_word' id='word_1_637' title='bbox 1714 4335 1771 4393; x_wconf 91' lang='lat' dir='ltr'>pro</span> <span class='ocrx_word' id='word_1_638' title='bbox 1783 4319 1862 4377; x_wconf 90' lang='lat' dir='ltr'>infir·</span> 
     </span>
     <span class='ocr_line' id='line_1_60' title="bbox 1033 4406 1863 4481; baseline 0.005 -19"><span class='ocrx_word' id='word_1_639' title='bbox 1033 4406 1135 4463; x_wconf 85' lang='lat' dir='ltr'>mitate</span> <span class='ocrx_word' id='word_1_640' title='bbox 1149 4407 1247 4464; x_wconf 86' lang='lat' dir='ltr'>carnis</span> <span class='ocrx_word' id='word_1_641' title='bbox 1259 4406 1357 4466; x_wconf 87' lang='lat' dir='ltr'>timuit</span> <span class='ocrx_word' id='word_1_642' title='bbox 1369 4410 1508 4480; x_wconf 87' lang='lat' dir='ltr'>mortem,</span> <span class='ocrx_word' id='word_1_643' title='bbox 1523 4423 1577 4481; x_wconf 91' lang='lat' dir='ltr'>per</span> <span class='ocrx_word' id='word_1_644' title='bbox 1586 4407 1819 4479; x_wconf 81' lang='lat' dir='ltr'>suggestionem,</span> <span class='ocrx_word' id='word_1_645' title='bbox 1835 4412 1863 4466; x_wconf 89' lang='lat' dir='ltr'>et</span> 
     </span>
     <span class='ocr_line' id='line_1_61' title="bbox 1032 4495 1862 4568; baseline 0.002 -16"><span class='ocrx_word' id='word_1_646' title='bbox 1032 4495 1274 4568; x_wconf 81' lang='lat' dir='ltr'>cooperationem</span> <span class='ocrx_word' id='word_1_647' title='bbox 1289 4495 1471 4554; x_wconf 84' lang='lat' dir='ltr'>diabolicam</span> <span class='ocrx_word' id='word_1_648' title='bbox 1483 4512 1502 4554; x_wconf 91' lang='lat' dir='ltr'>a</span> <span class='ocrx_word' id='word_1_649' title='bbox 1514 4495 1624 4553; x_wconf 78' lang='lat' dir='ltr'>ludaeis</span> <span class='ocrx_word' id='word_1_650' title='bbox 1639 4496 1695 4554; x_wconf 87' lang='lat' dir='ltr'>sibi</span> <span class='ocrx_word' id='word_1_651' title='bbox 1704 4496 1862 4556; x_wconf 88' lang='lat' dir='ltr'>imminen-</span> 
     </span>
     <span class='ocr_line' id='line_1_62' title="bbox 1031 4584 1860 4660; baseline 0.004 -19"><span class='ocrx_word' id='word_1_652' title='bbox 1031 4584 1317 4656; x_wconf 63' lang='lat' dir='ltr'>temnppretmcu</span> <span class='ocrx_word' id='word_1_653' title='bbox 1331 4584 1559 4659; x_wconf 79' lang='lat' dir='ltr'>Totiuspiscem,</span> <span class='ocrx_word' id='word_1_654' title='bbox 1568 4587 1860 4660; x_wconf 77' lang='lat' dir='ltr'>ettrceitinsiceum,</span> 
     </span>
     <span class='ocr_line' id='line_1_63' title="bbox 1031 4673 1863 4749; baseline 0.006 -20"><span class='ocrx_word' id='word_1_655' title='bbox 1031 4675 1060 4730; x_wconf 93' lang='lat' dir='ltr'>et</span> <span class='ocrx_word' id='word_1_656' title='bbox 1078 4673 1209 4732; x_wconf 89' lang='lat' dir='ltr'>Christus</span> <span class='ocrx_word' id='word_1_657' title='bbox 1224 4690 1280 4732; x_wconf 89' lang='lat' dir='ltr'>sua</span> <span class='ocrx_word' id='word_1_658' title='bbox 1292 4673 1425 4749; x_wconf 83' lang='lat' dir='ltr'>potentie</span> <span class='ocrx_word' id='word_1_659' title='bbox 1440 4674 1592 4749; x_wconf 81' lang='lat' dir='ltr'>superavit</span> <span class='ocrx_word' id='word_1_660' title='bbox 1605 4674 1773 4747; x_wconf 91' lang='lat' dir='ltr'>diabolum,</span> <span class='ocrx_word' id='word_1_661' title='bbox 1787 4680 1863 4734; x_wconf 89' lang='lat' dir='ltr'>ette-</span> 
     </span>
     <span class='ocr_line' id='line_1_64' title="bbox 1032 4761 1861 4838; baseline 0.004 -20"><span class='ocrx_word' id='word_1_662' title='bbox 1032 4765 1083 4818; x_wconf 90' lang='lat' dir='ltr'>net</span> <span class='ocrx_word' id='word_1_663' title='bbox 1095 4761 1231 4833; x_wconf 85' lang='lat' dir='ltr'>ligatum.</span> <span class='ocrx_word' id='word_1_664' title='bbox 1249 4763 1355 4821; x_wconf 75' lang='lat' dir='ltr'>roua</span> <span class='ocrx_word' id='word_1_665' title='bbox 1362 4766 1460 4834; x_wconf 85' lang='lat' dir='ltr'>picem</span> <span class='ocrx_word' id='word_1_666' title='bbox 1473 4766 1679 4838; x_wconf 77' lang='lat' dir='ltr'>exenteravit;</span> <span class='ocrx_word' id='word_1_667' title='bbox 1690 4770 1719 4823; x_wconf 89' lang='lat' dir='ltr'>et</span> <span class='ocrx_word' id='word_1_668' title='bbox 1729 4765 1861 4824; x_wconf 89' lang='lat' dir='ltr'>Christus</span> 
     </span>
     <span class='ocr_line' id='line_1_65' title="bbox 1032 4850 1862 4926; baseline 0.006 -17"><span class='ocrx_word' id='word_1_669' title='bbox 1032 4850 1181 4909; x_wconf 78' lang='lat' dir='ltr'>occidtam</span> <span class='ocrx_word' id='word_1_670' title='bbox 1193 4852 1357 4926; x_wconf 89' lang='lat' dir='ltr'>nequitiam</span> <span class='ocrx_word' id='word_1_671' title='bbox 1370 4853 1483 4912; x_wconf 87' lang='lat' dir='ltr'>diaboli</span> <span class='ocrx_word' id='word_1_672' title='bbox 1498 4854 1611 4912; x_wconf 89' lang='lat' dir='ltr'>cunctis</span> <span class='ocrx_word' id='word_1_673' title='bbox 1624 4855 1723 4912; x_wconf 89' lang='lat' dir='ltr'>electis</span> <span class='ocrx_word' id='word_1_674' title='bbox 1737 4854 1862 4914; x_wconf 79' lang='lat' dir='ltr'>manite-</span> 
     </span>
    </p>
   </div>
   <div class='ocr_carea' id='block_1_13' title="bbox 148 4167 1016 4964">
    <p class='ocr_par' dir='ltr' id='par_1_15' title="bbox 148 4167 1016 4964">
     <span class='ocr_line' id='line_1_66' title="bbox 153 4167 980 4244; baseline 0.004 -19"><span class='ocrx_word' id='word_1_675' title='bbox 153 4169 237 4238; x_wconf 84' lang='lat' dir='ltr'>(Tob.</span> <span class='ocrx_word' id='word_1_676' title='bbox 253 4171 293 4239; x_wconf 68' lang='lat' dir='ltr'>a),</span> <span class='ocrx_word' id='word_1_677' title='bbox 306 4172 335 4226; x_wconf 92' lang='lat' dir='ltr'>et</span> <span class='ocrx_word' id='word_1_678' title='bbox 347 4168 436 4227; x_wconf 81' lang='lat' dir='ltr'>Filius</span> <span class='ocrx_word' id='word_1_679' title='bbox 449 4169 501 4226; x_wconf 83' lang='lat' dir='ltr'>llei</span> <span class='ocrx_word' id='word_1_680' title='bbox 517 4167 671 4226; x_wconf 90' lang='lat' dir='ltr'>hominem</span> <span class='ocrx_word' id='word_1_681' title='bbox 686 4170 858 4244; x_wconf 91' lang='lat' dir='ltr'>assumpsit,</span> <span class='ocrx_word' id='word_1_682' title='bbox 871 4175 899 4228; x_wconf 87' lang='lat' dir='ltr'>et</span> <span class='ocrx_word' id='word_1_683' title='bbox 916 4171 980 4228; x_wconf 84' lang='lat' dir='ltr'>visi·</span> 
     </span>
     <span class='ocr_line' id='line_1_67' title="bbox 150 4256 1016 4346; baseline 0.003 -32"><span class='ocrx_word' id='word_1_684' title='bbox 150 4256 248 4315; x_wconf 89' lang='lat' dir='ltr'>biliter</span> <span class='ocrx_word' id='word_1_685' title='bbox 261 4275 331 4315; x_wconf 90' lang='lat' dir='ltr'>oum</span> <span class='ocrx_word' id='word_1_686' title='bbox 344 4257 519 4315; x_wconf 89' lang='lat' dir='ltr'>hominibus</span> <span class='ocrx_word' id='word_1_687' title='bbox 534 4264 737 4328; x_wconf 81' lang='lat' dir='ltr'>conversatus,</span> <span class='ocrx_word' id='word_1_688' title='bbox 746 4260 916 4317; x_wconf 87' lang='lat' dir='ltr'>humanum</span> <span class='ocrx_word' id='word_1_689' title='bbox 931 4275 980 4331; x_wconf 89' lang='lat' dir='ltr'>ge·</span> <span class='ocrx_word' id='word_1_690' title='bbox 993 4292 1016 4346; x_wconf 75' lang='lat' dir='ltr'>D</span> 
     </span>
     <span class='ocr_line' id='line_1_68' title="bbox 151 4347 976 4422; baseline 0 -16"><span class='ocrx_word' id='word_1_691' title='bbox 151 4347 350 4408; x_wconf 85' lang='lat' dir='ltr'>nussalvavit.</span> <span class='ocrx_word' id='word_1_692' title='bbox 361 4347 639 4406; x_wconf 77' lang='lat' dir='ltr'>introduxitlobias</span> <span class='ocrx_word' id='word_1_693' title='bbox 650 4349 791 4421; x_wconf 87' lang='lat' dir='ltr'>angelum</span> <span class='ocrx_word' id='word_1_694' title='bbox 799 4348 839 4405; x_wconf 86' lang='lat' dir='ltr'>ad</span> <span class='ocrx_word' id='word_1_695' title='bbox 851 4353 976 4422; x_wconf 88' lang='lat' dir='ltr'>patrem,</span> 
     </span>
     <span class='ocr_line' id='line_1_69' title="bbox 151 4436 979 4512; baseline -0.001 -16"><span class='ocrx_word' id='word_1_696' title='bbox 151 4442 179 4498; x_wconf 88' lang='lat' dir='ltr'>et</span> <span class='ocrx_word' id='word_1_697' title='bbox 190 4438 334 4496; x_wconf 84' lang='lat' dir='ltr'>Dominus</span> <span class='ocrx_word' id='word_1_698' title='bbox 347 4454 401 4512; x_wconf 86' lang='lat' dir='ltr'>per</span> <span class='ocrx_word' id='word_1_699' title='bbox 408 4436 563 4505; x_wconf 87' lang='lat' dir='ltr'>miracula,</span> <span class='ocrx_word' id='word_1_700' title='bbox 578 4454 646 4512; x_wconf 82' lang='lat' dir='ltr'>quae</span> <span class='ocrx_word' id='word_1_701' title='bbox 657 4437 784 4496; x_wconf 86' lang='lat' dir='ltr'>incarne</span> <span class='ocrx_word' id='word_1_702' title='bbox 795 4437 871 4507; x_wconf 89' lang='lat' dir='ltr'>iecit,</span> <span class='ocrx_word' id='word_1_703' title='bbox 882 4453 979 4512; x_wconf 91' lang='lat' dir='ltr'>popu·</span> 
     </span>
     <span class='ocr_line' id='line_1_70' title="bbox 149 4523 979 4602; baseline 0.002 -18"><span class='ocrx_word' id='word_1_704' title='bbox 149 4523 179 4584; x_wconf 90' lang='lat'>10</span> <span class='ocrx_word' id='word_1_705' title='bbox 191 4527 363 4586; x_wconf 75' lang='lat' dir='ltr'>ludaeorum</span> <span class='ocrx_word' id='word_1_706' title='bbox 376 4543 412 4583; x_wconf 86' lang='lat' dir='ltr'>ex</span> <span class='ocrx_word' id='word_1_707' title='bbox 426 4542 488 4601; x_wconf 90' lang='lat' dir='ltr'>quo</span> <span class='ocrx_word' id='word_1_708' title='bbox 498 4541 621 4584; x_wconf 90' lang='lat' dir='ltr'>carnem</span> <span class='ocrx_word' id='word_1_709' title='bbox 631 4527 746 4601; x_wconf 90' lang='lat' dir='ltr'>accepit</span> <span class='ocrx_word' id='word_1_710' title='bbox 754 4526 884 4585; x_wconf 91' lang='lat' dir='ltr'>ostendit</span> <span class='ocrx_word' id='word_1_711' title='bbox 894 4527 979 4602; x_wconf 90' lang='lat' dir='ltr'>quod</span> 
     </span>
     <span class='ocr_line' id='line_1_71' title="bbox 149 4611 978 4690; baseline 0.004 -19"><span class='ocrx_word' id='word_1_712' title='bbox 149 4611 214 4689; x_wconf 90' lang='lat' dir='ltr'>ipse</span> <span class='ocrx_word' id='word_1_713' title='bbox 228 4619 273 4672; x_wconf 89' lang='lat' dir='ltr'>est</span> <span class='ocrx_word' id='word_1_714' title='bbox 286 4613 374 4671; x_wconf 84' lang='lat' dir='ltr'>Filius</span> <span class='ocrx_word' id='word_1_715' title='bbox 390 4614 450 4682; x_wconf 86' lang='lat' dir='ltr'>Dei,</span> <span class='ocrx_word' id='word_1_716' title='bbox 466 4618 495 4670; x_wconf 90' lang='lat' dir='ltr'>ct</span> <span class='ocrx_word' id='word_1_717' title='bbox 508 4614 643 4686; x_wconf 87' lang='lat' dir='ltr'>angelus,</span> <span class='ocrx_word' id='word_1_718' title='bbox 659 4614 691 4671; x_wconf 94' lang='lat' dir='ltr'>id</span> <span class='ocrx_word' id='word_1_719' title='bbox 707 4618 751 4672; x_wconf 88' lang='lat' dir='ltr'>est</span> <span class='ocrx_word' id='word_1_720' title='bbox 778 4614 900 4674; x_wconf 88' lang='lat' dir='ltr'>nuntius</span> <span class='ocrx_word' id='word_1_721' title='bbox 925 4632 978 4690; x_wconf 92' lang='lat' dir='ltr'>pa-</span> 
     </span>
     <span class='ocr_line' id='line_1_72' title="bbox 150 4702 977 4779; baseline 0.004 -19"><span class='ocrx_word' id='word_1_722' title='bbox 150 4707 241 4760; x_wconf 79' lang='lat' dir='ltr'>ternu</span> <span class='ocrx_word' id='word_1_723' title='bbox 256 4702 428 4772; x_wconf 85' lang='lat' dir='ltr'>voluntatis,</span> <span class='ocrx_word' id='word_1_724' title='bbox 444 4703 492 4760; x_wconf 90' lang='lat' dir='ltr'>eui</span> <span class='ocrx_word' id='word_1_725' title='bbox 507 4709 536 4761; x_wconf 92' lang='lat' dir='ltr'>et</span> <span class='ocrx_word' id='word_1_726' title='bbox 547 4704 693 4776; x_wconf 88' lang='lat' dir='ltr'>gaudium</span> <span class='ocrx_word' id='word_1_727' title='bbox 707 4710 859 4779; x_wconf 82' lang='lat' dir='ltr'>perpetuae</span> <span class='ocrx_word' id='word_1_728' title='bbox 874 4705 977 4764; x_wconf 90' lang='lat' dir='ltr'>salutis</span> 
     </span>
     <span class='ocr_line' id='line_1_73' title="bbox 149 4791 978 4868; baseline 0.005 -18"><span class='ocrx_word' id='word_1_729' title='bbox 149 4791 332 4865; x_wconf 73' lang='lat' dir='ltr'>predicavit,</span> <span class='ocrx_word' id='word_1_730' title='bbox 348 4792 450 4849; x_wconf 89' lang='lat' dir='ltr'>dicens</span> <span class='ocrx_word' id='word_1_731' title='bbox 464 4794 781 4866; x_wconf 76' lang='lat' dir='ltr'>:Poeuitentiumupite</span> <span class='ocrx_word' id='word_1_732' title='bbox 792 4812 802 4852; x_wconf 94' lang='lat'><em>:</em></span> <span class='ocrx_word' id='word_1_733' title='bbox 816 4799 978 4868; x_wconf 84' lang='lat' dir='ltr'>appropio-</span> 
     </span>
     <span class='ocr_line' id='line_1_74' title="bbox 148 4880 978 4964; baseline 0.006 -27"><span class='ocrx_word' id='word_1_734' title='bbox 148 4880 253 4954; x_wconf 81' lang='lat' dir='ltr'>quebit</span> <span class='ocrx_word' id='word_1_735' title='bbox 267 4883 345 4939; x_wconf 82' lang='lat' dir='ltr'>enim</span> <span class='ocrx_word' id='word_1_736' title='bbox 359 4898 485 4956; x_wconf 76' lang='lat' dir='ltr'>reguum</span> <span class='ocrx_word' id='word_1_737' title='bbox 501 4885 642 4942; x_wconf 78' lang='lat' dir='ltr'>celorum</span> <span class='ocrx_word' id='word_1_738' title='bbox 655 4882 754 4952; x_wconf 86' lang='lat' dir='ltr'>(Mott.</span> <span class='ocrx_word' id='word_1_739' title='bbox 767 4883 816 4964; x_wconf 69' lang='lat' dir='ltr'>nr).</span> <span class='ocrx_word' id='word_1_740' title='bbox 828 4887 863 4941; x_wconf 89' lang='lat' dir='ltr'>Et</span> <span class='ocrx_word' id='word_1_741' title='bbox 874 4884 978 4959; x_wconf 88' lang='lat' dir='ltr'>despe-</span> 
     </span>
    </p>
   </div>
   <div class='ocr_carea' id='block_1_14' title="bbox 147 4941 1861 5048">
    <p class='ocr_par' dir='ltr' id='par_1_16' title="bbox 147 4941 1861 5048">
     <span class='ocr_line' id='line_1_75' title="bbox 147 4941 1861 5048; baseline 0.011 -64"><span class='ocrx_word' id='word_1_742' title='bbox 147 4969 284 5028; x_wconf 56' lang='lat' dir='ltr'>rantibus</span> <span class='ocrx_word' id='word_1_743' title='bbox 296 4971 333 5028; x_wconf 64' lang='lat' dir='ltr'>de</span> <span class='ocrx_word' id='word_1_744' title='bbox 347 4970 460 5030; x_wconf 61' lang='lat' dir='ltr'><strong>lumine</strong></span> <span class='ocrx_word' id='word_1_745' title='bbox 479 4971 568 5029; x_wconf 52' lang='lat' dir='ltr'>wli:</span> <span class='ocrx_word' id='word_1_746' title='bbox 595 4971 661 5044; x_wconf 47' lang='grc' dir='ltr'>ΕΜ</span> <span class='ocrx_word' id='word_1_747' title='bbox 688 4988 765 5046; x_wconf 47' lang='lat' dir='ltr'><em>sum,</em></span> <span class='ocrx_word' id='word_1_748' title='bbox 790 4972 896 5048; x_wconf 51' lang='lat' dir='ltr'><strong>inquit,</strong></span> <span class='ocrx_word' id='word_1_749' title='bbox 923 4975 978 5032; x_wconf 61' lang='lat' dir='ltr'><strong><em>m</em></strong></span> <span class='ocrx_word' id='word_1_750' title='bbox 1033 4941 1128 4998; x_wconf 87' lang='lat' dir='ltr'>stavit.</span> <span class='ocrx_word' id='word_1_751' title='bbox 1147 4942 1252 4999; x_wconf 82' lang='lat' dir='ltr'>Tobios</span> <span class='ocrx_word' id='word_1_752' title='bbox 1266 4958 1318 5000; x_wconf 88' lang='lat' dir='ltr'>cor</span> <span class='ocrx_word' id='word_1_753' title='bbox 1327 4944 1430 5017; x_wconf 73' lang='lat' dir='ltr'>pisces,</span> <span class='ocrx_word' id='word_1_754' title='bbox 1442 4950 1470 5002; x_wconf 89' lang='lat' dir='ltr'>et</span> <span class='ocrx_word' id='word_1_755' title='bbox 1486 4944 1532 5015; x_wconf 79' lang='lat' dir='ltr'>sel</span> <span class='ocrx_word' id='word_1_756' title='bbox 1545 4950 1573 5029; x_wconf 83' lang='lat' dir='ltr'>ct</span> <span class='ocrx_word' id='word_1_757' title='bbox 1581 4946 1673 5016; x_wconf 82' lang='lat' dir='ltr'>jecur</span> <span class='ocrx_word' id='word_1_758' title='bbox 1689 4944 1730 5002; x_wconf 85' lang='lat' dir='ltr'>ud</span> <span class='ocrx_word' id='word_1_759' title='bbox 1743 4945 1861 5005; x_wconf 80' lang='lat' dir='ltr'>diuersa</span> 
     </span>
    </p>
   </div>
   <div class='ocr_carea' id='block_1_15' title="bbox 147 5032 1862 5218">
    <p class='ocr_par' dir='ltr' id='par_1_17' title="bbox 147 5032 1862 5218">
     <span class='ocr_line' id='line_1_76' title="bbox 148 5032 1861 5135; baseline 0.001 -17"><span class='ocrx_word' id='word_1_760' title='bbox 148 5060 254 5118; x_wconf 84' lang='lat' dir='ltr'>muudi</span> <span class='ocrx_word' id='word_1_761' title='bbox 265 5075 277 5119; x_wconf 93' lang='grc'>.·</span> <span class='ocrx_word' id='word_1_762' title='bbox 286 5061 339 5134; x_wconf 81' lang='lat' dir='ltr'>qui</span> <span class='ocrx_word' id='word_1_763' title='bbox 347 5061 483 5134; x_wconf 83' lang='lat' dir='ltr'>sequitur</span> <span class='ocrx_word' id='word_1_764' title='bbox 496 5075 543 5117; x_wconf 88' lang='lat' dir='ltr'>me</span> <span class='ocrx_word' id='word_1_765' title='bbox 554 5076 614 5117; x_wconf 81' lang='lat' dir='ltr'>non</span> <span class='ocrx_word' id='word_1_766' title='bbox 634 5061 771 5120; x_wconf 84' lang='lat' dir='ltr'>ambulat</span> <span class='ocrx_word' id='word_1_767' title='bbox 784 5063 817 5120; x_wconf 84' lang='lat' dir='ltr'>iu</span> <span class='ocrx_word' id='word_1_768' title='bbox 839 5061 976 5134; x_wconf 82' lang='lat' dir='ltr'>tenebris,</span> <span class='ocrx_word' id='word_1_769' title='bbox 1032 5033 1246 5135; x_wconf 42' lang='lat' dir='ltr'>&#39;Pedst‘fmema</span> <span class='ocrx_word' id='word_1_770' title='bbox 1261 5034 1351 5092; x_wconf 56' lang='lat' dir='ltr'>“tilia</span> <span class='ocrx_word' id='word_1_771' title='bbox 1364 5035 1422 5092; x_wconf 52' lang='grc' dir='ltr'>δέω</span> <span class='ocrx_word' id='word_1_772' title='bbox 1430 5032 1562 5107; x_wconf 49' lang='lat' dir='ltr'>&#39;‘mm&#39;‘</span> <span class='ocrx_word' id='word_1_773' title='bbox 1571 5047 1583 5108; x_wconf 66' lang='grc' dir='ltr'><em>ἕ</em></span> <span class='ocrx_word' id='word_1_774' title='bbox 1592 5038 1621 5092; x_wconf 61' lang='lat'>‘³²</span> <span class='ocrx_word' id='word_1_775' title='bbox 1633 5035 1765 5093; x_wconf 44' lang='lat' dir='ltr'>Christ&amp;</span> <span class='ocrx_word' id='word_1_776' title='bbox 1778 5036 1861 5094; x_wconf 58' lang='lat' dir='ltr'>mali·</span> 
     </span>
     <span class='ocr_line' id='line_1_77' title="bbox 147 5122 1862 5218; baseline 0.002 -11"><span class='ocrx_word' id='word_1_777' title='bbox 147 5152 199 5208; x_wconf 82' lang='lat' dir='ltr'>sed</span> <span class='ocrx_word' id='word_1_778' title='bbox 213 5148 331 5208; x_wconf 81' lang='lat' dir='ltr'>babebit</span> <span class='ocrx_word' id='word_1_779' title='bbox 348 5151 448 5208; x_wconf 84' lang='lat' dir='ltr'>tumen</span> <span class='ocrx_word' id='word_1_780' title='bbox 462 5151 529 5206; x_wconf 78' lang='lat' dir='ltr'>vite</span> <span class='ocrx_word' id='word_1_781' title='bbox 545 5151 644 5217; x_wconf 74' lang='lat' dir='ltr'>(ioan.</span> <span class='ocrx_word' id='word_1_782' title='bbox 664 5155 735 5218; x_wconf 77' lang='lat' dir='ltr'>rur).</span> <span class='ocrx_word' id='word_1_783' title='bbox 758 5151 904 5211; x_wconf 86' lang='lat' dir='ltr'>Promittit</span> <span class='ocrx_word' id='word_1_784' title='bbox 927 5169 978 5210; x_wconf 90' lang='lat' dir='ltr'>an·</span> <span class='ocrx_word' id='word_1_785' title='bbox 1031 5125 1106 5180; x_wconf 56' lang='lat'>‘¹³³¹</span> <span class='ocrx_word' id='word_1_786' title='bbox 1116 5122 1239 5193; x_wconf 52' lang='grc' dir='ltr'>ΜΘΗ*</span> <span class='ocrx_word' id='word_1_787' title='bbox 1256 5127 1285 5182; x_wconf 55' lang='lat' dir='ltr'>et</span> <span class='ocrx_word' id='word_1_788' title='bbox 1300 5123 1431 5183; x_wconf 62' lang='lat' dir='ltr'>f¹¹¹⁰f⁰m</span> <span class='ocrx_word' id='word_1_789' title='bbox 1443 5126 1518 5198; x_wconf 53' lang='grc' dir='ltr'>ΨΒ*</span> <span class='ocrx_word' id='word_1_790' title='bbox 1540 5130 1569 5183; x_wconf 60' lang='lat' dir='ltr'>et</span> <span class='ocrx_word' id='word_1_791' title='bbox 1594 5124 1713 5184; x_wconf 55' lang='lat' dir='ltr'>diffisa</span> <span class='ocrx_word' id='word_1_792' title='bbox 1737 5126 1862 5185; x_wconf 71' lang='lat' dir='ltr'><strong>⁰⁰⁰⁸ffi⁸</strong></span> 
     </span>
    </p>
   </div>
   <div class='ocr_carea' id='block_1_16' title="bbox 146 5210 1862 5404">
    <p class='ocr_par' dir='ltr' id='par_1_18' title="bbox 146 5210 1862 5404">
     <span class='ocr_line' id='line_1_78' title="bbox 147 5210 1862 5316; baseline -0.001 -21"><span class='ocrx_word' id='word_1_793' title='bbox 147 5237 231 5312; x_wconf 90' lang='lat' dir='ltr'>gelus</span> <span class='ocrx_word' id='word_1_794' title='bbox 240 5237 339 5298; x_wconf 82' lang='lat' dir='ltr'>Tobiae</span> <span class='ocrx_word' id='word_1_795' title='bbox 353 5238 462 5295; x_wconf 90' lang='lat' dir='ltr'>ducere</span> <span class='ocrx_word' id='word_1_796' title='bbox 470 5237 566 5295; x_wconf 87' lang='lat' dir='ltr'>filium</span> <span class='ocrx_word' id='word_1_797' title='bbox 580 5256 669 5296; x_wconf 91' lang='lat' dir='ltr'>suum</span> <span class='ocrx_word' id='word_1_798' title='bbox 679 5239 709 5296; x_wconf 93' lang='lat' dir='ltr'>in</span> <span class='ocrx_word' id='word_1_799' title='bbox 723 5239 871 5298; x_wconf 82' lang='lat' dir='ltr'>civitatem</span> <span class='ocrx_word' id='word_1_800' title='bbox 881 5242 977 5299; x_wconf 84' lang='lat' dir='ltr'>tiedo-</span> <span class='ocrx_word' id='word_1_801' title='bbox 1031 5210 1241 5316; x_wconf 40' lang='lat' dir='ltr'>adfltffimfm</span> <span class='ocrx_word' id='word_1_802' title='bbox 1254 5212 1416 5285; x_wconf 64' lang='lat' dir='ltr'>¹⁰80¹¹²i¹¹m</span> <span class='ocrx_word' id='word_1_803' title='bbox 1429 5213 1518 5271; x_wconf 59' lang='lat' dir='ltr'>mibi</span> <span class='ocrx_word' id='word_1_804' title='bbox 1537 5213 1614 5272; x_wconf 58' lang='lat' dir='ltr'>fecit·</span> <span class='ocrx_word' id='word_1_805' title='bbox 1649 5216 1753 5274; x_wconf 60' lang='lat' dir='ltr'><em>T⁰b5⁰⁸</em></span> <span class='ocrx_word' id='word_1_806' title='bbox 1777 5216 1862 5288; x_wconf 58' lang='lat' dir='ltr'>quid·</span> 
     </span>
     <span class='ocr_line' id='line_1_79' title="bbox 146 5302 1860 5404; baseline 0 -42"><span class='ocrx_word' id='word_1_807' title='bbox 146 5329 378 5397; x_wconf 56' lang='lat' dir='ltr'>Qreduoere</span> <span class='ocrx_word' id='word_1_808' title='bbox 390 5327 535 5404; x_wconf 55' lang='lat' dir='ltr'><strong>promittit</strong></span> <span class='ocrx_word' id='word_1_809' title='bbox 560 5330 692 5387; x_wconf 58' lang='lat' dir='ltr'><strong>Christus</strong></span> <span class='ocrx_word' id='word_1_810' title='bbox 718 5330 907 5388; x_wconf 58' lang='lat' dir='ltr'><strong>credentibus</strong></span> <span class='ocrx_word' id='word_1_811' title='bbox 929 5333 976 5388; x_wconf 55' lang='grc' dir='ltr'>ω,</span> <span class='ocrx_word' id='word_1_812' title='bbox 1031 5302 1105 5373; x_wconf 84' lang='lat' dir='ltr'>quui</span> <span class='ocrx_word' id='word_1_813' title='bbox 1116 5302 1244 5373; x_wconf 74' lang='lat' dir='ltr'>depisce</span> <span class='ocrx_word' id='word_1_814' title='bbox 1257 5306 1382 5375; x_wconf 80' lang='lat' dir='ltr'>sumpsit</span> <span class='ocrx_word' id='word_1_815' title='bbox 1393 5307 1525 5376; x_wconf 84' lang='lat' dir='ltr'>ussocit;</span> <span class='ocrx_word' id='word_1_816' title='bbox 1539 5308 1568 5361; x_wconf 90' lang='lat' dir='ltr'>et</span> <span class='ocrx_word' id='word_1_817' title='bbox 1588 5305 1719 5362; x_wconf 84' lang='lat' dir='ltr'>Christus</span> <span class='ocrx_word' id='word_1_818' title='bbox 1740 5304 1860 5376; x_wconf 87' lang='lat' dir='ltr'>eleetos,</span> 
     </span>
    </p>
   </div>
   <div class='ocr_carea' id='block_1_17' title="bbox 1031 5386 1862 5464">
    <p class='ocr_par' dir='ltr' id='par_1_19' title="bbox 1031 5386 1862 5464">
     <span class='ocr_line' id='line_1_80' title="bbox 1031 5386 1862 5464; baseline 0.006 -22"><span class='ocrx_word' id='word_1_819' title='bbox 1031 5401 1109 5458; x_wconf 88' lang='lat' dir='ltr'>quos</span> <span class='ocrx_word' id='word_1_820' title='bbox 1124 5386 1335 5459; x_wconf 69' lang='lat' dir='ltr'>predicatione</span> <span class='ocrx_word' id='word_1_821' title='bbox 1351 5405 1506 5462; x_wconf 85' lang='lat' dir='ltr'>acorpore</span> <span class='ocrx_word' id='word_1_822' title='bbox 1521 5389 1632 5446; x_wconf 88' lang='lat' dir='ltr'>diaboli</span> <span class='ocrx_word' id='word_1_823' title='bbox 1646 5395 1777 5464; x_wconf 89' lang='lat' dir='ltr'>separat,</span> <span class='ocrx_word' id='word_1_824' title='bbox 1798 5391 1862 5464; x_wconf 91' lang='lat' dir='ltr'>Spi-</span> 
     </span>
    </p>
   </div>
   <div class='ocr_carea' id='block_1_18' title="bbox 146 5414 1699 5546">
    <p class='ocr_par' dir='ltr' id='par_1_20' title="bbox 146 5414 1699 5546">
     <span class='ocr_line' id='line_1_81' title="bbox 146 5414 1699 5546; baseline 0.012 -77"><span class='ocrx_word' id='word_1_825' title='bbox 146 5414 220 5470; x_wconf 75' lang='lat' dir='ltr'>deis</span> <span class='ocrx_word' id='word_1_826' title='bbox 234 5416 384 5488; x_wconf 85' lang='lat' dir='ltr'>(quamvis</span> <span class='ocrx_word' id='word_1_827' title='bbox 395 5417 495 5491; x_wconf 91' lang='lat' dir='ltr'>plures</span> <span class='ocrx_word' id='word_1_828' title='bbox 509 5423 579 5474; x_wconf 88' lang='lat' dir='ltr'>sunt</span> <span class='ocrx_word' id='word_1_829' title='bbox 593 5417 705 5487; x_wconf 77' lang='lat' dir='ltr'>cecati)</span> <span class='ocrx_word' id='word_1_830' title='bbox 735 5419 816 5492; x_wconf 88' lang='lat' dir='ltr'>quod</span> <span class='ocrx_word' id='word_1_831' title='bbox 840 5419 976 5476; x_wconf 90' lang='lat' dir='ltr'>incarna·</span> <span class='ocrx_word' id='word_1_832' title='bbox 1031 5475 1104 5530; x_wconf 23' lang='lat' dir='ltr'>ritus«</span> <span class='ocrx_word' id='word_1_833' title='bbox 1120 5475 1214 5531; x_wconf 56' lang='lat' dir='ltr'>sancti</span> <span class='ocrx_word' id='word_1_834' title='bbox 1230 5478 1324 5546; x_wconf 55' lang='lat' dir='ltr'>gratia</span> <span class='ocrx_word' id='word_1_835' title='bbox 1334 5478 1496 5535; x_wconf 52' lang='lat' dir='ltr'><strong>accendere</strong></span> <span class='ocrx_word' id='word_1_836' title='bbox 1510 5495 1570 5535; x_wconf 68' lang='lat' dir='ltr'>non</span> <span class='ocrx_word' id='word_1_837' title='bbox 1586 5479 1699 5537; x_wconf 48' lang='lat' dir='ltr'>desistit</span> 
     </span>
    </p>
   </div>
   <div class='ocr_carea' id='block_1_19' title="bbox 146 5499 1863 5678">
    <p class='ocr_par' dir='ltr' id='par_1_21' title="bbox 146 5499 1863 5678">
     <span class='ocr_line' id='line_1_82' title="bbox 147 5499 975 5581; baseline 0.012 -28"><span class='ocrx_word' id='word_1_838' title='bbox 147 5499 234 5555; x_wconf 89' lang='lat' dir='ltr'>tionis</span> <span class='ocrx_word' id='word_1_839' title='bbox 250 5518 310 5558; x_wconf 78' lang='lat' dir='ltr'>sure</span> <span class='ocrx_word' id='word_1_840' title='bbox 322 5511 509 5563; x_wconf 88' lang='lat' dir='ltr'>sacramenta</span> <span class='ocrx_word' id='word_1_841' title='bbox 524 5508 661 5579; x_wconf 87' lang='lat' dir='ltr'>gentibus</span> <span class='ocrx_word' id='word_1_842' title='bbox 672 5508 795 5581; x_wconf 86' lang='lat' dir='ltr'>aperiat,</span> <span class='ocrx_word' id='word_1_843' title='bbox 812 5512 841 5565; x_wconf 89' lang='lat' dir='ltr'>et</span> <span class='ocrx_word' id='word_1_844' title='bbox 859 5507 890 5563; x_wconf 93' lang='lat' dir='ltr'>in</span> <span class='ocrx_word' id='word_1_845' title='bbox 916 5507 975 5564; x_wconf 89' lang='lat' dir='ltr'>fine</span> 
     </span>
     <span class='ocr_line' id='line_1_83' title="bbox 146 5592 1863 5678; baseline 0.011 -32"><span class='ocrx_word' id='word_1_846' title='bbox 146 5592 318 5666; x_wconf 89' lang='lat' dir='ltr'>temporum</span> <span class='ocrx_word' id='word_1_847' title='bbox 332 5593 445 5667; x_wconf 91' lang='lat' dir='ltr'>populo</span> <span class='ocrx_word' id='word_1_848' title='bbox 459 5596 631 5656; x_wconf 79' lang='lat' dir='ltr'>tudeorum</span> <span class='ocrx_word' id='word_1_849' title='bbox 642 5596 731 5659; x_wconf 83' lang='lat' dir='ltr'>latius</span> <span class='ocrx_word' id='word_1_850' title='bbox 745 5597 869 5674; x_wconf 81' lang='lat' dir='ltr'>pandat,</span> <span class='ocrx_word' id='word_1_851' title='bbox 885 5597 976 5656; x_wconf 90' lang='lat' dir='ltr'>eomi-</span> <span class='ocrx_word' id='word_1_852' title='bbox 1066 5599 1150 5659; x_wconf 61' lang='lat' dir='ltr'>Discit</span> <span class='ocrx_word' id='word_1_853' title='bbox 1160 5601 1863 5678; x_wconf 75' lang='lat' dir='ltr'>Tobicsodliapuetem;11icepcltodieuorrenarr·</span> 
     </span>
    </p>
   </div>
   <div class='ocr_carea' id='block_1_20' title="bbox 0 0 1920 6044">
    <p class='ocr_par' dir='ltr' id='par_1_22' title="bbox 0 0 1920 6044">
     <span class='ocr_line' id='line_1_84' title="bbox 0 0 1920 6044; baseline 0 1"><span class='ocrx_word' id='word_1_854' title='bbox 0 0 1920 6044; x_wconf 95' lang='lat' dir='ltr'> </span> 
     </span>
    </p>
   </div>
  </div>
 </body>
</html>
