3832 6044
167 125 218 173 aiis

481 122 631 177 llUthNlS
652 122 695 175 itu
716 121 744 174 S.
766 117 912 172 vitriani:
932 112 1007 167 0Pl’.
1023 110 1111 164 PARS
1131 111 1151 164 i.
1173 141 1206 148 —
1227 112 1420 165 sareanen
1440 109 1554 163 eunii.

1829 104 1880 156 oei

167 261 236 300 mus
248 244 353 299 oilerre
369 261 476 300 aurum
492 260 545 316 per
561 243 754 314 sapientiarn3
772 244 927 312 argernum
941 253 995 311 per
1014 233 1156 288 Asancti.
1173 236 1333 288 Possumus
1348 248 1470 305 qivoquc
1496 230 1603 295 eiicere,
1632 227 1713 300 quod
1740 223 1882 300 quenlibet

168 333 386 406 eloquentiam,
402 351 442 387 ars
457 349 510 404 per
520 331 762 403 praedicationem
776 350 782 398 ;
799 329 994 403 hyacinthum

167 439 221 497 per
234 421 397 478 eoelestium
416 423 567 477 bonorum
595 437 690 493 spem,
707 420 751 476 vel
778 437 831 494 ρει·
846 419 995 475 ecelesiam

168 510 425 568 conversationem
443 529 449 579 3
465 526 632 583 purpuram
658 509 906 582 perpessionem,
936 506 995 561 sive

168 618 222 674 per
236 598 476 672 compassionem
490 618 496 666 ;
513 615 636 654 coccum
649 599 695 654 bis
711 599 834 654 tinctum
843 614 896 670 per
907 595 995 666 gemi-

168 706 240 746 nam
255 688 458 753 dilectionem
470 687 597 761 byssum
605 704 658 761 per
669 687 833 744 castitatem
847 705 852 751 ;
866 686 935 741 tirus
944 699 997 756 per

169 778 334 835 orationem
348 797 354 844 ;
370 777 469 832 oleum
483 793 536 847 per
548 776 803 840 misericordiam;
820 774 997 847 thyrniama·

170 872 200 924 ta
213 882 267 940 ρει
280 866 394 921 boumn
413 864 546 930 ianram;
577 869 604 920 ct
631 864 671 919 sic
687 870 792 920 cratera
807 877 997 936 qruecunquc

170 953 334 1027 poterimus
346 952 428 1007 bona
439 951 558 1023 justitiis
581 951 701 1008 habere.
732 955 879 1027 rei-quam
903 949 997 1005 multa

170 1046 249 1106 suni,
266 1057 333 1113 quie
348 1041 385 1096 de
397 1039 443 1096 his
458 1039 516 1095 diei
527 1045 659 1113 possent,
688 1040 745 1095 uisi
771 1038 863 1095 nostri
891 1054 997 1093 sensus

129 1140 133 1148 ’
170 1130 346 1186 brevitatem
360 1129 544 1185 excederent.
562 1129 620 1186 Sed
634 1129 774 1202 quiedam
794 1145 829 1183 cx
856 1126 997 1183 omnibns

170 1219 298 1276 brevitor
317 1219 552 1290 perstrinximus,
569 1235 606 1274 ne
619 1223 713 1275 toturn
736 1217 884 1291 preterire
899 1216 997 1272 videa-

171 1324 249 1364 mus.
267 1308 352 1373 Quod
364 1307 510 1362 historicae
526 1307 704 1364 narrationis
718 1307 854 1363 ordinem
869 1307 998 1379 plerum·

170 1412 229 1468 que
246 1395 481 1464 transgredimur
494 1396 567 1452 nihil
580 1396 713 1469 impedit.
728 1396 802 1452 Nihil
817 1396 898 1451 enirn
913 1394 998 1449 obest

171 1484 283 1540 ordinis
298 1485 353 1539 isia
366 1485 567 1556 transpositio,
584 1485 607 1540 si
622 1488 723 1540 tamen
742 1484 872 1539 historice
891 1483 997 1538 veritas

1050 321 1148 377 hostia
1164 322 1302 389 designat
1316 322 1429 377 bonam
1445 319 1717 383 conversationem,
1729 314 1817 388 pellis
1831 315 1882 369 ho

1051 411 1123 476 stira,
1139 410 1275 481 ejusdem
1291 411 1525 466 conversationis
1539 406 1749 479 snper·iicicm;
1779 408 1881 475 caput,

1051 499 1188 565 initium3
1204 497 1312 568 calida,
1327 497 1440 559 finem:
1457 496 1605 561 intestina,
1623 493 1771 549 occultam
1792 492 1881 546 virtu-

1053 591 1130 653 tem,
1147 586 1260 642 ablutio
1274 587 1387 655 hostia,
1401 585 1581 641 munditiam
1596 586 1660 639 viiie
1676 579 1882 639 honestade}-

1051 674 1109 730 lem
1139 674 1242 730 hostire
1262 675 1456 736 cletralumus,
1484 680 1512 729 ει
1537 674 1665 729 hostiam
1690 669 1881 726 membratim

1052 763 1224 828 dividimus¹
1262 780 1332 819 cum
1360 764 1477 829 (leticia,
1504 760 1740 818 cornersationis
1772 762 1881 814 nostra

1052 853 1180 907 exterius
1194 853 1302 923 speeie,
1320 852 1440 908 interius
1456 853 1568 907 rarione
1583 850 1771 914 decernente,
1783 847 1882 915 singu-

1051 927 1195 995 lano'stra
1216 955 1308 1011 opera
1321 957 1375 1012 pro
1392 940 1468 1006 loco,
1496 944 1639 1011 tempore.
1665 936 1767 1001 modo,
1790 935 1885 991 inien-

1052 1029 1141 1097 tione,
1155 1027 1331 1085 discutimus
1347 1028 1511 1096 dilgenter,
1536 1044 1572 1083 nc
1592 1042 1647 1082 nos
1672 1026 1778 1083 vitium
1801 1022 1882 1078 fallat

1053 1118 1109 1174 sub
1124 1118 1222 1191 speeie
1236 1117 1360 1185 virtutis,
1377 1123 1428 1175 aut
1442 1118 1531 1191 eulpa
1546 1117 1602 1172 sub
1613 1117 1805 1189 specierectre
1815 1129 1882 1185 ope·

1053 1207 1185 1263 rationis.

1199 1299 1266 1353 ilar.
1282 1300 1324 1353 Xi.
1349 1297 1392 1353 De
1406 1312 1508 1353 recusa
1520 1293 1743 1366 propositionis.

1088 1389 1186 1442 Mensa
1212 1385 1433 1459 propositionts,
1456 1385 1603 1456 signifieat
1617 1397 1734 1439 sacram
1754 1380 1880 1453 Scriptu-

1053 1491 1128 1543 ram,
1144 1493 1211 1548 quin
1226 1480 1301 1548 quot
1314 1475 1464 1531 sententiis
1479 1491 1535 1530 nos
1550 1473 1677 1539 instruit,
1695 1475 1737 1527 tot
1750 1470 1879 1543 panibus

172 1574 456 1628 conservatricxam
466 1571 638 1643 hujusmodi
648 1570 998 1644 transpositio‚rnajorern
1013 1579 1033 1633 Β
1054 1582 1109 1620 nos
1123 1565 1224 1621 reiicit.
1241 1568 1373 1631 Orratuor
1387 1564 1524 1637 epistylia
1537 1579 1659 1628 mensae,
1671 1564 1801 1633 quatuor
1814 1563 1881 1613 suni

172 1676 393 1732 nonnunquam
408 1660 631 1730 intelligentiam
655 1662 742 1732 parit,
758 1663 786 1714 et
809 1658 996 1713 memoriam.

416 1785 482 1840 Cir.
498 1787 527 1840 Χ.
544 1786 586 1841 Ι)ε
596 1785 761 1852 sacrificiis.

208 1891 322 1948 Habent
335 1905 458 1962 quoque
472 1890 618 1946 sacrificia
646 1890 877 1960 significationes
904 1905 973 1944 snas
991 1907 997 1944 :

172 1979 318 2034 dehemus
333 1978 459 2033 Domino
473 1977 578 2033 oilerre
593 1977 730 2045 vitulum,
742 1977 861 2043 bovem,
873 1992 997 2043 agnum,

172 2068 227 2122 etc.
243 2065 356 2122 Vitulus
371 2064 465 2121 donec
481 2071 594 2123 crescat
607 2072 634 2123 ct
660 2067 688 2121 in
704 2067 778 2122 tauri
793 2065 884 2121 robur
903 2080 1000 2119 eruni-

171 2159 243 2228 pat:
259 2153 391 2226 eoquod
406 2170 461 2226 pro
476 2159 561 2210 retine
576 2157 670 2227 possit
698 2157 746 2223 agi
760 2154 799 2210 ad
813 2153 931 2209 libitum
947 2152 999 2207 du-

172 2243 274 2309 centiS,
291 2242 438 2311 signifieat
465 2242 758 2318 obedientiamque
775 2243 882 2299 incedit
896 2257 1000 2297 sccun-

170 2330 245 2386 dum
258 2334 366 2386 nutum
380 2331 576 2403 presidentis.
604 2335 659 2388 lios
674 2348 795 2406 quoque
818 2331 889 2404 quia
914 2328 1001 2384 findit

170 2418 309 2489 ungulas,
326 2421 515 2476 eiectionem
542 2420 657 2477 arando
685 2420 824 2493 complet,
854 2417 1001 2487 significat

170 2504 305 2564 animam
320 2506 478 2564 discretam
494 2512 522 2564 ει
535 2507 707 2580 perlectam,
721 2525 781 2564 nou
791 2507 1000 2564 inconvenien-

171 2600 214 2652 ιει
224 2596 363 2668 exprimit
375 2595 590 2666 operationem.
616 2599 694 2663 Ovis,
712 2599 783 2669 qnia
799 2597 941 2652 innocens
957 2600 999 2649 cst

170 2682 293 2751 animal,
309 2683 510 2738 innocentiam
526 2683 682 2752 significat.
701 2688 795 2757 Capra
809 2689 838 2740 ει
851 2684 999 2748 hircus,eo

171 2768 254 2840 qnod
267 2784 302 2823 ex
315 2768 384 2840 pilis
403 2785 507 2825 eorum
523 2785 595 2838 saga
611 2771 707 2827 solent
726 2773 800 2838 lieri,
831 2773 861 2826 in
889 2770 999 2843 quibus

170 2855 204 2911 iit
228 2856 412 2927 prenitentia,
438 2857 643 2927 prenitentiam
669 2859 847 2926 significant.
886 2863 998 2926 lignus,

170 2947 243 3018 quia
256 2943 349 3000 vellus
361 2948 389 3000 et
399 2960 508 3017 eorpus
522 2945 614 3002 habet
628 2947 872 3018 mundissimum,
882 2948 1000 3003 mundi-
1015 2928 1035 2982 C

172 3033 243 3090 tiam
257 3033 403 3101 (resignat.
419 3034 498 3090 Sient
509 3033 659 3100 columba,
670 3037 743 3107 quia
754 3035 879 3108 simplex
894 3040 922 3092 et
937 3039 999 3091 sine

123 3151 125 3154 >
171 3121 305 3189 lelleest,
322 3121 564 3194 simplicitatem;
593 3126 621 3177 ci
648 3126 752 3188 turtur,
781 3127 853 3196 quia
883 3130 999 3179 eastum

91 3245 97 3255 ·
171 3209 294 3277 animal,
311 3211 475 3265 castitatem
494 3210 651 3280 signifieat.
669 3211 717 3268 Sal
732 3211 869 3278 desiniat
884 3215 1000 3286 sapien-

170 3291 254 3370 tiam,
270 3301 341 3374 quia
357 3301 432 3356 sicut
446 3299 490 3356 sal
504 3299 605 3357 condit
629 3301 752 3370 cibaria,
784 3305 824 3358 sic
854 3303 1000 3375 sapientia

171 3391 293 3447 virtutes
321 3394 350 3444 et
374 3389 456 3445 bona
474 3404 576 3460 opera.
594 3392 700 3447 Farina
723 3407 786 3447 non
812 3391 998 3459 fermentata,

173 3478 338 3549 simplicem
354 3476 482 3548 explicat
506 3477 673 3533 doctrinam
700 3479 739 3535 ab
767 3482 849 3535 omni
864 3481 1001 3536 lueretica

171 3566 317 3637 pravitate
337 3579 456 3635 puram.
483 3565 562 3620 Sicut
575 3568 655 3621 enim
679 3566 857 3623 termentum
873 3569 1000 3624 farinam

173 3653 347 3726 corrumpit,
364 3652 405 3706 sic
421 3653 541 3708 heresis
556 3655 720 3726 corrumpit
732 3655 909 3713 doctrinam.

210 3778 376 3836 Offeramus
392 3777 480 3846 igitur
502 3777 628 3833 vitulum
644 3795 698 3850 ρει·
712 3778 925 3848 obedientiam,
950 3781 1003 3837 bo·

173 3884 243 3925 vem
255 3884 308 3940 per
322 3867 527 3938 operationem
550 3865 719 3934 discretam,
736 3882 824 3924 ovem
852 3885 905 3942 per
921 3871 1002 3926 inno·

175 3957 313 4022 centiam,
330 3970 442 4023 agnum
456 3969 508 4025 per
537 3954 727 4024 munditiam,
756 3972 880 4028 capram
894 3962 923 4012 ct
945 3959 1003 4014 hii·-

175 4061 244 4103 cum
257 4059 311 4116 per
323 4041 481 4112 cujuslibet
490 4042 585 4115 eulpae
601 4043 816 4116 penitentiam,
829 4046 1002 4102 columbam

175 4149 229 4208 per
256 4131 486 4204 simplicitatem,
516 4136 662 4190 turturem
688 4151 741 4208 per
767 4137 940 4201 castitatem,
958 4154 1003 4192 sa-

175 4223 235 4279 lem
249 4220 417 4277 ctiarinam
441 4236 495 4292 per
520 4222 697 4295 sapientiam
721 4226 749 4279 ei
774 4223 952 4280 doctrinam.
970 4228 1002 4281 Et

175 4310 240 4366 lune
254 4310 357 4366 omnia
382 4309 528 4367 debemus
542 4312 647 4369 offerre
663 4315 725 4369 sine
744 4313 889 4370 fermento
911 4314 1002 4370 heere-

176 4400 241 4456 tieae
255 4400 417 4472 pravitatis
442 4401 504 4457 sine
529 4401 615 4456 melle
639 4401 789 4457 srecularis
816 4400 1002 4471 dulcedinis3

87 4519 91 4527 ·
176 4488 248 4562 quia
262 4488 441 4545 fermentum
469 4488 552 4562 quod
566 4489 705 4560 exprimit
724 4490 893 4546 haercticam
907 4492 1005 4563 pravi·

176 4581 277 4645 tatem,
294 4578 394 4634 etmel
409 4577 492 4651 quod
513 4576 650 4648 designat
677 4577 849 4635 saecularem
874 4579 1005 4636 dulcedi·

177 4681 257 4732 nem,
274 4666 304 4720 in
319 4666 473 4721 sacrificiis
486 4667 595 4721 Veteris
614 4668 790 4723 Testamenti
805 4668 1005 4740 prohibeban-

178 4757 235 4808 tur.
253 4753 435 4810 Sacrificium
448 4754 531 4825 qnod
547 4755 655 4826 partim
682 4755 880 4824 cremabatur,
895 4761 1005 4830 partim

178 4839 396 4908 reservabatur,
436 4842 584 4910 significat
622 4842 736 4899 bonam
772 4845 1004 4902 inchoationem.

179 4928 400 4997 Holocaustum,
414 4929 497 5003 quod
520 4935 615 4987 totum
642 4933 841 5000 cremabatur,
868 4951 1007 4990 consum·

178 5015 352 5075 mationem.
370 5019 479 5075 Eodem
498 5020 590 5076 modo
612 5022 792 5078 sacrificium
814 5023 1006 5091 matutinum,

179 5106 399 5164 inchoationem
415 5109 563 5178 significat
573 5127 579 5176 ;
591 5111 804 5183 vespertinum,
816 5127 1007 5167 consumma·

178 5195 290 5252 tionem
306 5196 453 5266 designat.
469 5196 618 5254 Sacrifieia
634 5198 701 5266 igne
717 5202 800 5254 cocta
815 5199 1005 5271 bonaopera,

179 5301 248 5357 quae
261 5285 337 5368 fiunt
352 5301 405 5358 ρει
419 5286 566 5342 fervorem
581 5287 688 5342 interni
713 5287 832 5343 amoris
861 5290 946 5360 Aqua
960 5303 1007 5344 co-

180 5377 237 5441 cta,
253 5375 422 5445 significant
435 5393 537 5449 opera,
550 5392 619 5449 quie
632 5377 709 5432 fiunt
721 5393 775 5449 per
789 5379 915 5446 gratiam
928 5394 1007 5433 conr-

180 5463 351 5532 punctionis
368 5483 374 5520 :
390 5465 522 5522 libamen
535 5465 607 5532 vini,
620 5465 815 5521 ebriationem
838 5467 945 5522 mentis
960 5482 1008 5521 ex-

182 5545 293 5620 primit,
308 5567 376 5623 quie
392 5570 445 5625 per
458 5555 693 5613 consolationem
708 5556 856 5612 confertur
885 5556 1008 5629 Spiritus

1054 1670 1159 1710 sensus
1182 1653 1348 1726 Scriptura,
1365 1653 1496 1718 historia,
1527 1651 1678 1720 allegoria,
1704 1647 1879 1721 tropologia,

1054 1758 1201 1813 anagoge,
1221 1742 1333 1815 quibus
1345 1742 1411 1815 ipsa
1424 1742 1554 1810 erigitur,
1576 1746 1604 1797 ct
1618 1757 1636 1795 a
1651 1738 1774 1795 terrenis
1788 1736 1880 1792 eleva-

1053 1836 1109 1888 tur.
1128 1830 1262 1896 labium,
1292 1830 1438 1897 significat
1453 1829 1697 1902 pradicationem
1713 1825 1878 1897 Scriptura.

1055 1919 1199 1976 Circuitus
1213 1917 1283 1974 labii
1299 1919 1437 1990 exprimit
1452 1917 1704 1990 perseverantiam
1719 1912 1880 1987 pradican-

1054 2009 1094 2065 iii.
1112 2007 1199 2072 Quasi
1215 2007 1329 2063 labium
1343 2024 1474 2080 namque
1500 2024 1553 2081 ρει·
1571 2006 1726 2062 circuitum
1753 1992 1877 2064 ducitur.

1053 2097 1127 2153 dum
1153 2096 1325 2169 praedicatio
1361 2113 1512 2169 nusquam
1539 2096 1723 2152 terminatur.
1752 2095 1880 2158 Quatuor

1054 2185 1166 2252 anrnrli,
1181 2189 1311 2257 quatuor·
1325 2191 1392 2241 suni
1409 2185 1635 2253 evangeiiorum
1648 2182 1724 2239 libri.
1738 2181 1793 2248 Qui
1807 2183 1880 2235 recte

1054 2274 1193 2330 dicuntur
1206 2273 1308 2330 annuli
1322 2289 1357 2329 eo
1370 2273 1452 2346 quod
1467 2273 1555 2328 nobis
1565 2271 1769 2332 eternitatem,
1778 2269 1809 2324 in
1824 2283 1881 2339 qua

1054 2363 1123 2418 linis
1138 2378 1199 2418 non
1215 2366 1268 2428 est,
1295 2361 1480 2434 prornittimt.
1498 2366 1614 2418 Corona
1634 2357 1816 2424 interrasilis,
1830 2355 1881 2411 dii·

1055 2451 1211 2508 serentiam
1223 2451 1360 2518 designat
1374 2450 1490 2507 mentis.
1504 2455 1515 2506 i
1518 2457 1619 2506 torona
1630 2464 1720 2505 aurea
1732 2447 1772 2503 illi
1782 2461 1882 2518 super-

1055 2541 1162 2614 posita,
1176 2540 1323 2610 fulgorem
1338 2538 1463 2612 precarii.
1477 2538 1638 2595 Duodecim
1650 2553 1753 2610 panes,
1767 2539 1883 2607 aposto

1054 2629 1328 2697 licam,designant
1355 2627 1533 2684 doctrinam.
1565 2624 1735 2690 riceiabula,
1767 2623 1884 2678 monta·

1055 2733 1121 2772 cem
1135 2720 1163 2772 et
1177 2715 1323 2782 crebram,
1345 2715 1455 2771 scilicet
1480 2720 1583 2770 contra
1610 2713 1690 2779 vitia,
1716 2710 1885 2781 significant

1055 2803 1298 2876 increpationem.
1322 2803 1439 2871 Phiala,
1456 2821 1523 2877 quin
1554 2803 1699 2872 majorem
1726 2798 1886 2871 capiebant

1055 2909 1238 2958 mensuram,
1256 2893 1461 2964 abundantem
1476 2896 1504 2948 ct
1523 2891 1685 2964 perlectam
1714 2888 1885 2961 exprimunt

1055 2981 1209 3037 seientiam
1225 2985 1253 3037 et
1267 2981 1443 3037 doctrinam.
1460 2981 1573 3053 cyathi,
1597 2980 1649 3052 qui
1664 2979 1764 3035 minus
1790 2976 1884 3048 capic-

1055 3070 1138 3141 bant,
1153 3071 1356 3146 angustiorem
1372 3071 1525 3127 seientiam
1541 3074 1569 3126 et
1587 3068 1755 3125 doctrinam
1776 3067 1885 3137 signiti-

1055 3165 1132 3216 cant.
1149 3159 1320 3226 Thur-ibula,
1337 3158 1468 3232 eoquod
1484 3158 1553 3214 tirus
1568 3174 1638 3213 eum
1653 3156 1788 3213 oratione
1813 3154 1885 3210 solet

1056 3248 1164 3318 osterri,
1181 3247 1346 3304 orationem
1373 3263 1432 3302 uon
1447 3245 1688 3302 inconvenienter
1716 3244 1883 3312 designant.

1055 3339 1153 3393 Mensa
1166 3336 1267 3406 igitur,
1285 3335 1455 3408 Scriptura;
1471 3334 1586 3390 labium
1601 3334 1675 3404 cius,
1692 3330 1883 3404 praedicatio:

1056 3424 1195 3481 circuitus
1223 3423 1303 3487 labii,
1320 3424 1461 3479 continua
1488 3421 1655 3478 sollicitudo
1681 3418 1883 3493 predicandi:

1055 3518 1185 3586 quatuor
1200 3513 1312 3576 annuli,
1329 3516 1458 3584 quatuor
1473 3510 1698 3577 Evangeliorum
1722 3507 1810 3575 iii›ri;
1839 3523 1885 3562 ve·

1055 3605 1126 3668 cies,
1143 3600 1374 3674 praedieatores;
1400 3599 1560 3655 duodecim
1589 3614 1696 3671 panes,
1722 3595 1885 3669 apostolica

1056 3689 1208 3756 doctrina;
1234 3688 1399 3756 acetabula,
1423 3687 1585 3761 increpatio
1609 3686 1736 3753 acerba;
1767 3683 1882 3757 phiala.

1056 3778 1216 3834 abundans
1230 3776 1352 3833 scientia
1367 3777 1427 3832 sive
1450 3776 1587 3832 doctrina
1604 3794 1610 3844 ;
1640 3774 1750 3847 cyathi,
1765 3772 1883 3828 seientia

1056 3866 1101 3923 vel
1115 3866 1250 3922 doctrina
1266 3869 1414 3936 anausim
1441 3865 1602 3932 thuribula,
1619 3864 1713 3920 oratio
1729 3863 1849 3919 devota.

1222 3959 1289 4013 Car.
1304 3959 1358 4011 liii.
1376 3957 1419 4012 De
1433 3957 1481 4011 rua
1496 3957 1587 4010 trium
1603 3955 1728 4009 dierum.

1092 4045 1203 4100 Ibimus
1218 4047 1296 4102 viem
1312 4047 1403 4100 trium
1417 4046 1532 4101 dierum
1544 4046 1574 4100 in
1590 4044 1714 4113 deserto,
1730 4048 1757 4099 et
1773 4042 1882 4108 surrid-

1058 4135 1190 4191 cabirum
1203 4136 1328 4190 Domino
1344 4136 1404 4192 Deo
1423 4141 1524 4190 nostro
1537 4134 1637 4202 (Num.
1649 4133 1688 4202 x).
1715 4135 1798 4188 Unus
1812 4130 1880 4188 dics.

1058 4240 1145 4297 spes3
1162 4240 1240 4279 unus
1253 4225 1326 4296 dies,
1340 4224 1429 4293 fides,
1443 4240 1521 4279 unus
1531 4222 1604 4289 dics,
1621 4222 1759 4278 charitas
1772 4221 1882 4277 Primus

1058 4314 1122 4371 dies
1136 4314 1233 4381 lueet;
1261 4313 1411 4369 secundus
1426 4313 1503 4369 lucei
1531 4317 1558 4367 ct
1574 4311 1664 4377 ealet;
1691 4310 1796 4367 tertius
1810 4310 1882 4365 lucet

1058 4408 1086 4460 ct
1100 4403 1201 4460 fervet.
1217 4402 1267 4458 Via
1283 4402 1373 4459 trium
1387 4401 1514 4466 dierum,
1543 4400 1711 4456 exercitatio
1739 4405 1785 4455 est
1798 4399 1882 4454 virtu·

1059 4497 1122 4549 tum
1137 4492 1345 4565 spiritualium,
1359 4492 1431 4564 quia
1444 4491 1497 4564 qui
1511 4491 1589 4546 viam
1618 4489 1735 4545 dierum
1762 4489 1882 4545 istorum

1059 4585 1258 4650 consummat,
1287 4586 1406 4650 gratum
1433 4584 1492 4636 ileo
1519 4578 1698 4635 sacrificium
1727 4577 1881 4640 immolat,

1058 4671 1130 4745 quia
1141 4669 1277 4744 quisquis
1296 4672 1351 4726 has
1367 4675 1424 4725 tres
1451 4669 1572 4725 virtutes
1600 4668 1699 4724 habet.
1716 4671 1776 4723 ileo
1791 4666 1883 4740 placei

1059 4759 1207 4833 quidquid
1221 4763 1369 4831 operatur,
1386 4763 1438 4813 aut
1464 4762 1588 4813 exercet.
1614 4757 1762 4812 Debemus
1787 4759 1884 4812 autem

1060 4847 1164 4903 oilerre
1179 4862 1267 4901 ovem
1282 4861 1335 4918 ρει·
1357 4845 1568 4913 innocentiam,
1598 4862 1712 4914 agnum
1734 4861 1788 4917 per
1802 4860 1884 4900 mun-

1060 4934 1174 5002 ditiam,
1190 4938 1347 5002 etentera,
1363 4950 1430 5006 quse
1456 4935 1493 4989 de
1521 4933 1672 4990 sacrificiis
1700 4937 1769 4988 sunt
1798 4947 1885 5003 supra

1060 5021 1203 5094 exposita.
1233 5022 1289 5079 Sed
1312 5022 1376 5078 hoee
1400 5021 1503 5077 omnia
1543 5025 1612 5078 sunt
1649 5020 1886 5076 abominationes

1060 5110 1275 5183 AEgypiiorum,
1289 5110 1361 5182 quia
1376 5115 1488 5166 ennete
1504 5109 1625 5166 virtutes
1639 5115 1667 5167 et
1685 5114 1792 5164 cuneta
1807 5109 1886 5163 bona

1060 5216 1152 5272 opera
1166 5203 1234 5255 sunt
1242 5198 1426 5254 abominatio
1437 5199 1610 5255 daemonum
1622 5203 1649 5254 et
1659 5213 1823 5271 pravorum
1838 5196 1888 5251 lio·

1061 5288 1187 5344 minum.

1197 5378 1263 5432 Car.
1280 5379 1347 5432 xiii.
1361 5376 1531 5432 Deductus
1551 5378 1752 5432 Testamenta.

1095 5467 1183 5520 Vetus
1194 5468 1425 5534 Testamentum,
1439 5466 1587 5536 significat
1602 5469 1714 5522 b'ovum
1727 5485 1733 5530 ;
1748 5464 1807 5532 lex,
1824 5480 1888 5532 ara·

1060 5554 1142 5611 tiam.
1156 5556 1212 5610 lex
1221 5553 1292 5611 data
1304 5557 1347 5610 est
1357 5570 1409 5626 per
1419 5558 1549 5629 Moysen,
1561 5555 1655 5627 gratia
1664 5555 1886 5627 pereni-isium.
