3832 6044
166 144 217 194 739

166 263 259 338 poris,
275 277 352 335 quos
367 260 443 316 benc
454 263 483 314 et
498 258 624 330 pericete
649 261 764 327 regunt,
782 256 894 327 ‹piilnrs
921 272 997 328 prae-
1018 259 1040 311 h

168 357 247 419 sunt,
263 367 317 424 per
332 365 409 422 quos
422 351 593 419 operantur.
607 345 801 401 comedentes
813 345 943 416 tlenique
954 360 1000 398 sa·

169 441 287 507 tiantur,
304 454 373 494 curu
390 434 541 491 auditores
554 433 591 488 de
606 432 756 498 omnibus,
773 448 840 504 quae
854 432 892 487 ad
906 431 997 486 tidem

168 536 197 586 et
208 529 322 584 bonam
337 524 543 598 operationem
557 523 713 596 pertinent,
739 538 792 594 per
816 519 1000 594 pradicatio-

168 633 239 674 nem
266 621 295 671 et
317 614 476 671 lectionem
501 612 687 669 eruuliuntur.
711 612 863 680 Exceptis,
892 609 998 681 iuquit,

168 705 345 762 irretierihns
357 709 383 762 et
391 705 541 774 perculis.
559 701 701 772 Mulieres
718 717 807 756 sexus
823 698 933 768 fragilis
948 716 955 764 3
972 701 1000 753 et

168 793 295 869 parvuli,
312 791 557 848 minorridelicet
573 794 654 857 retae,
683 793 752 844 sunt
775 804 902 843 rurmero
925 785 1000 841 iudi-

170 885 232 956 gni.
249 885 296 940 isti
313 881 482 952 significant
493 881 628 937 ιιιιιιιιιοι1
643 879 673 935 ιιι
688 879 748 934 tide
773 877 910 933 ιιοιιιιιιιιι
937 875 1000 931 ιιιο·

169 990 243 1030 neos
259 988 379 1045 pugrne.
396 974 522 1026 Possunt
537 969 626 1024 etiam
648 985 702 1041 per
717 967 856 1023 insilieres
880 970 908 1020 ct
931 980 998 1037 par-

170 1062 257 1118 vulos
267 1060 387 1133 reprobi
398 1058 558 1130 signiticari
573 1058 634 1130 qni,
648 1056 787 1129 quamvis
803 1071 872 1110 curn
900 1052 998 1109 electis

171 1151 332 1207 comedant
346 1165 399 1222 per
411 1148 547 1205 auditum
562 1145 791 1220 praedicationis,
802 1149 884 1200 extra
896 1158 999 1198 urtinc-

171 1256 238 1297 rum
254 1244 354 1296 tamen
368 1238 528 1294 electorum
544 1239 613 1291 sunt
627 1251 680 1309 per
688 1234 864 1307 pravitatem
879 1248 1000 1288 conser-

172 1327 304 1384 sationis.
320 1328 359 1382 lit
373 1329 508 1383 tulerunt
520 1325 663 1395 reliquias
680 1323 833 1379 duodecim
858 1321 1000 1390 cophinos

169 1419 410 1487 reciprocatorum
417 1416 532 1486 pierres.
543 1412 694 1484 antiquie,
706 1417 774 1467 suru
785 1409 944 1484 spiritualis
959 1408 1001 1464 in·

171 1504 339 1577 telligentire
369 1503 533 1569 subtiliora,
559 1506 588 1557 ct
614 1499 999 1556 secretioradocumenta:

172 1609 240 1668 quus
252 1593 405 1650 aradibus
420 1592 487 1665 capi
496 1594 659 1664 nequeunt.
674 1591 819 1655 Quaemn
831 1586 1000 1656 suutuegli-
1022 1615 1041 1667 Β

173 1687 276 1753 gerster
298 1682 506 1755 relinquenda,
532 1680 584 1736 sed
607 1679 647 1736 ab
674 1678 826 1752 apostolis,
849 1682 1001 1733 eteorum

174 1773 397 1829 successoribus
412 1771 568 1842 diligenter
582 1769 753 1843 quaererula.
781 1766 921 1839 ιὶοριιιιιι»1
944 1781 1003 1820 ser-

171 1861 240 1919 vibo
255 1878 346 1936 opera
360 1865 512 1932 geruntur,
522 1861 637 1916 etlteus
646 1859 766 1927 indicna
783 1856 888 1911 rescindi
902 1856 999 1925 etegit,

173 1958 207 2008 ut
219 1953 315 2022 sortia
329 1966 454 2023 qtcoeque
466 1949 633 2018 corisnnclat
646 1949 674 2015 tl
684 1947 752 2003 Cor.
768 1950 797 2007 rt.
812 1945 1001 2010 Studeamus,

174 2044 202 2096 et
216 2056 271 2096 nos
284 2043 440 2112 acceptum
455 2054 565 2111 panem
582 2036 693 2093 diviuie
710 2034 838 2092 scientiae
853 2050 906 2106 per
929 2048 1003 2105 prue-

173 2129 352 2186 dicationem
367 2127 431 2184 ahis
450 2141 613 2200 apponere,
629 2142 667 2181 ne
680 2141 734 2198 per
748 2127 883 2179 nostram
910 2120 1003 2191 negli-

174 2218 305 2291 gentiam
318 2217 347 2273 ιιι
363 2216 412 2272 ria
424 2215 574 2283 deliciunt,
591 2219 643 2271 aut
657 2214 736 2270 lame
751 2215 884 2286 pereant.

175 2359 253 2422 Cae.
267 2358 350 2420 Vlll.
368 2355 413 2417 De
433 2356 557 2417 iriuliere
583 2357 612 2414 in
634 2354 784 2416 adrdteric
809 2350 1000 2433 deprehensa.

209 2487 412 2543 Adducerunt
427 2487 467 2543 att
480 2487 579 2541 leston
592 2484 705 2540 Serilnc
720 2489 747 2539 et
766 2481 919 2538 l'lrorisrei
940 2493 1004 2535 rnu-

176 2577 277 2633 tierem
303 2577 334 2630 iu
356 2576 507 2631 urtntterio
531 2573 806 2643 deprehensarum
832 2572 1002 2626 statuerant

175 2678 240 2718 eam
253 2664 284 2717 iu
295 2663 400 2728 inedia,
413 2668 440 2717 et
451 2663 594 2717 discertent
602 2662 629 2716 ei
638 2676 649 2716 .·
663 2661 807 2729 illapistec
818 2659 881 2715 lru’c
895 2657 1004 2713 rrinlier

175 2748 261 2805 rriodo
279 2748 464 2818 deprehensa
478 2751 559 2804 estin
574 2749 734 2804 actutterto.
759 2749 794 2802 ln
820 2749 884 2817 lene
904 2752 1003 2802 autem

174 2838 456 2908 Moyscsmoncluvtt
475 2836 558 2892 erotis
580 2836 753 2905 lnrjnsinocli
779 2837 925 2905 tepidare.
960 2837 1002 2889 Τιι

174 2942 244 2998 erpo
258 2926 332 2998 quid
345 2926 441 2981 dieis?
455 2927 554 2992 (locri.
571 2942 628 2981 rin.
653 2925 753 2983 Mulier
777 2924 832 2981 ista
856 2925 1005 2994 siguificat

175 3015 315 3087 gentilem
330 3014 491 3071 Ecclesiam
503 3032 520 3072 a
534 3014 656 3071 diabolo
671 3031 724 3087 per
739 3014 887 3071 culturam
912 3015 1003 3070 idolo-

173 3121 242 3162 rum
255 3104 396 3161 violatam
410 3123 416 3160 :
432 3105 511 3160 hanc
523 3104 616 3160 ludici
640 3104 744 3161 volunt
764 3104 901 3178 lapidari,
931 3104 1002 3177 quia

141 3244 145 3257 .
174 3194 279 3252 volunt
293 3211 360 3251 eam
375 3193 523 3263 damnari,
548 3195 622 3250 dum
641 3194 777 3251 insident
804 3210 872 3250 earn
901 3194 1002 3264 gratie

175 3284 301 3342 coelestis
314 3284 491 3358 participem
504 3283 577 3341 lieri.
592 3285 657 3340 Hoc
672 3290 771 3341 aretem
789 3283 926 3340 dicebaut
942 3291 1004 3341 ten·

175 3380 271 3431 teretes
282 3389 359 3444 erim,
375 3379 407 3428 ιιι
423 3379 543 3443 possent
553 3389 695 3430 accersere
708 3389 784 3430 ericii.
802 3372 915 3429 lnimici
931 3373 1003 3430 Pha·

174 3462 375 3518 risaeitentant
388 3462 426 3518 de
447 3462 570 3534 justitia,
592 3480 629 3519 an
654 3468 758 3520 contra
784 3479 851 3518 earu
875 3462 1003 3531 diceret,

176 3549 309 3606 sciebant
319 3550 399 3605 euim
415 3556 608 3607 mansuetum
623 3556 652 3608 et
665 3551 873 3607 misericordiae
896 3551 1003 3625 praedi·

176 3641 317 3706 satorem,
334 3637 413 3694 unde
428 3638 566 3711 placebat
589 3640 721 3712 populo,
748 3641 828 3696 uuile
856 3642 1004 3713 putabant

176 3727 325 3784 dicturum
339 3725 546 3782 dimittendam
561 3726 738 3798 adidteram,
749 3730 777 3782 et
786 3727 817 3781 ιιι
827 3728 884 3783 hoc
895 3727 1005 3783 dicere-

175 3820 223 3872 tur
237 3814 401 3872 contrarius
414 3813 472 3882 legi
487 3812 587 3885 Moysi,
605 3817 633 3869 et
648 3816 707 3868 Deo
733 3813 857 3883 auctori,
886 3817 914 3870 et
937 3813 1004 3869 ideo

175 3901 246 3960 cum
260 3902 395 3960 adultera
409 3917 477 3957 reus
492 3902 606 3958 mortis.
625 3901 708 3965 Quod
722 3901 747 3957 si
775 3901 942 3958 seeundum
966 3901 1005 3957 le·

176 3990 365 4062 gemdiceret
379 3989 586 4063 lapidandam,
613 3990 781 4048 deriderent
812 4007 891 4057 cum,
917 3990 1004 4064 quasi

174 4095 237 4137 nou
252 4077 413 4136 habentem
439 4079 711 4146 mansuetudinem,
740 4095 834 4153 quam
863 4080 1006 4154 preadica-

175 4169 237 4239 bat,
253 4173 282 4226 et
295 4185 350 4243 pro
364 4186 427 4242 qua
443 4170 612 4226 amabatur.
629 4175 694 4244 lpse
707 4176 806 4227 autem
829 4177 935 4228 neutra
958 4187 1005 4227 ca-

175 4259 256 4333 pitur
265 4259 425 4326 calumnia,
442 4259 493 4316 sed
509 4264 626 4316 servata
639 4260 869 4317 mansuetudine
883 4276 1005 4334 respon·

175 4347 228 4417 dit,
242 4348 326 4422 qued
340 4352 385 4404 est
396 4364 473 4404 vera
485 4347 628 4420 justitia:
650 4350 708 4418 Qui
729 4350 793 4405 siae
808 4356 932 4419 yteccato
951 4354 1004 4421 est,

170 4438 290 4508 prtinus
305 4438 412 4494 ineam
426 4438 675 4506 lepidernmittut.
703 4438 769 4507 lpse
796 4443 896 4494 uatem
920 4440 1005 4494 incli-

175 4542 253 4584 nans
263 4542 294 4584 se
309 4527 458 4598 deorsam,
474 4527 567 4599 ctz'pito
578 4526 725 4584 scridebat
739 4527 770 4583 in
791 4533 883 4584 tenu.
909 4527 1005 4598 Digito

176 4615 228 4672 nei
244 4615 354 4689 scripta
367 4615 422 4671 iuit
435 4615 483 4671 lex
493 4615 523 4671 in
538 4615 648 4672 tabulis
662 4615 798 4689 lapideis
814 4632 869 4689 pro
896 4616 1006 4674 duritia

176 4703 254 4758 illius
269 4702 392 4775 populi,
412 4702 571 4760 inchoatus
580 4704 645 4775 jam
659 4705 689 4760 in
700 4704 892 4779 homineipse
905 4710 1004 4762 custos

176 4791 250 4860 legis
265 4794 317 4859 est,
332 4796 360 4847 et
372 4790 469 4858 dator,
485 4796 513 4847 et
523 4792 616 4863 judex
629 4798 672 4850 est
684 4794 817 4850 scribens
831 4794 862 4850 in
876 4799 961 4852 terra
973 4798 1005 4851 lu

177 4896 239 4953 quo
253 4879 341 4937 docet
353 4895 409 4935 nos
423 4879 460 4935 de
472 4881 579 4937 auditis
593 4881 680 4939 malis
692 4883 817 4956 alicujus
830 4899 892 4940 non
917 4888 1006 4940 teme·

177 4986 209 5027 re
222 4968 367 5043 judicare,
384 4969 438 5025 sed
450 4969 533 5042 prius
542 4970 634 5040 digito
647 4971 842 5041 discretionis,
854 4988 909 5028 nos
924 4973 1006 5046 ipsos

177 5060 258 5118 intus
270 5058 416 5117 discutere
429 5057 505 5115 sicut
528 5058 569 5116 ihi
592 5059 685 5117 dicit:
715 5060 769 5128 Qui
798 5061 861 5117 siue
883 5066 1005 5135 peccato

178 5154 231 5218 est,
242 5151 374 5205 restrum
386 5146 540 5220 primusiu
555 5164 622 5205 eam
637 5148 769 5222 lapidem
784 5148 898 5217 mittat;
918 5149 1006 5222 quasi

177 5238 305 5296 diceret:
322 5238 405 5295 Prius
418 5237 479 5293 sitis
490 5237 571 5310 justi,
588 5241 691 5311 postea
705 5253 788 5296 ream
802 5236 942 5311 puniatis
959 5238 1006 5295 Sic

179 5328 260 5383 euim
272 5328 357 5399 iubet
370 5327 418 5383 lex
432 5326 532 5400 puniri
546 5344 635 5394 reos;
665 5342 726 5383 non
757 5331 856 5383 tamen
882 5343 900 5381 a
927 5325 1007 5383 simi-

178 5411 258 5468 libus
272 5415 451 5485 pnniendos.
468 5419 542 5472 Ecce
555 5416 644 5490 plena
656 5414 779 5487 justitia,
797 5418 829 5470 ut
835 5414 933 5486 justus
944 5430 1008 5471 ma·

180 5498 225 5554 los
239 5503 266 5555 et
279 5503 358 5560 mala
373 5505 488 5577 puniat.
505 5505 548 5562 lili
562 5522 634 5576 ergo
663 5505 709 5561 sel
737 5520 821 5561 ream
847 5502 1006 5573 dimittant,

179 5586 226 5642 vel
246 5603 315 5644 curu
328 5606 364 5646 ea
373 5606 496 5663 poenam
504 5593 640 5651 subeant.
647 5594 687 5650 Et
698 5594 805 5651 iterum
814 5607 844 5650 se
856 5592 1007 5650 melinum

1023 2967 1042 3019 t:

1021 4314 1042 4368 D

487 137 639 192 uncatis
658 136 703 189 bt}
723 135 750 189 S.
771 134 919 188 sunone
939 134 1012 188 Ol'l‘.
1035 131 1121 186 PARS
1142 133 1161 185 l.
1182 162 1216 172 m
1237 127 1560 186 exaestuandam.

1831 125 1880 177 tttt

1057 256 1086 310 ia
1103 262 1185 311 terra
1197 250 1363 324 scribebat,¹
1381 253 1488 308 iterum
1515 249 1639 304 interra
1658 246 1821 312 scribebat,
1848 264 1881 302 cx

1055 360 1139 399 more
1152 344 1210 399 alio
1226 344 1340 399 ιιιιιιιιιι
1352 344 1480 407 vertens
1495 342 1527 394 ut
1540 336 1595 393 illis
1611 335 1881 401 sitlibernmexirc,

1055 447 1131 504 quos
1147 430 1333 505 praevidebat
1344 428 1429 486 citius
1442 426 1572 483 exituros
1586 439 1680 498 quarn
1690 423 1779 496 plura
1796 423 1884 478 inter-

1054 525 1220 588 rogaturos.
1236 523 1325 577 Docet
1338 522 1439 575 autem
1451 533 1507 573 nos
1522 515 1597 572 sieut
1608 517 1712 570 etanta
1724 512 1884 585 correptio

1054 625 1124 664 uem
1136 607 1267 680 atterius,
1281 608 1322 664 ita
1338 610 1366 663 et
1381 610 1450 679 post
1460 604 1599 676 nosipsos
1625 601 1807 671 investigare
1830 600 1884 655 hu-

1055 697 1172 769 militer,
1188 713 1243 754 nec
1257 697 1348 761 idem,
1361 694 1408 751 rel
1423 693 1536 767 aliquid
1551 691 1644 748 simile
1665 691 1696 746 ιιι
1720 689 1812 746 nobis
1838 689 1882 746 sit.

1054 788 1216 843 desilientes
1229 794 1328 844 anton
1344 786 1417 853 hccc,
1434 800 1512 840 unies
1523 787 1591 854 post
1605 797 1697 837 ursina
1714 779 1851 844 exibant,
1866 796 1883 835 a

1055 878 1218 934 senioribus
1231 877 1403 945 incipientes
1411 880 1460 946 ,·et
1475 872 1617 930 recitansit
1631 872 1712 926 solus
1734 872 1833 941 deses,
1857 874 1882 924 ct

1056 968 1166 1022 cerritior
1179 972 1262 1022 stans
1275 967 1306 1021 in
1321 965 1425 1020 inedie.
1441 963 1486 1020 Sic
1497 960 1605 1017 Jutlrcis
1628 959 1778 1017 Christum
1802 957 1883 1013 dese-

1055 1056 1188 1112 rentibus
1202 1072 1256 1128 per
1268 1053 1482 1120 infidelitatem,
1499 1050 1632 1121 gentium
1642 1047 1773 1104 Ecclesia
1787 1047 1818 1102 in
1825 1045 1882 1102 tide

1056 1145 1202 1217 statutio
1216 1143 1434 1218 exspectatione
1455 1139 1562 1196 divinoe
1584 1136 1795 1195 misericordie,
1821 1151 1883 1208 per·

1056 1240 1179 1303 severat,
1194 1240 1222 1290 ct
1234 1233 1421 1290 condonatur
1440 1230 1466 1286 ei
1480 1229 1578 1302 eulpa,
1588 1227 1766 1284 attribuitur
1779 1224 1880 1295 gratia

1059 1325 1149 1382 Siruili
1165 1324 1257 1380 inodo
1271 1322 1415 1379 Dominus
1429 1318 1561 1393 quotidie
1576 1316 1680 1390 recipit
1705 1315 1880 1380 adulteram,

1055 1414 1129 1470 ιιιιιιι
1145 1431 1197 1487 per
1211 1413 1338 1484 gratiam
1352 1410 1455 1484 recipit
1466 1407 1633 1483 quamlibet
1646 1406 1780 1463 animam
1792 1421 1811 1461 a
1825 1405 1882 1460 dia-

1057 1503 1127 1559 bolo
1141 1519 1195 1576 per
1209 1501 1331 1575 culpam
1345 1503 1527 1572 corruptam.

1222 1609 1301 1668 tiae.
1317 1606 1371 1667 lx.
1389 1605 1434 1665 lle
1450 1622 1527 1664 cccco
1543 1601 1722 1661 illuminato.

1094 1719 1269 1773 l’ra'teru'ens
1281 1719 1367 1772 lesus
1383 1715 1456 1770 cidit
1472 1712 1618 1768 tramine-in
1642 1725 1755 1766 cecum
1775 1709 1882 1764 anuti-

1058 1809 1150 1862 citntc
1164 1807 1261 1877 (lirare.
1278 1808 1328 1873 rs).
1346 1807 1445 1861 Cecus
1455 1802 1508 1858 iste
1524 1800 1659 1871 designat
1672 1813 1769 1868 gertus
1781 1797 1883 1853 huma·

1059 1911 1131 1950 rrum
1143 1893 1173 1948 ιιι
1184 1891 1358 1966 parentibus
1373 1891 1477 1965 primis
1486 1893 1669 1946 excecatum
1679 1903 1733 1960 per
1743 1882 1881 1955 originale

1058 1983 1286 2057 peecatnnudle
1308 1986 1432 2051 oportet,
1458 1978 1555 2052 inquit
1583 1976 1738 2044 Dominus,
1766 1973 1884 2045 operari

1058 2088 1148 2142 opera
1163 2073 1238 2142 eius,
1254 2071 1307 2141 qui
1317 2071 1397 2126 misit
1408 2084 1464 2135 rue,
1475 2066 1635 2124 doitecdies
1645 2070 1698 2123 est.
1710 2066 1775 2120 lton
1788 2060 1882 2117 solum

1059 2167 1129 2218 tnnc
1144 2177 1213 2217 cunr
1229 2159 1360 2217 Christus
1375 2161 1438 2214 erat
1452 2157 1482 2213 in
1497 2155 1622 2223 mundo,
1637 2154 1689 2210 sed
1716 2158 1745 2209 et
1769 2165 1884 2224 semper

1059 2267 1154 2324 usque
1166 2250 1205 2307 ad
1219 2247 1509 2306 consummationem
1523 2244 1623 2301 saeculi
1643 2259 1697 2317 per
1724 2241 1819 2298 fidem
1844 2244 1885 2294 est

1060 2339 1249 2406 euruelcctis,
1264 2341 1292 2394 et
1307 2342 1351 2392 est
1366 2341 1483 2408 tempus
1507 2333 1661 2407 operandi.
1693 2332 1788 2403 Venit,
1814 2344 1883 2399 rios,

1060 2431 1180 2502 qrcairdo
1192 2445 1276 2484 ιιιιιιο
1287 2432 1384 2497 potest
1396 2426 1524 2497 operari.
1540 2427 1601 2480 Nox
1617 2422 1676 2495 illa,
1692 2424 1737 2479 est
1759 2419 1884 2477 interna·

1060 2518 1096 2574 lis
1110 2517 1286 2586 obscuritas,
1301 2515 1406 2588 inqua
1421 2512 1494 2570 nulli
1508 2513 1575 2569 iicet
1588 2510 1705 2585 operari
1719 2514 1752 2565 ut
1765 2525 1822 2566 nec
1843 2525 1885 2564 ar·

1059 2607 1140 2664 ‹lcuti
1155 2605 1350 2663 disitiheuit:
1375 2603 1428 2660 sed
1460 2607 1575 2660 tantam
1599 2605 1644 2657 est
1672 2606 1792 2672 tempus
1818 2598 1886 2655 reci

1059 2697 1170 2771 piendi.
1186 2697 1317 2766 Easpait
1331 2697 1361 2750 in
1373 2700 1501 2751 terram:
1518 2692 1624 2763 etsecit
1633 2693 1728 2747 tutum
1740 2706 1779 2746 ec
1788 2694 1885 2760 sputo,

1059 2793 1086 2842 ct
1101 2787 1198 2842 ιιιιιιιιι
1215 2787 1311 2841 tntum
1324 2800 1415 2853 supet·
1424 2785 1509 2839 oculo
1520 2784 1594 2853 ejas,
1606 2786 1633 2837 et
1644 2780 1775 2836 clreitei:
1796 2779 1885 2848 Vade,

1058 2882 1086 2933 et
1102 2877 1170 2931 taire
1186 2876 1216 2930 in
1232 2875 1385 2931 natatoria
1399 2870 1578 2945 Siloetqnod
1587 2870 1888 2940 interpretationis-

1059 2965 1358 3035 saeuitiaeque
1377 2962 1472 3019 tavit:
1496 2967 1523 3018 et
1543 2961 1623 3018 uertit
1642 2960 1755 3016 videns.
1783 2958 1887 3030 ltaque

1059 3056 1159 3121 uicini,
1173 3059 1201 3108 et
1213 3053 1413 3125 qrcieiderunt
1427 3067 1493 3108 eum
1513 3051 1612 3120 prius,
1642 3049 1713 3121 qnia
1735 3047 1887 3104 mendicus

1060 3150 1135 3215 crat,
1148 3143 1302 3199 dicebaut:
1315 3142 1421 3197 lionae
1433 3141 1482 3197 liic
1497 3146 1549 3211 est,
1558 3139 1611 3210 qni
1620 3138 1750 3206 sedehat,
1767 3143 1795 3192 ct
1810 3152 1885 3193 nien·

1060 3232 1179 3289 eticabut
1194 3236 1208 3287 ἱ)
1223 3230 1319 3289 Salina
1333 3232 1377 3286 est
1398 3228 1556 3297 divinitas3
1581 3232 1668 3295 terra,
1695 3225 1884 3291 humanitas;

1058 3323 1155 3377 ιιιιιιιιι
1169 3339 1204 3377 cx
1220 3326 1357 3392 utroque,
1383 3318 1554 3390 conjunctio
1575 3317 1728 3389 utriusque
1763 3318 1884 3372 nature.

1061 3412 1146 3480 Siloe,
1164 3410 1247 3485 quod
1260 3409 1470 3482 interpretatur
1481 3409 1598 3476 missus,
1613 3405 1762 3464 Christum
1778 3404 1886 3474 signifi·

1060 3506 1107 3557 eat
1119 3501 1149 3556 ιιι
1163 3516 1225 3573 (ριο
1239 3515 1334 3556 caecus
1349 3498 1410 3554 luto
1426 3497 1526 3554 linitus
1539 3496 1665 3563 lavatur,
1686 3494 1762 3550 dum
1784 3508 1885 3568 pecca-

1062 3595 1106 3647 tor
1122 3589 1152 3645 iu
1168 3589 1227 3644 tide
1241 3586 1413 3654 divinitatis,
1430 3590 1458 3642 et
1471 3583 1675 3652 humanitatis,
1701 3583 1767 3656 ejus
1792 3581 1884 3654 bapti·

1062 3682 1307 3734 srnorcuovatur.
1326 3679 1359 3732 Et
1374 3675 1491 3731 cacitas
1511 3674 1652 3740 aufertur,
1683 3672 1759 3728 dum
1784 3687 1883 3746 pecca-

1060 3773 1123 3825 tum
1152 3765 1276 3822 deletur.
1303 3768 1390 3821 Lotus
1412 3764 1542 3838 denique
1581 3762 1662 3819 videt
1696 3762 1786 3830 clare,
1814 3759 1880 3816 dum

1060 3860 1180 3913 renatus
1199 3855 1326 3928 quisque
1342 3854 1444 3922 credit,
1459 3858 1487 3911 et
1496 3853 1599 3924 diligit,
1627 3856 1679 3908 aut
1706 3849 1880 3924 contempla·

1060 3945 1200 4003 turboua
1225 3943 1350 4000 caelestis
1373 3943 1487 4017 petrice.
1518 3946 1617 4001 Caeeus
1644 3941 1746 4015 itaque
1771 3939 1823 3996 iste
1842 3941 1879 3992 est

1062 4051 1156 4106 genus
1171 4035 1359 4100 humannm3
1375 4032 1499 4100 caecitas,
1515 4035 1693 4105 peccatum3
1715 4030 1821 4096 lutum,
1843 4025 1878 4080 in·

1062 4122 1243 4181 carnationis
1257 4126 1478 4179 sacramentum
1491 4140 1498 4190 3
1512 4120 1605 4177 linitio
1620 4124 1649 4176 et
1669 4118 1790 4191 lavatio,
1812 4116 1877 4173 fides

1061 4231 1130 4271 curu
1144 4212 1296 4286 baptismo
1309 4231 1315 4281 ;
1330 4211 1459 4284 receptio
1469 4211 1590 4267 luminis
1606 4208 1817 4283 contemplatio
1838 4221 1877 4261 su·

1061 4320 1160 4378 perusa
1175 4301 1323 4359 claritatis.
1342 4301 1399 4359 Sed
1412 4300 1506 4357 tudiei
1530 4299 1731 4356 illuminatum
1757 4297 1876 4370 ejiciunt,

1061 4395 1134 4450 dum
1148 4391 1296 4466 populum
1309 4390 1510 4448 Christianum
1522 4392 1727 4447 contemnunt.
1745 4391 1778 4445 et
1804 4389 1877 4444 tosus

1060 4482 1261 4540 ihuminatum
1277 4480 1407 4554 suscipit,
1424 4482 1496 4554 quia
1511 4479 1710 4538 Christianum
1723 4478 1824 4535 tadeo
1835 4490 1879 4531 an·

1061 4573 1183 4647 teponit.

1234 4680 1313 4743 Cre.
1330 4679 1370 4740 X.
1386 4677 1430 4740 lle
1444 4699 1540 4759 prono
1554 4680 1711 4760 [cernenti.

1096 4798 1165 4853 Nisi
1169 4811 1299 4867 acanum
1304 4796 1453 4866 traicienti
1458 4796 1567 4852 cudens
1573 4797 1603 4852 in
1612 4800 1882 4866 terram,mortaum

1060 4886 1391 4959 sncritsipsumsotem
1410 4891 1511 4942 manet
1531 4885 1631 4963 (loco.
1655 4889 1717 4949 xri).
1742 4882 1884 4941 Omnibus

1062 4980 1105 5032 est
1120 4973 1311 5031 manifestum
1321 4975 1359 5031 de
1367 4989 1462 5045 grano
1471 4973 1789 5048 frumenti,quoddum
1798 4972 1829 5029 in
1838 4976 1885 5028 ter

1062 5082 1128 5122 ram
1143 5064 1224 5121 eadit
1236 5050 1296 5122 nisi
1308 5064 1463 5135 moriatur,
1479 5064 1510 5120 id
1524 5069 1569 5121 est
1579 5064 1707 5121 humore
1729 5067 1814 5120 terre
1837 5062 1887 5117 hu·

1064 5157 1211 5210 mactetur
1223 5155 1252 5208 et
1266 5151 1323 5208 tale
1333 5151 1422 5225 quale
1441 5152 1524 5225 prius
1547 5152 1601 5208 tuit
1624 5168 1688 5208 esse
1710 5150 1839 5218 desinat,
1863 5152 1888 5206 et

1063 5258 1116 5316 per
1135 5239 1339 5296 alterationem
1353 5239 1545 5310 vegetationis
1551 5239 1632 5296 aliud
1640 5239 1702 5307 fiat,
1717 5238 1817 5295 solum
1829 5253 1889 5295 ma·

1063 5333 1114 5385 net
1124 5332 1152 5384 et
1162 5328 1292 5384 tractum
1307 5328 1425 5383 nahum
1441 5327 1534 5385 affert.
1550 5328 1694 5385 Stantem
1706 5329 1806 5398 [ιιιιιι
1816 5344 1889 5386 moe

1063 5423 1157 5487 taurii,
1171 5415 1257 5472 idest
1270 5416 1452 5489 pinguedine
1467 5421 1495 5473 et
1504 5416 1679 5474 humiditate
1694 5420 1780 5474 terrie
1793 5424 1889 5492 putre

1064 5503 1186 5571 tactum,
1199 5504 1298 5563 statim
1306 5505 1433 5561 herbam
1441 5504 1597 5576 germinat,
1607 5505 1749 5579 stipidum
1756 5506 1888 5574 roborat,

1065 5591 1173 5666 spicas,
1195 5592 1311 5664 aristas,
1326 5594 1438 5667 paleas,
1465 5608 1560 5665 grana
1582 5593 1691 5650 format
1711 5598 1741 5650 et
1759 5595 1889 5654 multum
