3832 6044
168 116 221 173 ata
328 108 480 170 HUGONIS
499 109 544 168 DE
565 107 592 168 S.
613 107 761 172 victoni
780 104 856 171 ΘΡΡ.
874 107 1002 172 tias‘t.
1019 107 1320 173 *ommim-¹·
1339 112 1360 170 l.
1381 105 1416 168 ΙΝ
1437 107 1465 169 S.
1487 110 1713 170 scaniensis.
1823 114 1877 171 244

169 239 210 295 tia
233 238 262 294 et
287 235 413 295 timore:
440 240 556 296 etcum
584 235 707 312 quidam
723 250 868 313 prospera
894 237 1036 296 tribuitA
1334 239 1479 296 boarum
1501 238 1592 292 livill.

170 330 258 394 Deus,
288 327 315 382 et
346 323 454 399 placita
491 324 650 394 condonat,
681 329 764 386 casta
800 326 995 386 exsultatione
1049 327 1094 384 De
1102 329 1251 396 peruersis
1265 327 1418 384 beatiam
1428 326 1580 384 risoribus:
1594 327 1703 398 etquid
1712 342 1750 383 er
1764 327 1804 383 eis
1813 340 1877 382 cen-

169 413 283 470 laetetur
297 412 327 469 in
341 410 493 469 benefieiis
506 411 588 483 ejus;
604 428 673 470 cum
684 430 755 470 vero
778 416 904 473 adversa
914 430 996 485 agre·
1298 419 1391 475 suerit
1422 418 1626 474 Ecclesiastcs.

170 501 301 570 diuntur,
327 499 495 558 etmolcsta
512 507 681 571 occurrunt,
708 504 789 563 mala
811 521 866 562 sua
891 504 997 562 merita
1092 507 1159 564 Vidi
1170 508 1225 563 aab
1235 509 1296 565 aab
1311 509 1343 563 in
1366 508 1550 577 locojadr'cit
1575 508 1767 578 impietatem,
1793 512 1820 562 et
1846 506 1878 561 in

170 588 325 658 confitens,
339 586 483 661 justitiam
496 589 573 648 illius
589 593 778 650 commendet
792 597 821 651 et
831 592 994 650 veritatem.
1053 598 1115 652 loco
1124 598 1252 666 Justitrke
1271 598 1469 668 aequitatem.
1498 597 1538 652 lit
1552 596 1619 651 diat
1631 597 1664 651 ia
1691 597 1779 652 corde
1792 611 1854 652 mcc
1868 612 1878 651 .·

171 676 257 745 Quod
281 677 445 754 siquando
468 680 610 738 molestiis
645 681 861 753 ingruentibus,
885 681 998 756 patien·
1050 687 1209 743 aestumat
1222 687 1347 756 impiam
1369 685 1519 755 jardteabtt
1546 686 1741 757 licinianam
1765 691 1878 755 tempas

169 768 242 825 tiam
257 783 344 825 suam
367 767 539 827 labefactari
561 772 723 844 conspexit,
741 777 844 831 contra
864 784 998 828 murmn-
1052 776 1147 832 omm's
1159 775 1205 830 rei
1219 779 1290 830 tuae
1304 775 1370 830 erit.
1392 774 1467 840 Quia
1479 790 1549 829 vero
1571 766 1721 830 mentibus
1737 772 1878 830 humanis

170 855 293 914 rationis
307 860 336 915 et
349 856 539 932 impatientiae
561 858 666 916 vitium
693 861 774 917 dona
787 859 997 918 munificentia
1052 863 1089 920 de
1101 861 1221 934 judiciis
1236 863 1287 918 liei
1301 866 1331 918 et
1341 862 1379 918 de
1389 878 1490 918 rerum
1504 862 1640 920 omnium
1654 867 1800 936 proventu
1810 878 1879 917 con-

173 943 316 1003 creatoris
327 944 373 1002 sui
387 952 536 1021 opponat:
552 952 586 1006 ut
599 949 718 1006 animus
728 949 780 1024 qui
794 950 926 1024 pondere
937 952 999 1005 ten·
1052 952 1143 1010 trario
1158 951 1257 1022 gravis
1271 951 1377 1008 aborta
1389 956 1433 1009 est
1446 951 1618 1024 disputatio,
1633 956 1662 1009 et
1685 951 1877 1023 subjiciendae

170 1034 288 1092 tationis
302 1036 456 1110 premitur,
471 1054 508 1094 ne
523 1037 711 1113 aliquatenus
733 1039 762 1097 in
777 1038 999 1114 blasphemiam
1052 1058 1133 1103 norro
1147 1045 1217 1098 sunt
1227 1041 1367 1109 rationes,
1387 1057 1481 1114 quare
1494 1041 1586 1097 corda
1600 1041 1758 1097 bominum
1777 1041 1879 1097 adver-

171 1127 318 1198 crumpat‚
328 1125 533 1184 recordatione
547 1126 762 1185 beneficiorum
777 1126 827 1189 liei
837 1128 996 1199 mitigetur.
1052 1149 1103 1187 sus
1117 1131 1217 1204 ipsum
1230 1134 1417 1198 moveantur,
1433 1135 1462 1186 et
1485 1130 1515 1188 in
1530 1130 1800 1187 murmurationem
1811 1145 1879 1186 con·

171 1216 251 1269 Tunc
271 1213 351 1270 enim
378 1214 498 1292 incipiet
520 1215 704 1287 benefacere,
735 1208 868 1275 etintari
883 1218 913 1273 in
940 1217 998 1273 vita
1054 1223 1187 1289 surgant,
1203 1218 1332 1274 breviter
1354 1217 1509 1293 superiora
1533 1222 1748 1293 repetemusut
1775 1233 1879 1274 eorum

171 1314 235 1368 sua,
252 1305 280 1358 et
301 1301 401 1359 videre
428 1302 510 1387 bona
524 1303 561 1360 de
587 1305 689 1364 labore
704 1320 781 1364 suc:
810 1321 872 1363 non
900 1306 998 1363 solum
1052 1324 1121 1381 quaa
1131 1307 1260 1364 dicenda
1274 1311 1354 1377 sunt,
1386 1324 1422 1364 ex
1447 1308 1519 1382 ipsis
1546 1307 1723 1365 sententiam
1750 1307 1838 1380 quasi
1862 1324 1880 1362 a

158 1383 294 1474 'quando
308 1390 396 1447 bonis
409 1391 500 1465 hujus
515 1394 621 1452 mundi
642 1395 787 1454 industria
802 1412 857 1454 sua
871 1396 998 1471 acquisi·
1052 1398 1199 1473 principio
1213 1397 1360 1456 dicamus.
1388 1397 1529 1471 Superius
1556 1397 1812 1453 demonstraverat
1830 1398 1881 1451 Ec-

169 1480 289 1538 tiscum
318 1479 481 1552 gratiarum
510 1485 624 1542 actione
648 1486 826 1559 perstultum
848 1486 900 1543 sed
928 1491 998 1543 tunc
1051 1487 1286 1545 ctesiastesnibil
1307 1487 1338 1544 in
1352 1488 1410 1545 hoc
1429 1487 1544 1544 mundo
1558 1490 1701 1560 perpetuo
1715 1486 1745 1542 in
1769 1484 1878 1542 codem

169 1569 259 1627 etiam
274 1571 397 1643 quando
412 1571 442 1628 in
457 1572 590 1630 silversis
605 1575 790 1645 constitutus,
806 1591 861 1649 pro
885 1575 998 1649 patien-
1016 1594 1140 1655 „posse
1150 1579 1329 1646 consistere3
1345 1579 1398 1634 sed
1420 1581 1591 1650 temporum
1616 1575 1694 1631 vices
1722 1574 1878 1631 contrariis

169 1660 216 1717 tiae
239 1657 418 1718 analaborc
434 1678 486 1736 spe
513 1663 618 1721 futura
647 1665 857 1724 consolationis
870 1665 995 1722 laetatur.
1051 1666 1191 1723 cuntibus
1203 1666 1264 1722 sinc
1279 1666 1443 1723 cessatione
1454 1664 1564 1738 raptari
1581 1684 1587 1720 :
1604 1680 1671 1737 qua
1686 1663 1821 1718 videlicct
1835 1679 1880 1717 rc-

170 1750 300 1807 Comeiet
323 1748 403 1807 eninr
429 1755 457 1808 et
470 1751 617 1811 letabitur
632 1754 662 1810 in
683 1754 771 1811 donis
785 1755 845 1823 ilci,
872 1754 996 1828 qnando
1051 1771 1119 1812 rum
1135 1755 1317 1816 mutabilitas
1326 1755 1427 1811 liceta
1451 1758 1586 1812 creatore
1614 1768 1713 1810 rerum
1742 1751 1879 1807 omnium

168 1840 200 1896 in
214 1838 366 1914 prosperis
381 1840 541 1899 exsultabit
563 1840 748 1913 demanare,
765 1848 793 1901 et
806 1845 837 1901 in
864 1844 996 1902 adversis
1050 1849 1127 1902 reete
1141 1844 1305 1911 ordinetur,
1320 1849 1420 1900 tamen
1435 1860 1486 1900 eor
1513 1843 1682 1900 burrianum
1705 1858 1758 1914 pcr
1784 1841 1879 1914 impa-

167 1927 368 1986 hilarescetdc
378 1930 579 1990 retributione.
591 1933 768 1991 Siosecmni
777 1938 996 2007 temporeccm·
1050 1933 1183 1991 tientiam
1206 1932 1237 1988 in
1256 1932 1525 1989 murmurationem
1551 1935 1579 1987 et
1592 1929 1814 2004 blasphemiam
1827 1929 1878 1985 ad-

168 2018 260 2094 ponet
273 2020 312 2077 ad
327 2034 433 2094 pacem
448 2037 518 2078 cunr
543 2024 613 2092 Deo,
629 2025 662 2079 ut
688 2023 786 2080 videat
798 2028 827 2081 et
853 2023 997 2094 intelligat
1049 2038 1152 2080 versus
1175 2021 1275 2097 ipsum
1304 2022 1479 2079 concutitur.
1494 2024 1526 2077 Et
1541 2020 1608 2078 ideo
1634 2019 1789 2090 subjunxit
1812 2022 1879 2091 post

168 2100 252 2183 quod
266 2111 374 2168 cuncta
387 2108 469 2168 bona
481 2109 551 2168 tacit
564 2110 595 2168 in
610 2116 816 2186 temporesuo‚
828 2117 933 2170 utnon
945 2113 995 2184 jus
1051 2116 1224 2169 enumerata
1238 2125 1338 2167 rerum
1355 2115 1500 2184 tempora,
1531 2115 1559 2166 et
1573 2110 1632 2166 ait:
1660 2110 1727 2165 Vidi
1741 2109 1879 2179 afflictio-

168 2204 196 2257 te
211 2204 367 2258 accusetur
381 2194 420 2257 ab
435 2201 557 2258 bomine
585 2201 615 2258 in
643 2202 785 2260 omnibus
799 2216 866 2278 quae
881 2203 996 2259 accide-

167 2289 235 2348 rint.
245 2286 405 2348 ltataenim
414 2294 482 2347 sunt
490 2290 604 2363 judicia
612 2292 690 2364 ejus:
700 2295 729 2349 ct
737 2292 775 2348 de
785 2291 994 2364 legibusiliius‚

168 2379 199 2437 in
215 2381 361 2438 aternum
371 2380 527 2451 suranus,
543 2398 605 2439 non
620 2383 717 2456 potest
743 2382 895 2439 immutari
914 2398 997 2453 mag-

167 2469 298 2528 namve!
312 2485 441 2545 parvum
456 2470 580 2546 aliquid.
597 2475 671 2530 Nam
686 2472 761 2529 sicut
780 2473 810 2529 in
825 2473 939 2530 cunctis
952 2488 997 2528 re·

167 2577 236 2618 rum
251 2560 410 2630 generibus
420 2577 488 2633 quae
497 2561 635 2618 videntm·
643 2562 780 2619 imminui
789 2562 836 2619 vel
850 2562 995 2634 deperire,

167 2647 248 2705 iniis
262 2660 329 2720 qua
344 2649 508 2717 transcunt,
520 2650 550 2705 iu
561 2650 839 2723 supervenientibus
854 2655 882 2706 et
897 2667 997 2706 succe-

1050 2217 1218 2273 rtemquam
1237 2201 1318 2257 dedit
1339 2202 1418 2256 Deus
1431 2202 1503 2271 fitia's
1533 2200 1696 2271 territatum,
1710 2205 1743 2253 ut
1771 2198 1878 2254 dareri-

1052 2291 1166 2349 daatar
1179 2293 1210 2347 a'a
1225 2307 1269 2348 ee.
1287 2291 1403 2348 Cuncta
1416 2292 1488 2360 fecit
1504 2291 1580 2346 berra
1595 2292 1626 2345 in
1640 2294 1878 2360 terrrpor·esuc,et

1051 2382 1196 2438 macarium
1210 2380 1337 2436 tradidit
1348 2381 1547 2450 disputationi
1552 2395 1665 2436 eoru-m.
1681 2382 1797 2435 lirecest
1807 2393 1878 2448 argo

1051 2469 1170 2527 atilictro
1205 2469 1373 2537 bominum,
1403 2469 1564 2543 disputatio
1600 2485 1704 2526 eorum
1737 2468 1880 2525 advorsus

1051 2563 1146 2616 Deum
1157 2577 1163 2628 ;
1176 2558 1248 2632 quia
1262 2558 1292 2613 in
1305 2574 1341 2613 eo
1354 2558 1436 2632 quod
1442 2558 1562 2629 judiciis
1570 2556 1620 2612 ilai
1633 2555 1782 2613 hmrrilitar
1791 2555 1878 2612 subdi

1052 2646 1167 2714 nolunt,
1181 2651 1209 2703 et
1224 2646 1289 2717 ojus
1303 2646 1540 2719 dispositionem,
1562 2661 1629 2718 quar
1640 2645 1720 2700 bona
1734 2648 1779 2699 est
1792 2644 1821 2699 in
1836 2660 1880 2698 rc-

168 2731 308 2819 dentibus
333 2738 547 2805 restaurantur,
563 2741 595 2795 ut
618 2737 772 2811 dispositio
799 2739 996 2795 univcrsitatis
1052 2737 1110 2793 bus
1125 2736 1277 2804 omnibus,
1292 2753 1363 2792 curn
1377 2735 1451 2810 quid
1465 2735 1757 2792 contravoluntatcm
1773 2750 1879 2790 eorum

168 2822 305 2882 ordinem
320 2839 409 2882 suurn
423 2828 522 2882 ratum
548 2825 794 2901 immobilemque
822 2831 995 2897 conservet3
1051 2840 1176 2900 pravam
1191 2827 1297 2896 agitur,
1327 2824 1539 2882 contumaciter
1563 2823 1794 2896 reprehendunt,
1817 2839 1879 2878 uon

143 2987 148 2993 Ι
168 2915 199 2970 et
210 2916 387 2987 permaneat
401 2928 519 2987 semper
528 2914 632 2988 primae
640 2915 842 2988 dispositionis
853 2921 995 2974 statutum
1017 2915 1150 3014 Csolum
1165 2931 1216 2970 ecs
1236 2914 1363 2970 exterius
1387 2929 1478 2986 prena
1505 2912 1699 2980 adversitatis,
1716 2918 1744 2968 ct
1760 2912 1879 2969 tribula-

168 2996 347 3072 inviclabile‚
363 3007 504 3078 utneque
516 3003 594 3062 ultra
608 3005 841 3076 transgrediatur
852 3006 900 3064 vei
920 3007 997 3064 inira
1052 3005 1140 3063 tionis
1151 3004 1287 3060 molestia
1301 3003 1406 3071 atterit,
1416 3003 1469 3058 sed
1483 3002 1577 3059 multo
1588 3001 1773 3074 magistratus
1786 3001 1877 3072 turer,

167 3096 458 3167 remaneatoperum
473 3090 524 3150 nei
538 3097 618 3151 certa
645 3095 828 3153 moderatio:
845 3096 886 3154 sic
914 3097 998 3168 ctju·
1053 3098 1081 3150 ct
1094 3092 1279 3166 impatientia
1289 3091 1534 3148 murmurationis
1548 3089 1661 3161 affligit.
1679 3092 1775 3157 Quam
1791 3089 1880 3146 affiic-

168 3173 247 3240 dicia
256 3183 494 3256 ejussecundum
508 3188 621 3241 certam
630 3184 849 3259 providentiam
863 3191 995 3256 currunt,
1052 3184 1163 3240 donem
1178 3186 1255 3239 Deus
1270 3182 1326 3245 iliis
1337 3180 1455 3237 dedisse
1470 3181 1586 3249 (licitur,
1599 3196 1661 3238 non
1671 3184 1803 3237 mentem
1817 3179 1880 3237 illo-

168 3274 201 3328 ut
215 3271 369 3346 hisneque
385 3270 456 3330 addi
469 3289 567 3349 neque
593 3271 689 3330 minui
712 3272 826 3348 aliquid
847 3276 950 3348 possit.
965 3280 998 3333 lit
1050 3289 1119 3329 rum
1133 3272 1275 3346 pravitate
1288 3271 1521 3345 corrumpendo,
1531 3270 1585 3327 sed
1596 3269 1710 3341 judicia
1724 3269 1878 3340 suniusta,

169 3361 327 3436 siquando
338 3361 402 3436 ipse
417 3363 500 3420 alitor
524 3360 621 3421 tacere
637 3363 762 3433 videtur,
779 3369 808 3421 et
821 3364 904 3422 aliter
921 3365 999 3439 judi·
1051 3368 1083 3420 ut
1096 3363 1261 3436 probentur
1275 3361 1341 3435 ipsi,
1355 3362 1437 3435 quod
1461 3359 1533 3417 mali
1547 3365 1625 3427 sunt,
1642 3359 1681 3416 ab
1694 3375 1797 3415 eorum
1812 3375 1880 3430 eog-

168 3464 246 3518 carn,
263 3450 445 3522 dispensatio
461 3448 580 3509 occulta
594 3455 999 3524 estquanonmutaturcon-
1051 3450 1163 3510 nitione
1184 3452 1406 3520 subtrahendo;
1422 3455 1463 3520 ut,
1494 3466 1562 3506 cum
1578 3450 1677 3508 videre
1698 3465 1759 3505 non
1782 3449 1881 3506 valam

169 3534 279 3607 silium,
297 3539 350 3595 sed
363 3555 440 3613 opus
461 3536 592 3598 variatur
606 3543 634 3596 ct
659 3541 807 3612 judicium
835 3547 996 3599 ammaim.
1052 3557 1113 3615 qua
1124 3541 1238 3614 justitia
1251 3540 1397 3614 fiatquod
1411 3541 1490 3596 cirea
1504 3556 1554 3595 eos
1569 3540 1675 3609 agitur,
1690 3537 1819 3610 amplius
1827 3554 1880 3611 per

168 3630 244 3685 Nam
258 3630 287 3683 et
300 3627 358 3684 lroc
373 3627 473 3702 ipsum
493 3629 641 3701 judicium
656 3634 700 3686 est
716 3648 722 3685 ι
742 3629 825 3702 quod
850 3631 998 3702 judicium
1052 3632 1313 3706 impanenttoesuoe
1327 3629 1430 3686 vitium
1441 3645 1459 3685 a
1469 3628 1637 3699 cognitione
1649 3628 1778 3685 veritatis
1789 3644 1880 3684 exere-

169 3714 304 3775 diffcrtur
317 3716 480 3792 aliquando
495 3723 528 3779 ut
542 3722 675 3791 tempore
691 3734 745 3776 suo
760 3723 950 3790 restauretur,
967 3725 1000 3779 ut
1053 3725 1166 3779 centur.
1183 3720 1294 3777 ideirco
1305 3717 1452 3774 dedititiis
1469 3716 1670 3785 afflictionem,
1683 3717 1807 3791 quando
1822 3717 1879 3773 dis-

168 3820 231 3864 non
245 3809 348 3881 pereat
362 3802 475 3881 aliquid
490 3823 526 3863 cx
537 3806 678 3864 omnibus
692 3823 760 3881 quae
776 3809 853 3867 lacta
872 3815 950 3878 sunt,
965 3816 999 3868 ut
1052 3810 1238 3886 putationem
1252 3806 1333 3863 dedit
1343 3806 1469 3864 celando
1481 3806 1595 3878 jndicio
1606 3823 1670 3874 sua,
1685 3811 1718 3863 ut
1727 3822 1786 3862 non
1801 3806 1880 3862 inre·

169 3900 313 3954 maneant
327 3911 454 3971 semper.
471 3899 595 3970 Semper
608 3896 689 3954 enim
712 3899 769 3955 boc
783 3903 836 3968 est,
854 3903 885 3956 ut
910 3900 999 3975 culpa
1052 3902 1114 3957 niet
1128 3901 1220 3956 bomo
1234 3912 1324 3954 omne
1339 3911 1426 3969 opus,
1442 3897 1525 3970 qnod
1536 3901 1677 3969 operatur
1688 3899 1764 3953 Deus
1773 3896 1813 3952 ab
1828 3896 1880 3954 ini·

169 3999 293 4058 poenam
307 3982 427 4054 habeat,
443 3990 471 4042 at
481 3983 594 4058 justitia
614 3987 773 4060 preamium
787 3996 997 4063 consequatur.
1054 3990 1093 4045 tio
1115 4004 1210 4061 usque
1234 3986 1390 4043 adfinem.
1420 3990 1494 4045 Nam
1518 3987 1692 4062 praecedunt
1717 3985 1879 4058 aliquando

172 4073 229 4131 Sed
244 4077 288 4132 est
301 4089 392 4148 poena
406 4069 532 4149 occidte,
548 4081 577 4133 et
599 4089 690 4150 poena
713 4078 879 4136 manifesta.
895 4079 999 4137 Simili·
1052 4076 1194 4151 quaedam
1208 4091 1308 4132 causta
1331 4075 1497 4132 manifestae
1511 4076 1542 4134 in
1564 4075 1746 4132 boemundo
1767 4075 1881 4146 judicie

170 4166 214 4221 ter
224 4162 383 4237 praemium
397 4165 548 4223 occultum
562 4170 615 4234 est,
631 4171 660 4224 et
673 4168 831 4242 praemium
859 4169 998 4226 manifes-
1053 4166 1115 4233 Dei,
1131 4181 1202 4221 cum
1223 4168 1300 4221 ilaus
1315 4164 1392 4221 taeta
1419 4165 1577 4222 bantinum
1603 4164 1633 4220 in
1658 4164 1796 4237 praesenti
1821 4165 1881 4221 vita

171 4257 246 4312 tum.
262 4254 295 4311 Et
305 4268 384 4328 saepe
398 4257 475 4313 Deus
490 4254 583 4315 males
594 4256 707 4325 tolerat,
722 4262 750 4314 et
762 4257 860 4315 differt
874 4273 998 4331 prauam
1055 4255 1256 4328 subsequente
1269 4255 1461 4312 retributione
1474 4254 1521 4312 vei
1543 4255 1625 4310 bona
1639 4258 1820 4322 remunerat,
1834 4253 1881 4311 vel

170 4341 289 4401 illorum
304 4343 513 4403 manifestam:
530 4350 558 4404 et
570 4346 661 4404 habat
675 4351 775 4404 brnen
801 4347 899 4404 omnis
914 4349 998 4405 maii-
1016 4312 1039 4371 Β
1053 4344 1139 4418 punit
1158 4344 1248 4404 mala.
1264 4347 1298 4400 Et
1308 4345 1338 4402 in
1353 4344 1399 4404 bis
1424 4348 1541 4401 tantum
1568 4343 1669 4427 valam
1692 4343 1881 4417 aliquatenus

171 4433 211 4491 tia
224 4447 348 4509 poenam
360 4434 519 4493 occultmn.
546 4439 579 4493 lit
590 4436 704 4508 judicat
729 4438 817 4506 Deus,
831 4441 861 4493 et
885 4438 1000 4495 ridetur
1054 4434 1182 4492 discerni
1203 4435 1317 4507 judicia
1331 4433 1392 4501 liei,
1411 4438 1443 4491 ut
1470 4433 1584 4507 aliquid
1604 4433 1752 4504 jndicium
1771 4433 1882 4489 babeat

171 4521 475 4596 differrereJudicium
486 4522 533 4582 rei
545 4522 623 4582 iacta
635 4526 793 4584 homiuum
799 4526 923 4584 omnino
936 4538 998 4584 non
1053 4525 1146 4582 bomo
1158 4524 1282 4585 occidte
1309 4522 1448 4589 venais,
1472 4528 1622 4596 quatenus
1637 4523 1686 4583 itta
1698 4523 1790 4581 etiarn
1812 4538 1880 4595 quta

172 4612 323 4670 attendere
338 4612 425 4669 abiis
440 4614 492 4688 qui
515 4630 577 4671 non
588 4613 690 4672 vident
703 4615 760 4672 nisi
778 4632 816 4672 ea
838 4632 905 4689 qua
928 4615 999 4672 toris
1053 4618 1208 4688 penetrare
1218 4628 1280 4671 non
1293 4615 1399 4686 potest,
1411 4616 1575 4670 veneretur.

173 4704 251 4757 sunt.
269 4699 406 4758 Similiter
427 4700 591 4776 aliquando
613 4704 722 4777 probat
736 4708 813 4762 [leus
825 4704 931 4777 justos,
946 4703 1000 4759 ad·
1090 4708 1165 4762 Cum
1178 4717 1356 4760 verocausae
1373 4702 1575 4774 praecedentes
1598 4702 1721 4759 occulta
1740 4707 1819 4765 sunt.
1835 4702 1882 4758 rei

172 4788 363 4846 versitatibus
377 4794 405 4846 et
427 4790 670 4849 tribulationibus
694 4797 818 4861 exercet,
833 4797 862 4849 et
883 4792 1001 4848 videtur
1053 4808 1121 4867 quoe
1136 4791 1359 4863 subsequuntur
1384 4792 1485 4858 latent
1502 4792 1637 4849 oriuntur
1662 4791 1881 4865 disputationes

171 4876 285 4949 justitia
307 4891 369 4935 non
383 4874 495 4936 habere
509 4880 668 4954 praemium
691 4880 773 4952 apud
786 4880 900 4953 ipsum:
916 4885 945 4938 et
958 4885 1000 4938 ta·
1054 4879 1190 4956 plurimae
1204 4883 1233 4934 et
1244 4880 1503 4947 contradictioucs,
1515 4885 1543 4937 et
1559 4879 1698 4951 atiligunt
1721 4897 1753 4937 sc
1767 4885 1882 4937 mentes

173 4980 243 5023 men
257 4981 415 5041 nunquam
430 4973 510 5026 oarct
532 4968 723 5025 retributione
751 4983 807 5024 sua
818 4968 937 5026 occulta
952 4987 959 5026 ε
974 4972 1003 5026 et
1054 4969 1321 5043 hominumpravae
1345 4970 1481 5038 rixando,
1496 4975 1525 5028 et
1535 4972 1754 5029 mmmmandc
1778 4976 1883 5028 contra

173 5054 332 5115 manifesta
346 5055 509 5132 aliqnando
535 5056 679 5126 differtm,
693 5061 726 5114 ut
752 5057 1003 5130 interrogarentur
1056 5062 1159 5126 ileum
1169 5075 1239 5116 cnm
1247 5064 1401 5133 penetrare
1411 5076 1472 5116 non
1482 5061 1823 5134 possintjudiciaipsius,
1833 5075 1883 5116 ne-

174 5147 211 5206 dc
238 5148 461 5224 perseverantia
484 5160 540 5204 sua
565 5146 754 5204 conscientiae
782 5147 949 5206 bominum.
971 5151 1004 5204 Et
1055 5164 1115 5224 quc
1129 5149 1262 5205 invenire
1275 5165 1352 5223 opus
1363 5150 1448 5222 quod
1460 5154 1653 5223 operatuscst
1662 5153 1738 5208 [tens
1750 5150 1789 5208 ab
1800 5149 1882 5206 initio

174 5239 246 5314 qnia
260 5253 372 5314 eaquae
385 5239 416 5295 in
430 5236 589 5294 manifesto
604 5237 1002 5308 suntdissimilitercurrunt,
1056 5254 1153 5312 usque
1167 5239 1207 5294 ad
1229 5238 1332 5296 finem.
1348 5238 1506 5295 Nouenim
1536 5244 1691 5313 penetrare
1714 5239 1883 5314 possuntin

175 5327 321 5388 fluctuant
335 5329 428 5388 corda
441 5328 609 5400 bominum,
626 5335 655 5388 et
679 5329 825 5387 mirantur
835 5328 889 5386 ubi
909 5328 947 5387 sit
957 5331 1005 5402 ju·
1057 5333 1139 5386 tanta
1149 5327 1286 5398 caligine,
1298 5328 1424 5402 quotins
1438 5328 1490 5387 liat
1500 5330 1623 5404 aliquid,
1635 5331 1688 5387 etsi
1696 5329 1837 5403 quaestam
1852 5329 1883 5384 in

176 5413 288 5473 dicium
309 5419 458 5490 veritatis3
474 5436 545 5477 cum
558 5421 589 5478 in
615 5421 672 5477 hcc
697 5419 813 5477 mundo
834 5419 1004 5476 innocentia
1056 5418 1204 5493 principio
1214 5432 1312 5474 causae
1327 5423 1442 5474 exstare
1451 5419 1598 5489 videntur,
1617 5419 1669 5476 scd
1683 5417 1799 5475 occidte
1813 5424 1884 5475 sunt

177 5507 493 5580 premitur‚etmaiitia
506 5508 921 5586 prosperatur3propterhoc
937 5508 1004 5565 sub·
1058 5507 1160 5566 omnia
1182 5512 1304 5581 propter
1323 5507 1425 5566 finem.
1443 5509 1554 5567 idcirco
1580 5524 1643 5568 non
1656 5506 1768 5565 invenit
1789 5507 1883 5565 bomo

175 5596 374 5671 junx·,etait
1056 5594 1450 5695 onnecpustteiabinitio
1463 5592 1883 5676 usqueadtinem;quoniam
