3832 6044
50 116 101 171 tet

695 108 869 166 auserit.
898 110 933 167 lN
952 109 1122 168 tenetes.

1709 120 1761 174 Μ

51 236 176 312 quando
191 235 270 292 inlus
287 232 483 298 circatoris,
500 234 663 307 aliquando
690 233 761 291 foris
776 240 805 292 et
818 251 879 292 noa
899 238 923 293 Α
936 243 997 295 tam
1012 236 1190 299 servitutem,
1205 250 1266 308 qua
1278 234 1493 305 affligebatura
1506 234 1688 306 redonibus,
1704 239 1762 296 erl-

50 328 140 390 iutus,
156 324 319 399 aliquando
335 328 362 379 et
377 322 447 379 ioris
462 328 490 380 et
509 324 597 381 intus.
627 324 705 382 Foris
721 329 749 381 et
763 341 825 381 uon
839 325 881 382 iu·

51 421 99 473 tus
112 414 270 470 de1·elirtus
293 412 347 469 aut
360 412 425 479 tob,
442 412 494 485 qui
509 413 636 469 exterius
651 413 769 483 tlugella
783 415 881 471 carrus

51 501 200 570 sustinuit,
217 501 269 557 sed
288 500 367 557 intus
383 501 581 557 constantiam
596 502 703 557 meritis
731 517 793 559 non
807 502 881 558 arni-

50 593 96 649 sit.
116 595 196 648 intus
211 595 240 647 et
263 606 323 646 non
339 594 422 646 extra
436 589 592 646 derelictus
607 590 661 647 fuit
676 591 777 657 David,
795 592 880 662 cujus

50 685 184 738 mentem
197 680 277 736 intus
298 679 353 735 sibi
367 679 461 735 libido
475 695 529 752 per
543 695 724 737 consensum
737 679 879 751 subdidit,

51 770 104 826 sed
132 768 307 842 prophetica
333 768 403 823 loris
430 767 594 823 admonitio
609 767 648 823 ad
676 768 881 841 penitentiam

50 857 211 915 revocavit.
241 861 320 914 lutus
346 855 459 912 alferis
483 855 639 913 derelictus
667 857 722 912 tuit
736 857 881 930 prodigus

50 948 98 1005 ille
113 948 146 1003 in
162 946 322 1016 Evangelio
336 946 425 1014 tilius,
440 945 491 1018 qui
506 951 535 1001 et
558 946 709 1002 luxuriose
724 946 827 1002 vivens
840 946 883 1001 iu-

52 1045 100 1094 ius
113 1037 247 1105 delinxit,
262 1042 290 1092 et
300 1036 377 1092 lame
393 1036 548 1092 tabescens
563 1035 634 1092 loris
649 1035 882 1093 consolationem

53 1144 116 1185 uon
141 1126 261 1183 invonit.
280 1125 337 1182 Sed
364 1141 440 1198 (leros
456 1125 512 1181 hoc
539 1125 631 1182 urodo
661 1128 737 1181 [teus
764 1125 881 1187 (leserit,

54 1216 130 1273 aiios
145 1214 184 1272 ad
198 1215 406 1288 probationem
434 1213 550 1280 descrit,
567 1219 600 1271 ut
611 1231 665 1288 per
692 1214 883 1271 tentationem

54 1309 268 1373 exerceantur;
298 1303 371 1360 alios
399 1304 438 1359 ad
465 1304 690 1361 sirltvcrsionem
712 1302 829 1374 deserit,
852 1308 886 1359 ut

54 1410 109 1470 per
124 1393 317 1452 tentationem
331 1392 517 1463 dejiciantur.
534 1392 750 1466 propterquod
766 1396 795 1449 et
808 1391 884 1448 Psal-
911 1430 914 1436 ·

55 1486 146 1543 mista
173 1488 335 1558 peccatur:
352 1485 396 1539 Ne
421 1484 549 1540 declines
572 1485 602 1539 in
617 1486 664 1540 iro
692 1499 809 1540 caereo
834 1488 884 1538 tuo

937 328 1061 383 stimans
1077 324 1257 381 tolerabilius
1270 323 1325 380 sibi
1350 325 1421 389 iore,
1435 324 1458 380 si
1472 325 1616 396 unigenti
1644 326 1764 383 serviret

935 416 966 472 iu
982 420 1059 471 terra
1072 414 1178 482 aliena,
1195 430 1289 487 quam
1304 413 1328 469 si
1341 414 1482 471 omuibus
1499 413 1638 486 gentibus
1659 415 1764 490 paeda

936 509 1014 561 essct
1028 505 1057 560 in
1073 503 1203 577 propria.

972 595 1128 652 Habitavit
1145 596 1345 665 intercades,
1361 609 1415 652 aee
1425 596 1685 668 iueeaitrequteta.
1697 597 1765 651 ero·

938 685 1037 759 prium
1052 688 1096 740 ost
1110 683 1298 749 afflictorum,
1314 685 1396 757 quod
1412 700 1530 758 semper
1544 696 1675 758 presens
1687 684 1766 758 peri-

938 775 1039 831 eulum
1056 773 1175 843 gl‘avitts
1187 773 1332 844 judicant.
1348 773 1539 844 Sicutoegroti
1552 774 1675 831 innecte
1685 774 1765 831 diem

938 867 1119 936 exspectant,
1135 867 1164 919 et
1188 862 1218 918 in
1233 861 1281 918 dle
1308 868 1426 919 noctem
1441 863 1619 931 desiderant,
1636 867 1665 920 et
1691 863 1766 919 dum

939 970 1057 1026 semper
1071 952 1206 1009 dolorem
1220 952 1345 1009 transire
1371 951 1505 1026 eupiunt,
1529 968 1648 1025 semper
1661 953 1701 1009 ad
1711 953 1767 1009 'do-

937 1043 1031 1100 lorem
1046 1043 1180 1111 tendunt,
1198 1042 1239 1099 sic
1266 1042 1409 1099 nimirum
1423 1042 1555 1117 populus
1567 1042 1631 1110 iste,
1647 1040 1722 1099 dum
1735 1040 1766 1098 tn

939 1137 1015 1190 terra
1031 1132 1287 1203 suaaffligeretur,
1308 1133 1411 1203 lugam
1437 1132 1569 1206 appetiit,
1596 1131 1671 1188 dum
1694 1144 1766 1187 vero

938 1221 969 1277 iu
984 1221 1087 1278 exsilio
1111 1220 1263 1278 desolatus
1291 1225 1376 1289 esset,
1392 1225 1422 1278 ct
1443 1236 1539 1291 vagtis
1567 1220 1711 1278 oberrans
1724 1232 1768 1276 re·

939 1312 1041 1385 quiem
1054 1311 1186 1368 invenire
1200 1327 1261 1368 nou
1274 1313 1384 1385 posset,
1401 1311 1440 1368 ad
1453 1311 1582 1368 reditum
1596 1309 1765 1385 suspiravit.

940 1401 1082 1474 Exprimit
1109 1405 1208 1458 autem
1232 1401 1280 1457 hic
1295 1401 1434 1458 affectum
1458 1399 1677 1470 fluctuantium,
1704 1414 1767 1457 non

939 1493 1012 1565 quia
1036 1496 1141 1566 sponte
1166 1490 1366 1561 migraverint,
1395 1489 1448 1546 sed
1471 1490 1543 1563 quia
1570 1490 1600 1547 in
1628 1487 1767 1561 angustia

55 1574 152 1644 (Psoi.
181 1577 270 1639 srvit,
285 1571 372 1645 quasi
387 1570 497 1628 diceret
514 1588 519 1627 :
538 1574 571 1627 Et
584 1572 607 1626 si
621 1587 669 1627 me
690 1571 794 1628 tentari
820 1586 885 1644 per·
901 1588 925 1644 g
940 1580 1089 1637 constituti
1112 1580 1144 1636 in
1182 1579 1331 1636 diversam
1366 1581 1498 1635 mentem
1523 1584 1595 1636 vota
1634 1580 1767 1635 mutave-

55 1662 158 1729 nrittis,
170 1678 208 1717 ne
224 1660 356 1717 dimittas
370 1660 400 1716 in
414 1661 606 1717 tentationem
631 1661 742 1729 induci,
770 1661 827 1717 hoc
842 1664 886 1716 est

54 1750 249 1810 atentatioae
272 1750 415 1824 superari.
443 1750 499 1808 Sed
513 1751 585 1823 quia
614 1751 785 1807 divinorum
808 1749 885 1821 judi-

55 1843 176 1899 ciorum
187 1839 419 1914 profunditatem
434 1840 526 1896 homo
542 1845 695 1913 penetrare
703 1856 765 1895 non
777 1842 883 1912 potest,

55 1938 130 1991 tunc
145 1931 274 1989 maxime
288 1930 416 2004 quisque
431 1931 461 1986 in
476 1932 634 1988 tentatione
663 1931 777 2004 positus
790 1946 822 1986 se
836 1930 886 1985 dc-

56 2022 195 2080 relictum
221 2036 285 2078 esse
300 2020 488 2093 pertimescit,
519 2038 588 2077 cum
614 2021 733 2078 etintus
761 2024 789 2077 et
815 2019 885 2077 loris

57 2110 271 2170 irritationibus
296 2109 444 2166 sollicitari
459 2126 489 2167 se
504 2111 656 2184 conspicit.
686 2110 809 2167 Facilius
836 2126 887 2166 au-

58 2208 119 2260 tem
134 2201 206 2257 ioris
220 2200 346 2257 adversa
359 2200 471 2267 tolerat,
488 2201 792 2273 eujusconscientiam
807 2200 887 2256 intus

57 2289 216 2349 delectatio
225 2287 339 2362 peccati
348 2305 408 2344 non
415 2289 582 2346 conturbat.
599 2293 630 2346 lit
643 2307 756 2359 rursus,
773 2290 887 2347 facilius

58 2377 139 2435 intus
153 2374 345 2433 tentationem
367 2374 490 2431 sustinet
504 2375 555 2449 qui
570 2376 641 2433 loris
654 2376 887 2434 consolationem

58 2467 161 2524 habet.
178 2464 260 2522 Unde
275 2468 426 2534 almagno
444 2465 595 2522 tribulatio
610 2466 700 2538 hujus
714 2466 887 2534 ostenditur,

60 2575 129 2632 quta
144 2562 172 2614 et
186 2556 265 2612 intus
277 2558 306 2609 et
324 2554 395 2611 toris
405 2555 544 2612 derelicta
557 2573 621 2612 esse
647 2557 887 2625 demonstratur3

60 2650 119 2705 hoc
133 2660 277 2719 namque,
293 2645 376 2718 quod
400 2645 512 2702 dictruu
538 2651 599 2704 est:
615 2646 738 2703 Ploraus
762 2645 890 2719 ploravit

60 2737 91 2793 iu
120 2742 217 2803 noeto,
233 2742 261 2794 et
275 2741 416 2809 lacrymis
442 2736 506 2807 ejtrs
521 2735 550 2792 iu
566 2735 694 2792 maxillis
720 2738 794 2807 ejus,
810 2735 889 2792 intus

939 1674 1018 1726 runt.

977 1759 1082 1815 Otooes
1089 1762 1292 1828 persecutores
1307 1756 1643 1829 ejesappreteoderaat
1652 1755 1768 1814 eumin·

941 1854 986 1906 ter
998 1849 1164 1919 aucteritas.
1177 1849 1347 1905 coarctatus
1360 1846 1493 1920 undique
1504 1845 1606 1903 locum
1620 1844 1768 1903 evadendi

940 1937 1070 1994 invenire
1083 1951 1144 1993 uon
1167 1935 1278 2009 potuit;
1295 1934 1411 2007 tugiam
1433 1932 1597 2003 Chaldaeos,
1621 1932 1724 1992 lucidit
1737 1931 1768 1989 ln

941 2026 1111 2100 AEgyptios3
1127 2029 1238 2083 etcum
1266 2022 1305 2082 ab
1332 2024 1475 2099 AEgyptiis
1488 2025 1612 2096 fugeret,
1642 2020 1769 2082 oecuuit

940 2114 1075 2190 assyriis.

977 2204 1105 2277 Mysticc,
1121 2202 1223 2272 ludas,
1239 2201 1291 2276 qui
1304 2201 1512 2276 interpretatur
1525 2204 1677 2275 eotrfltens,
1693 2199 1769 2258 desi·

944 2298 1015 2366 gnat
1029 2293 1179 2367 quosdam
1194 2292 1224 2349 in
1240 2292 1377 2361 Ecclesia,
1391 2293 1443 2367 qui
1457 2308 1568 2350 nomen
1584 2291 1689 2349 Christi
1702 2306 1771 2348 eon-

942 2384 1063 2440 titentm
1074 2399 1081 2451 3
1094 2381 1147 2438 scd
1156 2380 1227 2455 quia
1241 2380 1272 2436 in
1283 2396 1384 2437 amore
1400 2381 1504 2438 Christi
1514 2381 1613 2436 adhuc
1623 2378 1701 2436 firmi
1708 2393 1771 2436 non

944 2475 1013 2528 sunt
1027 2471 1088 2544 pati
1102 2486 1157 2544 pro
1172 2468 1286 2527 Christo
1297 2468 1424 2526 adversa
1438 2468 1626 2525 errrlrescunt.
1641 2470 1682 2526 lle
1699 2482 1772 2555 qaro-

943 2560 1022 2617 libus
1035 2559 1147 2616 dictum
1162 2562 1206 2615 est
1222 2577 1228 2614 :
1244 2559 1293 2615 Ad
1321 2564 1434 2630 tempus
1450 2558 1585 2627 credant,
1604 2562 1632 2615 et
1655 2572 1687 2614 m
1702 2562 1771 2613 tern-

943 2667 1016 2720 pore
1027 2651 1198 2706 testationis
1213 2648 1356 2706 recedant
1378 2648 1460 2722 (Luc.
1474 2647 1543 2720 vau).
1557 2646 1606 2703 isti
1620 2660 1691 2719 ergo
1705 2660 1773 2719 pra

944 2745 1009 2813 pter
1023 2737 1212 2796 afflictionem
1222 2742 1250 2794 et
1263 2736 1485 2794 multitudinem
1500 2734 1655 2805 servitutis,
1670 2732 1702 2791 iu
1711 2742 1773 2807 qua

60 2826 233 2883 derelictam
249 2842 313 2883 esse
326 2826 473 2894 insinuat,
502 2825 584 2898 quod
599 2841 670 2881 vero
694 2824 866 2881 dictumest
882 2841 888 2877 :
945 2830 1019 2885 dum
1034 2826 1224 2901 passionibus
1237 2826 1387 2898 justorum
1408 2824 1631 2883 communicare
1655 2821 1771 2890 nolunt,

61 2920 126 2973 Non
141 2916 250 2989 estqui
282 2915 531 2971 consoletur-eam
558 2931 595 2970 en
622 2913 764 2971 omnibus
792 2913 891 2970 charis
906 2950 931 3006 c
946 2934 964 2974 a
977 2917 1125 2974 consortio
1144 2917 1294 2987 iustorum
1308 2914 1395 2972 aheni
1422 2914 1507 2972 flunt.
1525 2910 1673 2971 liabitavit
1697 2910 1774 2967 inter

62 3007 138 3078 curs,
154 3005 226 3062 loris
239 3005 405 3061 desolatam
418 3022 481 3061 esse
497 3004 637 3061 declarat.
651 3005 805 3078 Sequitur:
823 3006 891 3061 01n·
947 3011 1059 3078 gentes,
1075 3005 1213 3062 liabitare
1226 3006 1303 3062 inter
1317 3007 1430 3076 gentes,
1443 3006 1488 3060 cst
1500 3003 1593 3059 vitam
1614 3005 1643 3060 et
1655 3014 1775 3058 eonver-

61 3110 116 3151 nes
130 3093 221 3151 amici
245 3095 309 3166 ejus
338 3099 514 3168 spreverunt
539 3111 615 3163 eam,
633 3101 659 3152 ct
677 3096 756 3165 sueti
779 3095 891 3150 attatei
947 3096 1092 3153 sationem
1103 3110 1266 3169 pravorum
1275 3093 1392 3150 imitari.
1405 3091 1547 3165 liequiem
1559 3106 1620 3147 non
1629 3088 1773 3156 invenire,

64 3184 188 3240 introiri.
205 3183 304 3239 Videte
318 3200 411 3256 quam
424 3183 524 3240 multra
541 3184 599 3239 sint
612 3183 816 3241 tribulationes
830 3182 892 3254 jus·
947 3190 990 3242 est
1005 3184 1110 3242 mundi
1124 3185 1215 3256 hujus
1230 3183 1397 3239 actionibus
1423 3179 1587 3253 irnplieari3
1603 3177 1676 3253 quia
1694 3177 1775 3233 enim

62 3279 174 3331 torum.
191 3272 333 3329 Fortassis
348 3288 456 3346 parum
470 3278 533 3329 crat
545 3273 576 3329 in
590 3273 736 3346 pressuris
752 3272 892 3330 constitu·
947 3275 976 3331 in
991 3274 1082 3345 hujus
1097 3272 1203 3329 mundi
1218 3270 1385 3328 actionibus
1396 3268 1465 3325 iinis
1491 3270 1615 3336 nonest,
1641 3264 1776 3323 sectanti·

62 3368 111 3425 te.
126 3361 210 3436 quod
226 3360 460 3418 consolationem
477 3380 494 3419 a
518 3362 614 3419 charis
642 3376 704 3418 non
736 3361 892 3435 acciperet,
946 3366 1004 3423 bus
1017 3380 1067 3421 eas
1080 3362 1197 3437 requies
1208 3378 1272 3418 esse
1285 3361 1461 3434 nonpotest.
1476 3360 1560 3433 Saepe
1570 3361 1671 3417 tamen
1682 3354 1776 3414 hotho

63 3451 121 3508 nisi
134 3451 225 3507 etiam
239 3451 278 3507 ab
291 3451 395 3507 amieis
405 3451 642 3524 persecutionem
656 3450 819 3508 sustineret.
837 3452 894 3507 Sed
947 3471 1002 3529 pro
1018 3469 1119 3509 amore
1135 3450 1289 3525 praesentis
1304 3450 1371 3507 vitre
1390 3448 1515 3506 libentm
1528 3447 1647 3506 labores
1660 3445 1775 3514 tolerat,

64 3541 200 3614 quisunt
213 3539 302 3596 amici
315 3540 362 3597 isti
376 3541 428 3614 qui
442 3556 498 3597 nos
526 3544 755 3614 persequuntur,
783 3539 839 3595 uisi
853 3538 895 3596 illi
949 3560 1026 3617 quos
1038 3558 1093 3616 pro
1108 3557 1210 3599 aurore
1225 3540 1276 3597 Dei
1290 3540 1365 3597 ferre
1388 3537 1556 3595 recusabat.
1572 3536 1615 3593 u't
1627 3550 1699 3606 ergo
1713 3550 1777 3592 ma·

64 3631 102 3686 de
115 3629 229 3703 quilius
257 3629 370 3686 dicetur
384 3629 413 3685 in
442 3629 599 3702 Evangelio
614 3648 620 3686 :
635 3630 754 3686 laterici
770 3629 896 3686 botaim's
951 3649 1010 3705 gna
1024 3629 1213 3704 exprobratio
1226 3626 1461 3686 recedentibusa
1476 3628 1545 3694 Deo,
1566 3624 1714 3699 simulque
1729 3638 1777 3680 ex-

65 3720 222 3777 domestici
234 3722 320 3789 ejru?
342 3719 462 3790 (allatii.
478 3719 519 3792 r.)
535 3723 610 3789 Ergo
625 3718 671 3775 isti
693 3723 763 3775 sunt
784 3718 896 3775 inimici
950 3721 1063 3779 cassatio
1078 3719 1187 3778 tollitur
1210 3718 1261 3788 eis,
1273 3724 1276 3729 '
1290 3717 1435 3793 quoniam
1463 3719 1563 3790 aperte
1595 3716 1778 3771 monstratur

65 3808 170 3873 nostri,
188 3812 392 3880 persecutores
406 3808 508 3876 nostri,
525 3808 679 3865 domestici
691 3807 793 3876 nostri,
808 3806 895 3864 amici
951 3811 1034 3886 quod
1048 3811 1111 3867 sine
1126 3826 1218 3867 eausa
1231 3806 1415 3883 praevaricati
1427 3809 1506 3878 sunt,
1517 3803 1591 3860 dum
1601 3801 1687 3859 utiles
1696 3796 1778 3858 labo-

67 3897 172 3963 nostri,
190 3897 357 3954 secundrmr
373 3899 470 3954 earnis
483 3897 657 3955 affinitatem
675 3898 763 3955 uobis
776 3897 898 3971 propiu-
953 3918 999 3958 res
1013 3899 1191 3957 declinando
1207 3896 1378 3955 adlabores
1403 3892 1521 3952 inutiles
1549 3888 1776 3949 descenderunt.

66 3987 130 4061 qui,
142 3986 199 4061 qui
210 4002 267 4043 nos
281 4002 335 4060 per
349 4002 483 4043 amorem
498 3987 595 4044 carnis
610 3988 649 4045 ad
663 3988 755 4066 vitam
769 4003 898 4061 praesen-
953 3991 1062 4046 Omnes
1076 3990 1280 4060 persecutores
1301 3985 1366 4057 ejus
1381 3980 1644 4059 apprehenderunt
1655 3994 1722 4037 eam
1737 3977 1779 4035 in·

68 4081 128 4133 tem
144 4074 283 4147 diligunt,
297 4075 350 4132 sed
375 4076 599 4134 ambulantibus
614 4077 643 4132 in
656 4077 705 4134 via
720 4077 770 4134 [tei
783 4080 898 4134 contra·
953 4083 995 4135 ter
1005 4077 1168 4149 angustias.
1181 4075 1320 4144 Quandiu
1330 4072 1518 4132 cochominis
1534 4070 1674 4129 charitate
1688 4071 1717 4126 et
1726 4081 1779 4142 spe

68 4165 183 4222 dicunt.
197 4167 270 4221 Cura
282 4164 363 4221 enim
376 4165 415 4221 ab
426 4180 528 4222 amore
541 4166 631 4237 hujus
643 4166 748 4223 rnrrndi
757 4166 899 4223 noselon·
953 4173 1132 4225 eternorum
1147 4166 1297 4223 bonorum
1311 4164 1467 4221 dilatatum
1487 4166 1539 4229 ost,
1557 4162 1581 4217 si
1608 4159 1682 4217 torte
1708 4156 1780 4214 toris

69 4270 140 4325 gare
154 4254 305 4328 cupimus,
322 4254 477 4312 confestim
491 4272 542 4312 eos
556 4255 608 4329 qrri
623 4255 705 4328 prius
720 4255 807 4312 amici
819 4253 910 4321 sitien,
954 4256 1142 4314 tribulatione
1158 4253 1290 4321 sustinet,
1306 4253 1386 4308 intus
1410 4256 1509 4308 tamen
1534 4247 1703 4318 angustiam
1718 4259 1780 4300 uon

68 4342 191 4411 bantur,
207 4343 392 4400 adversarios
404 4344 581 4400 invenimus.
594 4344 725 4400 Primum
739 4344 761 4399 si
776 4343 899 4417 quidem
953 4346 1053 4403 habet.
1070 4346 1219 4412 Quantum
1232 4357 1303 4413 ergo
1316 4340 1432 4397 bonum
1443 4336 1557 4411 perdat,
1567 4331 1778 4407 quiiiduciatn,

69 4434 107 4491 ad
122 4436 221 4490 ileum
236 4434 369 4490 converti
386 4434 528 4503 volentes,
546 4434 602 4490 sub
617 4434 740 4490 obtentu
754 4432 899 4507 pestilerae
955 4453 1022 4510 quie
1038 4436 1126 4492 estin
1150 4437 1253 4501 Deum,
1267 4428 1372 4506 perdit,
1398 4427 1467 4484 hinc
1496 4438 1657 4497 agnoscere
1683 4424 1782 4495 potest

70 4522 238 4580 dilectionis
247 4523 367 4580 blandis
381 4524 625 4599 persuasionibus
634 4539 773 4580 revocare
782 4526 901 4580 conten·
954 4526 1046 4582 homo
1061 4523 1143 4598 quod
1158 4538 1275 4595 semper
1290 4516 1460 4590 angustiam
1476 4514 1505 4571 in
1520 4511 1650 4570 adversis
1663 4525 1714 4568 cor
1726 4524 1780 4587 pa·

71 4613 157 4669 dunt.
172 4614 254 4678 Quos
268 4612 292 4668 si
307 4613 337 4669 in
351 4614 505 4686 proposito
517 4613 683 4670 bonosiacos
697 4612 900 4669 etimmobiles
955 4614 1033 4679 titur,
1049 4612 1105 4670 nisi
1119 4628 1172 4686 per
1187 4627 1273 4684 spem
1288 4608 1456 4665 futurorum
1466 4604 1617 4662 bonorum
1632 4597 1779 4660 dilatetur.

72 4701 210 4765 viderint,
227 4718 298 4758 mox
311 4703 397 4776 qrtasi
424 4703 611 4761 adversarios
625 4704 765 4761 abdicant
779 4707 807 4760 ct
822 4718 902 4776 sper·
957 4706 1033 4759 inter
1060 4701 1223 4773 angustias,
1249 4697 1356 4773 inquit,
1383 4692 1674 4771 comprehenderunt
1701 4706 1780 4749 eam.

72 4797 158 4855 nunt,
174 4797 205 4848 et
217 4808 438 4867 nonnunquam
452 4794 541 4852 etiam
566 4793 641 4851 odiis
656 4793 846 4851 atrocissimis
860 4792 902 4849 in·
957 4794 989 4849 at
1004 4791 1132 4860 attende,
1161 4807 1228 4865 quie
1250 4790 1308 4847 sint
1322 4787 1466 4861 augustiae
1494 4802 1608 4855 eorum,
1625 4781 1781 4860 quirnea

74 4882 217 4939 sectando
232 4883 370 4955 etpoenis
390 4882 551 4955 affligendo
566 4885 602 4940 de
617 4884 698 4941 falsis
713 4882 816 4941 amieis
840 4882 901 4940 veri
955 4880 1098 4939 recedrmt
1125 4895 1281 4954 nunquam
1322 4876 1417 4935 securi
1445 4878 1523 4945 suut,
1556 4888 1675 4949 semper
1695 4864 1782 4945 trepi-

72 4974 279 5043 perseeutores
290 4972 375 5029 fitrnt.
393 4972 475 5030 Dicat
488 4989 568 5044 ergo,
584 4989 645 5030 nou
665 4973 774 5048 estqui
798 4989 902 5030 cosso·
956 4970 1045 5039 dant,
1061 4969 1091 5026 iu
1104 4967 1297 5043 prosperitate
1312 4966 1425 5036 timent,
1440 4964 1470 5022 iu
1485 4963 1662 5022 adversitate
1678 4960 1783 5032 despe-

73 5060 150 5118 letur
164 5075 233 5117 eam
247 5077 284 5117 er
298 5061 438 5119 omnibus
453 5062 550 5119 attaris
565 5064 639 5135 ejus,
651 5063 722 5137 quia
736 5063 767 5120 in
781 5062 902 5120 tribula·
955 5063 1032 5120 rent.

75 5151 154 5206 tione
174 5149 268 5207 rerba
292 5150 441 5221 justorum
456 5152 495 5208 ad
510 5152 744 5209 consolationem
768 5153 903 5225 accipere
992 5151 1125 5223 Migravit
1139 5151 1240 5209 ludas.
1257 5153 1331 5209 Stant
1345 5143 1480 5206 narinulli
1494 5141 1557 5217 qui,
1572 5142 1646 5197 dum
1659 5136 1783 5213 peccata

75 5255 135 5297 non
149 5244 300 5310 meretur;
315 5257 421 5298 omncs
435 5241 523 5298 amici
545 5243 609 5314 ejus
625 5248 798 5317 spreverunt
824 5259 903 5311 cam,
959 5259 1014 5299 sua
1024 5241 1181 5317 aspiciunt,
1197 5238 1365 5298 transitoria
1392 5233 1525 5309 quadam
1552 5226 1782 5302 compunctione

76 5335 102 5386 et
112 5328 184 5385 tacti
209 5333 278 5386 strat
292 5329 319 5386 ei
334 5330 453 5398 inimici,
469 5333 541 5405 quia
566 5332 606 5389 ab
619 5331 728 5405 iniquis
754 5335 906 5389 contume·
958 5311 1783 5405 accensi,usqucadconfessionemperueniuntmelioris

76 5416 147 5474 liam
163 5422 192 5474 ct
207 5424 411 5492 contemptum
425 5420 544 5493 patitur.
959 5423 1026 5478 titre
1037 5422 1098 5478 vias
1107 5417 1417 5492 aggrediproponunt‚
1432 5428 1466 5469 ac
1478 5427 1508 5466 se
1518 5409 1659 5484 ‹leineeps
1668 5409 1708 5469 ad
1718 5425 1783 5484 pera

111 5509 258 5580 litterarii
272 5510 376 5566 ‚ledus
388 5510 541 5580 Transisti,
553 5509 682 5581 recessit,
696 5511 771 5584 fugit
783 5512 821 5571 dc
830 5517 908 5570 terra
960 5510 1151 5585 petratevitia
1159 5524 1220 5565 nou
1228 5503 1443 5562 rediturosesse
1452 5499 1637 5576 promittunt.
1648 5498 1785 5576 suque

79 5600 173 5661 suain
186 5598 384 5675 Babylonem,
398 5601 470 5674 quia
484 5600 823 5676 sush'ncrenonpoterat
832 5602 907 5661 mul·
960 5616 1015 5673 pro
1021 5597 1188 5660 commissis
1195 5593 1346 5670 condigna
1355 5589 1554 5657 satisfactione
1561 5590 1736 5667 semetipsos
1743 5587 1785 5653 af·
