3824 6052
178 119 224 171 33l
331 114 481 172 llUGONlS
501 115 546 169 DE
567 112 594 169 S.
614 110 762 168 VlCTORE
781 111 856 168 OPP.
871 110 960 168 PARS
979 111 1000 165 1.

1021 137 1055 149 -
1074 109 1274 168 existence.
1296 143 1330 153 -—
1349 115 1369 170 l.
1392 115 1435 170 ΙΝ.
1458 115 1486 170 S.
1508 115 1734 172 scelerosae.
1833 120 1888 178 332

214 243 244 295 ln
258 239 447 311 supplicandi
466 255 587 311 atroque
612 252 728 304 acuere,
752 234 893 303 dignitate
916 233 1041 305 virgi-A
1060 233 1135 292 catio
1160 234 1310 294 vitiorum.
1340 239 1535 311 Corrrpnaelio
1562 239 1709 308 sanitatis,
1740 241 1887 298 consessio

177 346 260 395 rrum,
281 329 384 383 ordine
400 329 599 394 sacerdotum,
624 323 729 382 lralritu
750 325 840 381 utitur
862 323 1004 397 preniten-

178 422 250 477 tirmr
267 437 273 476 ε
290 424 319 474 ut
336 417 453 483 seilicet,
476 421 504 472 et
528 433 580 488 pcr
603 415 799 471 humilitatem
824 414 1002 487 preuitenliae

177 527 279 566 serras
296 507 465 574 bominum,
483 510 511 562 el
525 521 578 578 per
588 504 784 561 reverentiam
799 504 1001 560 sanctimoniae

175 599 314 656 sacerdos
330 602 433 663 lleum,
450 601 478 653 et
491 612 544 669 pcr
564 594 703 651 allectum
727 598 754 651 et
778 594 918 649 ardonem
933 609 1003 648 con·

172 689 256 760 juaii,
272 689 355 757 virgo
371 703 482 760 sponsa
494 689 612 742 moreat
625 685 776 752 maritum,
793 683 832 740 ad
846 682 1001 753 iudrdgen-

174 779 256 852 tiam,
282 779 320 834 ad
343 777 478 848 gratiam,
509 775 547 831 ad
564 774 699 845 aleriam.
722 777 829 831 Servus
854 771 1002 846 supplicat

172 886 227 944 pro
238 867 422 934 indulgentia
439 885 445 922 :
462 864 601 921 sacerdos
616 881 670 937 pro
686 864 780 934 gratia
796 883 802 919 z
820 879 931 936 sponsa
945 878 999 934 pro

172 958 275 1031 gloria.
306 962 359 1013 l’ro
392 955 577 1026 indulgentia
595 959 786 1027 peecatorum
804 996 810 1021 ,
831 969 885 1026 pro
906 951 1000 1021 gratia

171 1050 331 1115 donorum,
348 1062 403 1120 pro
417 1045 509 1115 alona
531 1044 732 1117 praemiorum.
760 1045 818 1100 lloe
841 1047 885 1098 est
898 1046 999 1099 aulem

156 1139 418 1213 'perfectissimum
434 1153 528 1206 gellus
544 1133 767 1207 supplicationis
784 1149 790 1186 :
805 1133 834 1188 in
853 1149 914 1205 quo
930 1148 999 1205 sup·

170 1230 296 1304 plicatur
308 1246 362 1301 pro
387 1226 562 1299 depulsione
574 1223 762 1289 iulirmitatis,
777 1239 831 1296 pro
844 1222 999 1278 restitutio·

86 1335 93 1349 ⁸
168 1337 206 1376 ne
223 1319 365 1382 sanitatis,
387 1333 441 1390 pro
464 1314 689 1372 conservatione
703 1313 856 1380 libertatis,
877 1318 909 1368 ut
924 1312 998 1368 scili·

168 1415 213 1466 eet
225 1408 373 1465 medelam
398 1405 539 1463 adhibeat
552 1405 669 1471 morbo,
684 1404 831 1459 cautelam
850 1402 941 1472 (lone,
956 1407 999 1458 tu·

168 1500 257 1557 telam
280 1499 370 1555 boue.
388 1501 447 1554 lloe
462 1513 515 1569 per
528 1512 684 1551 excessum
707 1493 847 1560 diximus,
863 1509 944 1549 nrrnc
958 1491 998 1548 ad

167 1588 382 1663 expositionem
396 1587 497 1643 litterae
512 1585 680 1642 redeamus.

203 1710 360 1763 llrsronreu.
381 1703 538 1759 l‘rmlatum
560 1698 754 1756 intortunium
770 1698 826 1754 sab
851 1696 908 1753 alio
924 1701 995 1769 typo

165 1796 326 1855 sorborum
341 1794 487 1850 ostendat.
504 1790 687 1855 Sacerdotes,
705 1803 789 1843 serres
804 1793 832 1843 et
847 1792 930 1842 terrie
943 1786 995 1841 lra-

165 1886 305 1944 bllatores
334 1884 370 1940 ad
399 1884 563 1957 planctum,
588 1885 617 1935 ct
642 1895 773 1946 saecum,
799 1881 826 1933 et
845 1875 995 1948 jejunium

165 1981 308 2035 convocat
324 1996 329 2031 :
348 1975 371 2030 si
386 1974 459 2030 lorte
482 1974 670 2027 convertatur
694 1972 780 2034 Deras,
796 1971 825 2023 el
849 1968 992 2034 ignoscat.

199 2101 382 2153 Acraseomcr.
399 2088 561 2147 infortunia
576 2092 604 2143 et
618 2085 794 2141 detrimenta
806 2083 947 2157 spiritalia
957 2083 993 2139 si·

164 2187 285 2258 gnificat
296 2182 430 2241 Ecclesia.
445 2200 452 2237 ς
465 2177 624 2236 ostendens
636 2175 665 2232 iu
676 2192 711 2232 ea
719 2175 868 2231 delectum
878 2173 993 2244 religio-

162 2278 426 2348 nis,eontcurptum
438 2267 683 2332 sarrcrnnoniaar
693 2264 860 2340 perieulum
868 2263 990 2322 ordinis

163 2368 245 2425 {Inde
261 2373 288 2424 ct
303 2365 471 2422 sacerdotes
487 2361 583 2434 primo
597 2358 701 2415 inritat
714 2356 752 2412 ad
767 2353 989 2430 paenitentiam:

162 2476 215 2533 pcr
230 2475 359 2532 queratur
374 2454 523 2529 [irrecipue
545 2448 766 2522 negligentiam,
782 2453 810 2503 ct
822 2447 918 2503 cultus
931 2446 992 2518 jus-

162 2548 241 2616 tien,
256 2553 283 2604 ct
297 2547 376 2615 rigor
391 2542 563 2615 discipliuae,
580 2546 608 2596 ct
623 2539 718 2595 torma
741 2536 893 2604 doctrines,
909 2540 937 2591 et
952 2535 992 2590 la-

163 2638 221 2693 cies
238 2635 383 2700 licclesire,
400 2633 429 2687 iu
441 2629 661 2687 irreverentiam
677 2625 796 2682 corruit.
809 2625 890 2680 liudo
901 2628 929 2680 ct
939 2639 990 2698 po-

162 2725 251 2799 pulas
266 2741 319 2798 per
331 2723 449 2778 diversa
470 2718 610 2774 vitiorum
632 2714 755 2771 latibula
770 2713 916 2769 cursitans
934 2713 994 2768 dis-

1058 323 1230 399 iniquitatis,
1246 328 1434 385 mortilieatio
1451 329 1671 401 superfluitatis.
1689 333 1753 386 llaec
1769 330 1799 386 in
1815 347 1888 403 prae·

1058 415 1133 472 senti
1152 416 1263 489 pagiua
1277 417 1414 486 designat
1429 418 1574 491 propheta
1588 418 1742 491 planetum
1758 420 1888 477 relercns

1057 505 1097 561 ad
1112 507 1532 581 companctionem,ulalatam
1545 508 1584 564 ad
1595 509 1889 576 contessionemsae·

1057 610 1126 652 cum
1142 596 1180 652 ad
1195 597 1463 654 mortificationem.
1488 598 1572 664 Quod
1589 603 1689 654 autcrm
1708 616 1830 656 saccom
1843 601 1889 671 ju-

1057 682 1106 740 bet
1121 684 1246 753 ingredi,
1268 686 1365 743 innuit
1381 687 1608 745 mortilicatiouo
1630 688 1729 744 carnis
1744 705 1806 746 uon
1821 706 1889 763 par

1057 771 1113 828 sim
1128 772 1247 830 cllluere
1263 780 1409 847 oportere,
1428 775 1480 830 sed
1495 767 1827 848 obscquirun'nostrnm
1842 795 1888 836 ra·

1056 861 1196 919 tiouabile
1211 864 1334 936 perutile
1344 864 1416 920 lieri.
1435 865 1504 922 tliuc
1516 871 1544 921 et
1556 867 1732 939 apostotus:
1749 868 1885 937 Obsecro,

1056 951 1161 1025 iuquit,
1179 969 1228 1009 eos
1251 970 1306 1023 per
1325 955 1560 1012 misericordiam
1584 957 1648 1023 Dei,
1666 962 1698 1013 at
1721 957 1887 1015 ealrileatis

1055 1048 1293 1111 carpetaneam
1315 1043 1441 1100 bostiam
1457 1046 1563 1115 ciram,
1579 1051 1726 1117 salictam,
1746 1048 1807 1105 Deo
1819 1049 1887 1117 par-

1054 1136 1176 1201 centem,
1193 1131 1372 1189 rationabile
1387 1131 1555 1203 obsequium
1571 1138 1699 1190 cestram
1714 1136 1809 1202 (Rern.
1824 1136 1884 1208 xri).

1054 1224 1085 1276 ln
1101 1237 1223 1277 saecum
1237 1221 1337 1295 itaque
1359 1221 1484 1278 intratur
1501 1241 1506 1278 :
1523 1222 1639 1295 quotics
1662 1239 1746 1297 pure,
1766 1225 1883 1292 devote,

1052 1309 1188 1378 discrete,
1205 1327 1275 1367 caro
1289 1311 1493 1368 mortificatur.
1511 1315 1572 1368 Non
1587 1313 1818 1383 saccumiutrat,
1833 1315 1884 1371 sed

1053 1416 1174 1457 saccum
1189 1400 1304 1469 dissuit,
1326 1401 1442 1474 quoties
1462 1401 1530 1474 quis
1553 1402 1725 1459 excedendo
1747 1405 1883 1473 modum,

1052 1506 1174 1546 carnem
1188 1506 1275 1546 suam
1290 1490 1401 1546 cruciat
1415 1495 1443 1546 et
1457 1490 1561 1548 atterit.
1580 1495 1642 1548 b'ou
1658 1492 1689 1548 in
1704 1510 1828 1550 saccum
1841 1495 1883 1550 in·

1013 1605 1032 1658 Β
1052 1579 1192 1650 greditm,
1209 1578 1262 1635 sed
1276 1596 1397 1636 saecum
1412 1579 1515 1651 ungit:
1532 1580 1584 1653 qui
1599 1597 1720 1638 carnem
1735 1581 1832 1639 illicite
1843 1584 1884 1639 lo·

1051 1674 1100 1727 ret
1113 1675 1142 1727 et
1153 1669 1217 1741 ejus
1230 1669 1378 1726 desideria
1392 1669 1470 1726 colit.
1495 1673 1620 1728 Saccum
1635 1687 1704 1730 roro
1719 1671 1882 1743 ingreditur

1050 1758 1187 1832 qirisquis
1197 1758 1383 1815 abstinentiae
1393 1759 1502 1831 J'rrgum
1515 1760 1620 1816 devote
1636 1761 1834 1834 amplectitru.
1853 1768 1882 1819 tn

1051 1864 1137 1903 sacco
1149 1847 1239 1903 culrat
1251 1847 1387 1920 quisquis
1399 1847 1429 1903 in
1440 1847 1667 1905 mortificatione
1680 1847 1779 1906 carnis
1790 1866 1821 1905 se
1833 1850 1881 1905 dc·

1049 1935 1146 1993 lectat.
1161 1940 1191 1992 ln
1206 1953 1293 1993 saeco
1308 1936 1466 2003 cruciatur,
1483 1937 1618 2010 quisquis
1630 1937 1661 1994 in
1677 1938 1802 2008 angaria
1816 1939 1881 1994 abs-

1049 2025 1204 2083 tinentiam
1219 2031 1356 2082 sectator.
1372 2029 1484 2083 Domus
1501 2026 1551 2082 bei
1566 2032 1610 2082 est
1624 2027 1754 2084 Ecclesia
1770 2046 1777 2084 ι
1794 2029 1880 2085 sacri·

1047 2113 1150 2172 ficium
1165 2119 1194 2171 et
1204 2114 1306 2172 libatio
1323 2115 1444 2185 gemina
1463 2121 1533 2172 srurt
1554 2121 1750 2174 sacramenta.
1769 2118 1880 2175 Sacrili

1048 2203 1129 2260 cium
1144 2204 1246 2262 odilla
1261 2204 1395 2278 pertinet,
1411 2221 1480 2278 quae
1494 2204 1571 2262 fiunt
1591 2205 1628 2262 de
1644 2205 1741 2262 solido
1757 2223 1763 2259 ι
1779 2205 1879 2263 libatio

1049 2292 1087 2349 ad
1103 2310 1148 2362 ca,
1162 2310 1230 2367 quea
1254 2293 1381 2350 fiuntdc
1397 2293 1522 2367 liquido.
1540 2293 1639 2351 Solida
1654 2294 1796 2363 subtilla,
1813 2312 1879 2369 quae

1050 2384 1198 2455 pertinent
1211 2384 1250 2441 ad
1266 2384 1432 2441 oblationes
1447 2388 1508 2440 tam
1523 2383 1689 2455 spirituales
1708 2401 1803 2457 quam
1818 2402 1879 2442 cor·

1047 2473 1174 2545 porales.
1184 2473 1358 2546 liquida,ad
1369 2473 1555 2545 baptismum
1566 2479 1594 2529 et
1606 2473 1769 2531 unctiones.
1778 2475 1829 2532 l'el
1837 2493 1879 2530 su·

1047 2563 1192 2620 criticium
1207 2564 1332 2636 pertinet
1346 2563 1384 2620 ad
1402 2564 1560 2630 actionem,
1574 2563 1677 2621 libatio
1697 2565 1736 2622 ed
1749 2570 1878 2622 contem-

1048 2653 1220 2726 plationem.
1231 2655 1262 2707 ln
1277 2652 1392 2708 actione
1403 2651 1604 2725 siqnidcmcst
1614 2652 1734 2710 afflietio
1744 2654 1879 2711 ctauxie·

1047 2746 1091 2799 tas
1107 2759 1113 2798 :
1129 2742 1160 2798 in
1175 2740 1424 2814 contemplatione
1439 2741 1566 2799 drdccdo
1579 2747 1608 2799 et
1621 2743 1763 2801 suavitas.
1789 2747 1821 2800 ln
1834 2763 1879 2801 sa·

162 2813 380 2889 periittlndeet
391 2808 547 2866 lcremias:
562 2807 628 2862 rl'oa
643 2804 834 2861 crediderant
845 2818 927 2874 repes
936 2807 992 2859 ter·
1047 2831 1158 2888 fflfficio
1173 2831 1297 2888 actionis
1311 2831 1404 2888 homo
1420 2830 1577 2890 salubriter
1591 2832 1741 2903 affligunt·
1758 2837 1789 2889 ,n
1803 2834 1878 2891 mm·

163 2922 213 2976 ''³¹'’
228 2909 254 2960 el
268 2901 449 2959 lal‘llllffl'es
463 2897 554 2961 ΨΜ*
576 2895 655 2968 ‘ll‘ffll
666 2893 873 2964 5²²⁹''ede''⁰l“²'
888 2891 990 2965 ll⁰³ll³r
1047 2921 1125 2976 tione
1145 2920 1403 2993 contemplationis
1426 2920 1527 2977 anima
1553 2921 1674 2978 feliciter
1696 2922 1836 2980 delinitur
1851 2928 1879 2980 et

162 2998 189 3051 et
204 2993 342 3049 iriiraicas
350 3005 405 3062 per
416 2992 520 3060 portos
535 2983 735 3040 Hierusalem.
750 2983 879 3050 Propter
887 2996 992 3050 pecca·
1007 2967 1027 3021 C
1046 3008 1175 3067 smne,
1187 3010 1343 3067 resonam.
1362 3010 1520 3083 Sequitur:

162 3071 991 3154 taproplrctaramejrrs,etimi1aitatemsacerdo'tamejas,
1084 3099 1269 3157 &mmmmm
1292 3100 1452 3172 jejunium,
1477 3106 1580 3158 meato
1604 3107 1724 3160 mmm·
1751 3106 1879 3176 Congre-

162 3166 548 3245 paielfmlcrmrtinrrredio
568 3161 990 3234 ejassoapaiaemjustorum.
1047 3192 1113 3259 gale
1140 3206 1235 3255 sene&
1263 3205 1369 3246 omnes
1388 3189 1570 3247 habitam&
1595 3196 1677 3248 ,em
1699 3193 1731 3248 in
1750 3192 1880 3251 domum

162 3258 440 3329 Erreeemratcaci,
454 3248 990 3326 pollalisarasaaprdae(Timonis).
1047 3278 1231 3335 1)θίηὸῑῖἰῖ
1254 3284 1283 3336 e,
1310 3278 1436 3337 clumam
1465 3279 1504 3336 ad
1530 3280 1708 3338 Dominum:
1734 3287 1767 3348 Α,
1784 3287 1818 3352 Α,
1843 3289 1878 3353 Α,

198 3386 356 3456 accingite,
366 3383 471 3456 ineam,
481 3399 535 3439 cos
551 3384 579 3436 ct
589 3376 719 3451 plangito
735 3373 992 3440 sacer-doleamne
1045 3367 1104 3424 dici
1120 3385 1127 3425 ε
1143 3369 1214 3442 quio
1230 3385 1324 3442 prope
1338 3373 1381 3425 cst
1395 3369 1458 3425 dies
1473 3369 1600 3428 Domini.
1615 3375 1645 3428 et
1658 3371 1745 3444 quasi
1757 3372 1881 3431 vastitas

162 3478 199 3535 de
215 3476 359 3533 cinctione
374 3491 404 3527 sc
418 3471 515 3528 inlidit
526 3467 647 3534 mentio,
660 3465 816 3522 rideamus
830 3481 898 3537 quae
912 3478 994 3522 exea
1045 3474 1064 3515 a
1090 3462 1209 3531 potente
1231 3458 1336 3515 reniet.
1368 3462 1530 3530 Postquam
1559 3460 1726 3518 sacerdotes
1757 3461 1880 3534 purgati

163 3567 225 3625 lteri
240 3567 334 3641 possit
347 3563 463 3618 divisio,
481 3565 511 3615 tn
525 3559 627 3614 ‹livino
641 3572 772 3628 namque
792 3554 919 3624 legimus
935 3554 992 3611 clo·

163 3658 244 3731 quio,
261 3656 334 3712 alios
357 3651 514 3717 accinctos
531 3645 691 3704 nonnullos
704 3643 879 3716 praecinctos
894 3661 900 3698 :
917 3660 992 3715 lirra-

163 3747 275 3804 cinctos
289 3758 410 3819 quoque
432 3737 582 3812 quosdam
597 3735 674 3791 cirea
687 3732 817 3796 lumbos,
834 3747 910 3788 zoua
922 3749 991 3789 vero

163 3853 254 3892 aurea
265 3835 304 3890 ad
317 3829 466 3888 mamillas
481 3827 563 3883 alios.
586 3823 756 3882 succinctos
780 3821 850 3877 lacit
870 3821 991 3877 humilis

1032 3553 1115 3604 -suut
1128 3562 1182 3621 per
1195 3547 1401 3620 parmensem
1414 3554 1442 3604 ot
1456 3548 1584 3606 ordbreti
1597 3565 1651 3622 per
1663 3549 1879 3621 obedientiam,

1042 3636 1109 3707 jure
1129 3641 1238 3693 eretum
1252 3642 1362 3694 vocant
1376 3637 1415 3693 ad
1437 3636 1606 3706 Ecclesiam,
1630 3638 1769 3696 decenter
1791 3657 1879 3698 senes

1045 3730 1073 3781 el
1085 3725 1272 3783 habitatores
1283 3731 1365 3782 terras
1380 3733 1565 3799 congregant
1578 3729 1617 3785 ad
1637 3730 1877 3803 extorquendam

1044 3815 1175 3883 reniam,
1202 3815 1241 3872 ed
1278 3816 1461 3889 placandam
1494 3817 1615 3892 superni
1644 3817 1754 3889 judicis
1787 3820 1876 3890 iram,

164 3919 519 3997 prr¹nitentia3accinetos
534 3913 623 3971 virilis
638 3931 644 3977 ;
659 3917 688 3968 et
701 3917 841 3968 constans
852 3911 991 3968 oberlien-
1045 3903 1084 3961 ad
1111 3903 1333 3976 impetrandam
1359 3905 1605 3974 misericordiam,
1630 3906 1702 3980 quie
1731 3907 1876 3982 seriptum

163 4013 212 4080 tia,
228 4011 403 4086 praecinctos
416 4008 545 4082 perlecta
557 4002 707 4078 patientia.
725 4001 898 4058 l’raecinetos
912 4001 991 4058 cirea
1044 3999 1088 4051 est
1104 4013 1111 4050 :
1129 3997 1186 4064 (lai
1207 3996 1327 4053 obticeat
1352 4012 1456 4054 aaran
1477 4013 1562 4056 strom
1586 4014 1622 4055 ac
1640 3998 1745 4055 audiat
1768 4000 1875 4074 boenc,

162 4102 292 4169 lambos,
323 4099 454 4173 corporis
482 4093 671 4162 continentia,
699 4090 746 4148 rel
770 4091 988 4168 sanctimonia;
1043 4089 1140 4143 oratio
1161 4088 1225 4156 ejas
1244 4087 1294 4156 fiet
1319 4087 1511 4145 exsecrabilis
1535 4090 1636 4160 (Prae.
1659 4089 1768 4160 saror).
1791 4091 1874 4148 Unde

161 4193 240 4250 circa
254 4190 403 4248 mamillas
418 4204 493 4245 zoua
508 4200 607 4252 aurea,
624 4181 769 4240 interioris
783 4181 912 4238 hominis
926 4198 991 4255 per·
1043 4180 1071 4232 el
1099 4175 1170 4232 alibi
1198 4175 1311 4233 (lictum
1339 4181 1405 4233 est:
1432 4178 1576 4245 ertescite
1604 4194 1693 4248 opere
1719 4193 1872 4252 perverse,

160 4282 236 4339 lecta
250 4274 568 4345 mrrnrlitia,reldii5ina
580 4270 769 4328 seientiallie
784 4274 829 4326 est
841 4270 916 4326 ordo
926 4286 990 4342 per·
1043 4266 1146 4324 discite
1179 4266 1361 4337 terrefacere,
1389 4268 1513 4337 artando
1534 4268 1695 4340 proiciam,
1720 4268 1873 4327 airbaem'le

160 4371 242 4429 lecta
258 4366 469 4428 conversionis.
488 4365 536 4420 llic
552 4368 595 4419 est
614 4362 686 4419 ritus
700 4360 813 4416 devotae
827 4359 987 4429 religionis,
1004 4327 1027 4383 Β
1041 4372 1190 4428 oppresso,
1202 4357 1339 4426 judicate
1358 4357 1489 4428 armilla,
1513 4357 1661 4426 rtescadde
1680 4358 1801 4415 eidaam
1816 4374 1828 4431 ,¹
1844 4364 1871 4417 et

160 4466 192 4519 ut
206 4462 288 4536 prius
303 4462 466 4516 revertatm·
489 4468 647 4528 persensus
661 4464 715 4524 per
736 4448 881 4505 humilem
896 4449 989 4521 poeni-

158 4552 280 4611 lentiam
295 4569 300 4606 :
315 4548 423 4607 ‹teiude
438 4546 627 4602 convertetur
639 4541 781 4596 adsersus
796 4538 834 4595 ad
847 4537 987 4595 obedien-

158 4640 249 4697 tiam:
266 4639 406 4711 deinceps
422 4651 584 4692 conversus
595 4630 738 4688 ascendat
747 4628 786 4685 ad
796 4628 985 4701 splendorem

158 4726 377 4784 sanctimoniae:
393 4725 517 4780 ‹lemum
531 4725 671 4778 constans
685 4725 713 4776 et
723 4718 839 4792 patiens
854 4718 893 4774 ad
903 4734 986 4774 men·

156 4816 192 4873 tis
207 4817 364 4890 puritatem
378 4813 472 4870 caolet
492 4812 531 4868 ad
546 4810 672 4867 celestis
687 4809 806 4865 erdmen
821 4806 983 4880 sapientire.

154 4906 303 4979 accingite
318 4905 407 4973 igitur
420 4920 474 4959 ros
489 4906 516 4959 ct
530 4900 671 4974 plangite,
687 4898 873 4955 sacerdotes:
889 4898 984 4955 ulula·

152 5002 181 5057 te
194 4996 319 5055 ministri
332 4993 441 5051 altaris.
466 4990 656 5063 ingredimini
676 4995 704 5046 et
718 4989 824 5046 cubate
839 4989 869 5044 in
884 5006 981 5057 saeco,

151 5087 277 5147 ministri
301 5086 352 5144 ltei
366 5083 445 5142 mei:
464 5081 609 5158 (liconiam
634 5080 742 5136 interiit
755 5080 793 5135 de
815 5079 907 5135 domo
930 5079 980 5135 lici

149 5179 237 5238 rostri
253 5175 433 5236 sacrificium
447 5180 476 5231 ct
496 5170 607 5229 libatio.
626 5171 674 5227 llic
691 5170 815 5227 traditur
829 5169 903 5225 ordo
915 5186 980 5242 per-

148 5270 230 5327 lectre
245 5267 436 5343 parritcntire,
452 5281 514 5340 quo
530 5262 698 5320 sacerdotes
710 5260 854 5334 jrdientur
868 5258 907 5315 ad
922 5264 977 5316 sta-

147 5361 210 5413 tuur
225 5359 320 5413 redire
341 5355 527 5415 obedientia.
555 5351 706 5425 Siquidem
725 5348 861 5422 peracte
884 5347 976 5419 preni-

146 5444 242 5500 tentia
271 5446 325 5502 tria
346 5451 414 5502 suut
438 5443 628 5502 necessario:
652 5437 843 5511 romprmotio
866 5435 975 5493 scilicet

144 5533 261 5601 meotis,
284 5535 430 5591 consessio
448 5536 517 5603 oris,
541 5528 730 5590 mortilicatio
754 5525 861 5583 cornis.
888 5531 973 5583 com-

141 5622 263 5698 pnnctio
279 5621 464 5696 delictorum,
480 5621 627 5682 confessio
638 5623 839 5695 peccatorum,
849 5615 971 5674 mortiti-

1041 4449 1146 4517 ecm'te,
1160 4452 1187 4504 el
1201 4448 1319 4517 araaite
1332 4461 1387 4517 irre,
1403 4447 1475 4502 dicit
1489 4448 1633 4503 Datames
1648 4448 1719 4519 (Iso.
1730 4451 1761 4515 r).

1077 4538 1201 4601 intuere,
1228 4533 1328 4600 lector,
1358 4532 1496 4589 ordinem
1530 4533 1726 4607 impetrandas
1758 4533 1870 4592 miseri·

1040 4623 1159 4690 cerdice,
1187 4615 1358 4692 flagitandae
1390 4621 1500 4678 divinae
1526 4622 1712 4680 clementia:
1741 4624 1869 4681 modum

1039 4713 1130 4770 eundi
1143 4712 1182 4770 ad
1197 4712 1340 4770 erronum
1366 4711 1477 4782 gratiae.
1502 4712 1585 4769 Prius
1608 4717 1652 4769 est
1678 4712 1760 4770 enim
1783 4730 1868 4771 sane

1037 4803 1149 4860 liticare
1168 4802 1340 4874 jejunium:
1368 4807 1474 4875 postea
1496 4820 1601 4861 vocare
1629 4808 1763 4862 coetum:
1786 4804 1868 4863 dein·

1036 4894 1074 4949 de
1098 4908 1280 4965 congregare
1301 4908 1397 4961 senes,
1424 4897 1453 4950 et
1476 4893 1646 4968 poprdum:
1675 4893 1785 4951 demde
1808 4894 1867 4951 ela-

1035 4999 1118 5039 mare
1144 4982 1182 5040 ad
1197 4982 1358 5040 Dominum
1386 4982 1416 5039 in
1429 5000 1600 5041 commune.
1615 4983 1766 5055 lejunium
1780 4999 1865 5041 sauc-

1034 5072 1145 5131 tilicare
1160 5072 1288 5130 ostendit
1307 5072 1394 5130 nobis
1409 5073 1552 5141 Sadrator,
1568 5073 1689 5131 dicens:
1707 5074 1751 5131 Ta
1765 5079 1864 5132 catera

1033 5180 1101 5221 cam
1119 5166 1243 5235 jcpcnas
1266 5179 1343 5234 crepe
1361 5169 1452 5233 capiet
1479 5169 1573 5237 torcia,
1597 5170 1624 5220 et
1640 5164 1750 5234 faciem
1779 5168 1863 5220 tricem

1034 5255 1103 5311 loco
1118 5253 1238 5327 (Malta.
1263 5254 1312 5325 rr).
1336 5256 1368 5309 tn
1391 5252 1465 5310 lacie
1487 5253 1631 5326 operatio,
1656 5252 1686 5309 in
1710 5251 1862 5309 ablutione

1031 5342 1266 5416 campanellam
1280 5340 1861 5414 mactionecompassio,iucapitemcntis
1904 5350 1908 5355 ·

1029 5434 1157 5492 clevatio.
1173 5437 1238 5491 llreo
1259 5431 1478 5503 ouuriachuuii
1501 5432 1590 5503 exigit
1605 5430 1809 5492 sanctificatio.
1830 5437 1861 5488 ut

1027 5526 1137 5584 seilicet
1150 5523 1361 5583 abstinentiam
1375 5522 1512 5598 purificet
1525 5523 1728 5598 compunctio.
1743 5522 1861 5581 ordinet
1901 5545 1912 5555 ·

1028 5614 1209 5689 compassio,
1226 5612 1327 5675 toleret
1338 5612 1456 5675 devotio
1470 5632 1478 5672 ι
1494 5612 1602 5680 lormet
1615 5614 1761 5688 operatio.
1775 5616 1849 5673 Com
