3832 6044
347 165 1201 230 QuAEsuuuusluEpistolaspaull.—1hur.hn
1222 175 1304 234 nou.
1360 150 1368 158 ’
1626 192 1679 247 aaa
1721 194 1724 199 ·

83 284 233 361 apertluat.
260 286 382 344 Salutio.
404 290 497 346 Gratis
519 291 599 358 dicit,
623 290 712 346 idest
735 290 797 346 sine
815 295 838 346 A
854 286 987 351 eundum
1002 295 1166 355 efficaciam
1185 299 1333 362 diminuta
1347 308 1404 362 est:
1418 307 1489 382 quia
1507 325 1570 367 non
1583 316 1681 385 potest

83 375 176 432 nerito
198 381 310 444 nostro,
327 393 381 449 per
402 379 539 449 gratiam,
556 379 586 434 id
607 383 650 435 est
666 395 719 451 per
734 395 798 449 gra-
851 383 1012 454 praevalere
1031 393 1179 458 quantum
1193 396 1272 460 ante,
1301 395 1431 454 maxime
1451 399 1523 473 quia
1546 401 1623 458 vires
1636 419 1681 459 re·

83 483 136 524 >na
156 483 220 523 sua.
244 469 326 540 Saepe
347 469 456 524 etenim
471 469 565 525 multa
584 469 671 526 nobis
686 470 800 527 confert
852 470 973 528 sistendi
985 473 1063 531 datae
1079 482 1147 534 suut
1160 478 1286 550 homini,
1303 486 1459 559 alquanto
1474 489 1565 546 homo
1581 495 1608 548 ct
1623 491 1680 549 ior·

83 559 161 614 itiam
174 556 308 630 quidem,
322 573 382 613 non
398 562 499 614 tamen
515 558 577 614 sine
592 558 674 614 omni
691 558 796 616 merito
851 560 906 617 tior
929 562 969 618 ad
992 566 1201 637 resistendum,
1222 574 1304 628 tanto
1328 573 1422 632 hostis
1441 577 1480 634 ad
1500 578 1679 653 impugnan-

82 666 87 702 :
104 646 187 720 quod
203 650 303 702 tamen
316 662 377 701 non
391 647 423 703 lit
434 647 496 702 sine
512 646 606 717 gratia
620 647 724 720 ipsius.
851 649 925 706 dum
938 651 1073 711 debilior.

83 752 132 793 mo
162 739 214 792 XC.
242 738 302 793 Per
328 738 568 807 redemptionem,
601 753 669 808 quir
700 744 742 794 es!
767 740 797 793 ia
887 741 1019 806 Qumsrro
1032 745 1108 801 XCV.
1135 747 1281 812 Quaeritur
1300 768 1370 807 cum
1389 755 1496 812 dieitur
1524 759 1565 815 ccl
1585 769 1679 820 osteu-

82 827 183 893 ›Jesrc
201 830 255 881 etc.
281 825 427 891 Quaeritur
439 842 493 882 cur
508 828 584 882 [leus
599 841 652 899 per
671 831 798 882 mortem
849 830 1055 901 saonemjusu,
1068 838 1134 902 etc,
1151 834 1188 890 de
1204 838 1334 912 antiquis
1342 841 1439 912 justis,
1454 846 1506 918 qui
1521 847 1550 903 in
1564 849 1679 908 inferno

82 915 225 972 rominem
244 915 410 982 redemerit,
433 933 525 989 quem
540 916 604 972 solo
618 917 711 973 verbo
727 915 797 972 libe-
850 917 1036 988 tenebantur,
1070 937 1109 977 an
1133 929 1255 996 peecata
1280 927 1322 983 eis
1346 937 1444 988 essent
1478 933 1602 994 dimissa
1627 956 1680 1012 per

82 1004 168 1062 itaut?
191 1005 311 1061 Solutio.
330 1006 473 1071 Quamvis
495 1006 571 1062 alius
586 1007 695 1063 modus
720 1012 797 1063 esset
849 1004 941 1061 fidem
956 1010 985 1063 et
1010 1009 1234 1081 paenitentiam:
1253 1020 1282 1072 et
1296 1016 1319 1072 si
1334 1017 1457 1077 dimissa
1477 1028 1570 1092 erant,
1586 1042 1680 1100 quare

82 1093 116 1150 lis
142 1096 211 1161 lieo,
238 1093 339 1149 nullus
362 1098 462 1152 tamen
488 1099 550 1151 erat
576 1095 798 1152 convenientior
849 1092 1007 1151 ininferna
1031 1097 1221 1159 tenebantm·:
1238 1103 1301 1161 sine
1327 1105 1407 1164 enim
1429 1116 1622 1182 peccatorum
1637 1132 1680 1171 re-

91 1181 234 1238 miserint
256 1181 328 1255 quia
343 1182 372 1238 et
394 1181 424 1238 in
441 1182 548 1239 eodem
564 1183 651 1239 nobis
675 1182 799 1241 contulit
850 1181 991 1241 missione
1005 1202 1066 1242 non
1081 1194 1164 1246 eraut
1171 1191 1252 1262 justi.
1281 1195 1402 1254 solutio,
1429 1200 1534 1257 Omnia
1555 1202 1681 1261 dimissa

82 1288 144 1338 um,
170 1275 198 1327 et
229 1270 404 1327 humilitatis
428 1278 456 1328 ct
479 1271 643 1328 dilectionis
672 1271 799 1346 praebant
850 1277 973 1343 peecata
991 1280 1076 1333 erant
1098 1278 1140 1334 eis
1163 1295 1217 1353 per
1241 1283 1334 1341 finem
1357 1291 1385 1342 et
1406 1286 1604 1361 dilectionem,
1627 1293 1680 1350 sed

82 1371 148 1416 um.
173 1359 346 1417 Remedium
364 1359 394 1415 in
410 1359 467 1416 hoc
491 1361 704 1428 consideratur,
726 1361 798 1435 quia
850 1360 1060 1420 omnimodum
1075 1365 1215 1425 effectum
1237 1371 1418 1431 remissionis
1434 1381 1585 1437 consecuti
1600 1387 1677 1439 sunt.

82 1465 105 1505 rs
119 1447 198 1504 misit
213 1465 339 1504 manum
355 1449 385 1504 in
401 1465 481 1514 eum,
498 1449 550 1522 qui
575 1449 717 1506 immunis
735 1455 799 1507 erat
850 1450 965 1522 Duplex
993 1457 1037 1511 est
1063 1456 1247 1516 remissionis
1272 1462 1404 1534 effectus,
1430 1467 1548 1536 scilicet,
1578 1488 1678 1529 carere

82 1541 138 1605 tte;
155 1536 185 1592 in
198 1552 259 1610 quo
274 1536 443 1609 quidquam
456 1537 539 1609 quod
554 1552 643 1593 suum
659 1542 721 1595 erat
735 1553 796 1596 non
849 1553 948 1610 prena,
965 1544 994 1597 et
1013 1540 1068 1599 lrui
1084 1543 1178 1615 gloria
1192 1549 1318 1607 alienun
1332 1557 1447 1613 tantum
1469 1548 1537 1615 ante
1551 1565 1679 1618 mortem

82 1672 88 1684 .
105 1626 174 1683 ldeo
189 1618 370 1695 merilo'eos,
383 1643 460 1700 qaros
470 1627 605 1699 quodam
618 1628 684 1699 jure
698 1633 831 1710 tenech
850 1627 954 1685 Christi
968 1631 1137 1692 habebant:
1154 1638 1225 1709 quia
1239 1657 1361 1714 poenam
1377 1647 1525 1704 actualem
1538 1666 1600 1707 non
1616 1667 1680 1708 sen·

82 1719 133 1787 tur,
149 1715 256 1783 amisit,
272 1715 466 1772 credentesin
483 1732 563 1781 eum,
585 1716 637 1790 qui
651 1733 704 1790 ρον
717 1733 797 1774 mor·
849 1714 971 1787 tiebant,
995 1720 1121 1779 alterum
1144 1727 1282 1785 nondum
1308 1740 1495 1806 acceperant,
1523 1738 1595 1810 quia
1617 1755 1679 1796 nou

82 1821 138 1862 iam
157 1804 299 1861 omnibus
322 1804 599 1877 obtemperantibus
623 1805 680 1861 sibi
700 1806 797 1863 iactus
849 1803 991 1865 videbant
1014 1812 1117 1868 Deum.
1156 1818 1227 1871 ltem
1256 1820 1436 1891 opponitur:
1480 1828 1582 1882 Nonne
1607 1829 1680 1900 iusti

82 1910 117 1951 sa
129 1893 248 1949 salutis:
271 1909 333 1949 non
353 1893 433 1949 enim
453 1910 508 1967 pro
523 1910 564 1961 se,
583 1894 634 1951 secl
647 1910 701 1967 pro
710 1895 797 1952 nobis
850 1899 934 1951 eraut
948 1900 977 1953 et
991 1897 1032 1952 sie
1046 1899 1129 1971 (ligni
1143 1902 1259 1972 gloria?
1280 1924 1373 1982 quare
1389 1927 1460 1981 crgo
1474 1929 1536 1969 non
1551 1914 1680 1973 dabutur

88 1988 131 2041 cst
146 1983 231 2039 nobis
247 1982 415 2039 concedens
431 1982 535 2038 merita
551 1999 615 2050 sua,
632 1989 664 2040 ut
684 2000 739 2057 pro
755 1984 797 2041 eis
850 1982 891 2038 eis
904 1983 935 2039 id
950 2000 1011 2059 quo
1025 1994 1110 2046 erant
1121 1991 1227 2062 digni?
1243 1997 1365 2054 Salutio.
1376 1999 1604 2060 lustitiacorum
1617 2021 1680 2061 nou

82 2074 163 2145 ieret,
184 2072 266 2145 quod
282 2072 339 2127 sibi
353 2072 447 2140 lieret,
472 2071 496 2127 si
512 2072 665 2143 indigeret.
681 2073 726 2129 hd
742 2075 796 2130 hu·
850 2077 913 2129 erat
929 2078 1027 2145 ¹tanta,
1045 2095 1112 2151 quae
1138 2081 1287 2140 sufficeret
1306 2086 1345 2142 ad
1367 2087 1458 2144 vitam
1483 2091 1680 2149 obtinendam

82 2179 123 2220 em
145 2167 245 2218 aulem
267 2161 506 2234 provocaritnos
520 2161 630 2230 inhoc‚
656 2162 740 2236 quod
759 2161 797 2219 de
850 2161 913 2218 sine
933 2169 1027 2221 morte
1043 2167 1157 2237 Christi,
1180 2187 1236 2226 nec
1260 2172 1348 2229 etiam
1364 2191 1469 2232 eorum
1493 2184 1616 2250 peccata
1638 2180 1681 2237 di-

96 2253 162 2310 sinu
179 2256 314 2337 paternae
329 2251 492 2322 majestatis
511 2251 696 2308 descendens
712 2252 798 2309 sicsc
851 2250 943 2308 missa
965 2252 1146 2328 simpliciter,
1161 2259 1218 2314 nisi
1238 2261 1295 2316 sub
1320 2264 1453 2334 quadam
1477 2268 1680 2339 expectatione
1726 2324 1733 2336 ,

81 2343 140 2415 ivit,
151 2347 184 2399 ut
198 2342 326 2398 formam
342 2341 417 2398 servi
432 2341 578 2414 acciperet
588 2342 733 2415 (Philipp.
746 2347 796 2412 ru).
851 2343 880 2395 et
893 2342 1054 2414 sponsione
1068 2344 1168 2414 lutari,
1185 2348 1237 2420 qui
1257 2366 1312 2422 pro
1327 2352 1369 2407 eis
1391 2353 1580 2414 satisfaceret.
1600 2358 1681 2414 Unde

81 2432 201 2489 ‚ritatem
216 2431 246 2487 in
267 2431 325 2486 hoc
340 2446 395 2486 nos
411 2429 559 2486 invitarit:
586 2430 658 2505 quia
678 2448 748 2488 cum
763 2431 800 2490 sit
851 2430 1010 2503 Apostolus
1038 2433 1109 2490 dicit
1137 2436 1284 2494 Christum
1316 2435 1469 2499 mortuum
1497 2461 1558 2502 non
1583 2446 1681 2503 solum

81 2538 113 2578 us
142 2520 252 2592 gloriae,
280 2518 345 2576 talis
374 2524 403 2576 et
432 2523 541 2586 tantus,
570 2523 599 2575 et
624 2519 719 2577 taliter
743 2537 798 2594 pro
851 2525 973 2592 propter
986 2522 1192 2581 remissionem
1208 2529 1411 2600 praesentium,
1437 2533 1489 2589 sed
1505 2534 1594 2591 eham
1607 2553 1683 2609 pree-

83 2615 112 2669 et
130 2609 337 2685 peccatoribus
361 2614 497 2665 mortuus
511 2614 564 2665 ost.
590 2611 760 2684 notaquoc
773 2611 798 2666 si
851 2607 1020 2666 cellantiam
1042 2611 1237 2682 delictorum;
1263 2618 1333 2688 qai-io
1357 2619 1419 2687 ipse
1439 2627 1481 2677 est
1500 2637 1607 2692 aprina,
1631 2641 1683 2695 quc

81 2701 151 2759 erbo
165 2700 320 2757 hominem
332 2699 498 2767 redimeret,
516 2699 598 2756 nulla
613 2699 722 2772 inimic
736 2701 798 2758 dia·
852 2699 965 2755 occisus
979 2706 1020 2756 est
1034 2700 1071 2758 ab
1084 2703 1319 2773 originemandi
1332 2707 1435 2780 (Hetr.
1452 2711 1491 2783 ni)

81 2793 138 2847 iret.
160 2788 209 2845 Vel
223 2788 246 2843 si
266 2791 343 2844 [leus
358 2802 411 2861 per
426 2787 567 2856 angelum
582 2803 676 2859 genus
691 2789 798 2847 huma·
888 2787 1016 2852 Qi'nsaro
1038 2782 1126 2847 XCVl.
1149 2794 1252 2849 Utrum
1273 2797 1351 2851 Deus
1370 2802 1471 2870 posset
1484 2815 1535 2857 eos
1557 2801 1683 2860 damna·

81 2879 241 2946 clermaret,
263 2894 325 2934 non
343 2877 411 2934 ideo
435 2877 541 2947 angelo
567 2877 647 2934 salus
666 2878 797 2935 hominis
851 2892 882 2931 re
903 2880 1013 2934 aeterna
1026 2894 1126 2950 poena,
1148 2898 1217 2938 cum
1233 2889 1332 2941 essent
1350 2887 1433 2956 justi,
1450 2893 1478 2945 et
1494 2889 1591 2961 justos
1603 2892 1683 2964 juste

81 2969 149 3027 enda
158 2973 243 3025 esset.
263 2966 718 3041 Madta'enimlleusperangelos
729 2985 799 3042 ορο-
814 3011 834 3066 C
852 2965 957 3039 punire
969 2983 1030 3023 uon
1052 2974 1170 3041 posset:
1187 2973 1270 3044 quod
1285 2974 1366 3031 enim
1377 2975 1521 3045 injustum
1536 2984 1589 3047 est,
1606 2984 1684 3037 licus

81 3076 148 3134 quae
162 3062 261 3115 tamen
277 3074 338 3114 non
354 3057 468 3128 angelis
493 3063 570 3125 sunt,
595 3059 648 3114 sed
667 3063 726 3115 lieo
752 3059 799 3115 tri·
852 3053 949 3110 iacere
964 3071 1025 3112 non
1040 3061 1154 3128 potest:
1179 3064 1207 3116 et
1220 3061 1244 3116 si
1259 3077 1310 3117 cos
1331 3064 1435 3135 punire
1451 3081 1512 3120 non
1527 3068 1632 3139 potuit,
1653 3069 1684 3125 in

81 3165 115 3206 a:
137 3148 204 3205 ideo
225 3151 324 3204 autern
344 3163 397 3220 ρον
425 3164 455 3202 se
478 3163 539 3203 non
561 3164 614 3223 per
629 3148 721 3204 alium
743 3165 799 3205 nos
853 3160 975 3216 quoeos
990 3146 1493 3209 sustinuitisolutio.h'ecessru·ium
1508 3160 1614 3212 eratut
1628 3172 1683 3229 ρνο

80 3237 109 3308 it,
137 3237 208 3311 quia
233 3237 343 3293 nullius
375 3237 450 3293 alius
479 3241 561 3294 tanta
589 3242 712 3311 possent
736 3255 800 3294 esse
853 3232 989 3304 originali
999 3239 1122 3308 peceato
1137 3235 1301 3307 satisfieret,
1318 3243 1346 3296 et
1361 3256 1430 3296 eum
1445 3241 1503 3314 ipsi
1515 3243 1684 3301 satisfacere

82 3327 315 3398 ,utsufficerenl
331 3327 369 3383 ad
393 3326 481 3384 totius
496 3327 602 3383 muudi
624 3327 802 3401 redemptio·
854 3339 916 3380 uon
939 3327 1061 3396 possent
1084 3325 1140 3380 nisi
1159 3325 1235 3381 alius
1250 3341 1304 3398 pro
1325 3327 1367 3384 eis
1391 3329 1581 3402 satisfaceret,
1607 3337 1684 3390 Deus

851 3411 930 3482 juste
946 3426 996 3466 eos
1020 3411 1126 3483 punire
1148 3418 1257 3485 posset.
1283 3418 1347 3471 Noa
1366 3420 1464 3473 tamen
1480 3423 1597 3492 oportet
1616 3437 1686 3479 con-

81 3526 138 3568 sno
162 3512 227 3567 xer,
252 3508 398 3576 Quaeritur
424 3526 462 3565 an
490 3511 567 3564 neus
582 3507 677 3583 potuit
704 3505 800 3565 moero
856 3498 959 3555 cedere
978 3498 1062 3572 quod
1074 3501 1171 3571 justos
1195 3502 1323 3575 puniret.
1346 3507 1405 3562 lloe
1421 3506 1502 3563 raim
1518 3513 1595 3567 esset
1618 3515 1687 3583 post

81 3599 245 3658 beatiorem
258 3599 383 3655 modum
395 3597 608 3673 redemptionis
617 3597 631 3652 ‘l
644 3595 673 3654 Si
687 3597 803 3654 dicatur
856 3593 983 3645 mortem
998 3589 1117 3646 Christi:
1131 3606 1191 3648 uon
1206 3593 1286 3649 enim
1302 3594 1474 3667 simpliciter
1488 3598 1545 3654 nisi
1560 3598 1591 3654 in
1606 3615 1686 3657 eom-

81 3706 133 3748 νον]
148 3690 244 3764 potuit
263 3689 379 3745 videtur
393 3688 475 3761 quod
490 3687 622 3759 potentia
642 3687 691 3743 Dei
708 3687 805 3743 termi-
857 3678 1011 3754 paratione
1029 3680 1132 3736 mortis
1155 3682 1258 3738 Christi
1280 3684 1352 3755 justi
1373 3685 1492 3743 dicendi
1512 3693 1603 3746 sunl:
1626 3706 1687 3746 non

80 3777 196 3846 naboar,
221 3783 249 3834 et
280 3793 342 3833 non
368 3777 404 3832 sit
431 3776 596 3833 immensa:
629 3776 653 3832 si
688 3775 805 3832 dicatur
859 3768 939 3824 enim
951 3767 1108 3826 habebant
1121 3775 1236 3828 tautam
1255 3773 1404 3830 actualem
1418 3776 1565 3846 justitiam
1577 3794 1614 3833 ex
1627 3793 1689 3851 qua

80 3866 178 3941 potuit,
189 3866 345 3939 quomodo
359 3865 411 3921 iste
427 3864 723 3921 convenientissimus
737 3865 806 3920 est?
858 3861 981 3931 possent
1000 3857 1079 3929 juste
1104 3859 1220 3930 exigere
1242 3861 1335 3919 vitam
1357 3867 1511 3931 aeternam,
1537 3865 1612 3922 sicut
1634 3883 1690 3922 nec

80 3971 100 4012 i.
114 3954 234 4011 Lieetin
249 3953 606 4021 hocterminumhabeat,
623 3969 685 4009 non
701 3957 801 4010 tamen
859 3962 915 4003 nos
935 3946 998 4002 sine
1021 3952 1117 4004 morte
1140 3949 1263 4006 Christi:
1284 3951 1382 4021 justos
1407 3956 1506 4009 lamen
1529 3971 1581 4010 eos
1605 3960 1692 4013 vocat

80 4041 149 4099 citer
164 4042 391 4099 eoncedendum
406 4040 489 4114 quod
511 4041 671 4098 terminum
685 4040 803 4097 babeat.
862 4035 1021 4109 Scriptura,
1042 4037 1115 4111 quia
1132 4042 1248 4094 tantmn
1268 4038 1422 4098 habebant
1443 4048 1591 4116 quantum
1614 4048 1691 4102 lleus

80 4133 104 4189 at
118 4130 172 4188 iste
187 4131 296 4187 modus
312 4135 419 4186 nostrae
435 4129 560 4185 miseriae
576 4129 612 4185 sit
627 4129 806 4186 convenien-
860 4124 1007 4196 exigebat,
1024 4126 1096 4200 quia
1106 4127 1188 4199 quod
1209 4126 1250 4182 eis
1265 4127 1376 4198 deerat,
1394 4130 1526 4189 Christus
1546 4139 1609 4190 erat
1624 4149 1693 4208 sup-

80 4237 108 4278 as
121 4225 299 4277 nontamen
322 4223 365 4275 est
379 4235 510 4286 neccsse,
535 4218 618 4290 quod
642 4218 679 4274 sit
701 4232 806 4274 conve-
862 4214 1006 4289 pletarus.

80 4309 182 4369 isimus
198 4307 343 4365 absolute.
669 4292 685 4319 ⁹
712 4314 717 4331 ⁸
898 4306 1026 4371 Qatnsrre
1047 4307 1147 4363 XCVll.
1171 4307 1244 4362 Cum
1262 4305 1385 4363 dieitur:
1409 4310 1471 4366 Per
1488 4325 1578 4381 quum
1603 4311 1694 4381 tepea

80 4415 147 4456 :sno
171 4401 247 4455 liCll.
274 4397 419 4464 Quaeritur
441 4395 489 4452 cui
512 4395 649 4469 praetium
671 4400 807 4452 nostrum
823 4367 844 4421 Β
859 4395 1036 4467 suetorum?
1059 4400 1125 4464 cte,
1157 4394 1299 4468 quaeritur
1329 4411 1383 4452 eru·
1406 4396 1453 4452 lex
1480 4398 1615 4468 hlosaien,
1645 4399 1693 4455 len

80 4493 153 4558 tum,
177 4504 216 4544 an
231 4487 362 4556 diabolo,
383 4502 421 4543 an
433 4487 514 4542 lieo?
540 4485 661 4542 Salutio.
683 4489 742 4543 Deo
757 4485 809 4542 da·
863 4484 973 4558 scripta
986 4483 1111 4553 dicatur,
1128 4484 1174 4540 lex
1189 4483 1345 4551 laetorum,
1363 4490 1391 4541 et
1404 4501 1465 4542 non
1480 4486 1673 4558 Evangelium
1688 4505 1694 4546 :

80 4592 130 4636 aon
144 4576 265 4633 diabolo
279 4580 340 4632 est:
358 4575 430 4648 quia
444 4575 527 4633 nulla
541 4574 651 4646 injuria
674 4574 752 4631 iacta
766 4577 810 4632 est
865 4573 918 4628 scd
930 4573 977 4629 lex
998 4573 1145 4643 Evangelii
1164 4576 1211 4628 lex
1227 4573 1338 4642 gratia,
1355 4581 1383 4632 ct
1408 4575 1455 4631 lex
1466 4576 1605 4648 justitiae:
1623 4577 1699 4634 sicut

80 4683 113 4733 o,
129 4666 200 4739 quia
218 4681 280 4722 non
301 4668 363 4723 erat
377 4664 434 4720 nisi
454 4669 598 4736 tanquam
616 4663 808 4732 carcerarius,
865 4661 945 4717 enim
968 4660 1019 4716 illa
1042 4659 1133 4717 habet
1153 4676 1255 4734 opera,
1280 4661 1321 4718 sic
1347 4668 1375 4719 et
1399 4664 1464 4722 ista.
1491 4664 1612 4723 Salutio.
1640 4669 1699 4723 Lex

80 4754 139 4813 iam
152 4754 238 4811 vellet
251 4754 325 4810 illud
337 4753 478 4826 recipere,
494 4757 527 4809 ut
540 4752 694 4810 hominem
706 4752 810 4826 perde·
865 4749 991 4807 hlasaiea
1005 4748 1113 4806 dieitur
1132 4749 1290 4817 laetorum,
1312 4751 1384 4827 quia
1407 4771 1443 4810 ea
1466 4771 1534 4829 quae
1560 4755 1700 4814 iacienda

80 4843 169 4901 olenti
184 4848 283 4900 autem
294 4842 431 4900 dandum
446 4857 506 4898 uon
521 4846 593 4910 erat,
609 4858 647 4899 ne
662 4842 688 4898 ei
703 4841 812 4915 injuria
867 4842 937 4896 sunt
961 4841 1077 4896 tantum
1093 4838 1189 4910 jubet,
1216 4844 1245 4898 ct
1264 4856 1326 4897 non
1351 4843 1476 4901 confert·
1488 4845 1625 4916 gratiam,
1646 4863 1701 4921 per

866 4945 960 5002 quam
981 4927 1163 5002 impleantur
1182 4945 1250 5003 quae
1268 4930 1431 5002 jubentur:
1454 4933 1581 5009 ideoque
1606 4935 1702 4993 littera

80 5038 153 5080 asne
167 5025 255 5080 XClll.
272 5024 417 5089 Qureritur
432 5037 449 5079 a
464 5037 525 5096 quo
540 5022 577 5078 sit
591 5024 682 5079 homo
698 5021 811 5077 redem-
868 5018 1007 5075 occidens
1029 5018 1207 5074 mandatum
1223 5018 1286 5076 sine
1306 5021 1401 5093 gratia
1416 5023 1593 5096 appellatur.
1611 5027 1702 5080 Evau-

89 5112 212 5171 Solutio.
238 5112 436 5180 hiliaboloa
462 5117 630 5185 peceato,a
654 5114 812 5168 tormento.
870 5108 981 5179 galium
1007 5123 1077 5164 vero
1101 5108 1188 5179 jubet
1211 5109 1335 5183 quidem
1359 5127 1426 5184 quie
1451 5111 1588 5169 iacienda
1616 5114 1700 5168 sunt:

80 5218 109 5258 er
133 5206 177 5257 est
199 5200 406 5258 reconciliatus
430 5203 488 5256 lieo
513 5206 541 5257 et
554 5201 618 5257 hoee
632 5205 676 5256 est
695 5199 815 5270 gemina
871 5197 924 5253 sed
937 5197 1061 5271 insuper
1075 5197 1190 5253 confert
1203 5198 1342 5267 gratiam,
1358 5215 1412 5270 per
1428 5215 1522 5271 quam
1537 5216 1605 5272 quae
1617 5198 1704 5270 jussa

80 5290 119 5351 tia
133 5290 288 5361 sanguinis
305 5289 420 5347 Christi.
872 5291 942 5343 sunt
962 5285 1154 5360 impleantur.
1172 5284 1220 5340 Vel
1237 5285 1324 5341 ideo:
1351 5284 1397 5341 lex
1419 5287 1529 5361 scripta
1542 5287 1590 5343 lex
1613 5285 1705 5344 lacto-

79 5397 156 5438 asne
170 5383 258 5437 liClV.
275 5379 421 5446 Quaeritur
436 5380 540 5453 inquo
560 5384 691 5454 potestas
705 5377 817 5435 diaboli
872 5393 940 5433 rum
963 5374 1140 5448 appellatur,
1164 5371 1236 5445 quia
1262 5372 1400 5428 homines
1431 5373 1505 5445 legis
1529 5380 1621 5433 totam
1642 5377 1705 5450 jus·

79 5473 182 5528 ‚ortem
197 5468 302 5525 Christi
324 5467 471 5525 alimmuta
485 5473 538 5525 est.
563 5469 643 5526 Sicut
657 5468 737 5525 enim
750 5472 817 5523 iude
874 5466 968 5523 titiam
984 5481 1071 5521 suam
1094 5463 1124 5518 in
1139 5459 1282 5533 operibus
1304 5461 1377 5532 legis
1401 5465 1640 5526 constituebant:
1658 5468 1705 5524 lex

79 5563 164 5617 atem
178 5556 284 5614 habuit
298 5556 432 5615 tentandi
446 5557 543 5614 bonos
556 5560 585 5613 et
599 5555 714 5614 malos:
731 5555 772 5612 sic
792 5559 820 5610 et
875 5558 977 5611 autem
1002 5551 1073 5609 tldci
1087 5549 1133 5606 vel
1148 5547 1250 5621 graue
1276 5548 1317 5606 sic
1333 5549 1450 5619 dicitau,
1472 5554 1544 5626 quia
1568 5556 1707 5617 homines

79 5695 86 5706 .
106 5646 230 5706 Salutio.
247 5649 311 5703 Non
327 5645 493 5703 secuudum
515 5645 685 5710 essentiam,
711 5643 763 5700 sed
778 5661 822 5699 se·
876 5641 977 5715 gr‘atice
996 5645 1088 5697 totam
1103 5654 1257 5695 summam
1275 5643 1304 5695 et
1328 5639 1494 5699 efficaciam
1516 5644 1620 5702 salutis
1645 5661 1708 5703 sure

185 5735 441 5794 rarioneuuau
1480 5735 1511 5788 lt
