3832 6044
67 135 120 187 637

452 144 454 152 ·
497 133 705 188 attacorum
726 135 758 187 ΙΝ
780 132 888 188 VETUS
907 133 1169 190 resranha'ruu.
1192 164 1226 172 -
1245 135 1310 190 LlB.
1330 136 1351 190 Ι.

1726 138 1778 191 638

67 261 217 326 occupent
231 259 260 311 ct
272 262 475 329 corrumpant,
492 273 527 312 ac
552 273 656 311 sensus
671 259 787 311 nostres
800 253 839 309 ah
854 255 896 310 in-
913 257 938 310 Α
953 260 1038 311 tuum
1061 271 1121 312 non
1149 257 1309 314 cessabunt
1330 257 1457 314 >laudare
1471 272 1582 314 nomen
1595 256 1722 314 Domini.
1739 260 1778 312 lie

66 343 225 416 quisitione
243 346 380 411 veritatis,
397 345 519 400 allectus
534 350 650 400 nostres
666 345 705 400 ab
716 343 896 400 exercitatio·

67 449 106 489 ne
125 433 248 501 virtutis,
264 434 402 489 membra
424 440 526 489 nostra
549 433 588 489 ab
617 432 798 489 exhibitione
825 433 897 489 boni

68 523 167 596 operis
178 522 353 595 impediant.
371 523 450 579 Sicut
464 522 544 579 enhn
560 526 636 579 terra
651 523 737 596 aquis
753 527 899 595 occupata

68 628 129 668 non
143 612 239 685 potuit
254 612 431 681 germinare,
449 612 489 666 sic
504 628 560 667 nos
593 612 670 667 vitiis
692 612 829 686 occupati
844 628 898 668 nec

69 702 209 756 sensibus
225 701 380 757 veritatem
394 700 552 773 inquirere,
570 717 623 756 nec
639 700 794 757 affeetilms
808 701 899 756 xirtu·

70 796 112 845 les
120 806 325 856 exemeranec
337 790 480 844 membris
488 790 568 844 bona
577 806 668 861 opera
676 791 811 845 valemus
819 789 899 845 exhi-

68 879 244 950 be1·e.ilquis
258 878 347 947 igitur
357 878 386 932 in
400 894 495 933 unum
509 879 761 945 congregatis,aer
771 877 898 943 calescit,

69 968 97 1018 et
112 967 190 1017 terra
205 962 353 1031 germinat
366 962 437 1034 quia
451 961 527 1016 vitiis
544 962 690 1028 cohibitis,
707 967 734 1017 ct
748 979 802 1035 per
817 961 899 1030 agni-

70 1051 182 1106 tionem
197 1050 271 1106 calet
285 1051 386 1118 home,
403 1055 430 1105 et
460 1067 513 1122 per
540 1050 729 1106 dilectionem
756 1050 855 1117 claret,
872 1054 900 1104 et

69 1157 139 1195 earo
155 1139 490 1212 fructificatperbonam
504 1139 661 1195 actionem.
670 1139 803 1196 Conditio
814 1138 899 1193 lumi-

68 1229 188 1285 narium
203 1228 350 1300 significat
363 1229 525 1300 perlectam
536 1228 794 1289 illuminationem,
808 1227 898 1282 nebu-

67 1317 132 1375 losa
146 1317 320 1390 ignorantias
334 1318 463 1374 caecitate
479 1317 617 1390 seposita,
635 1317 765 1372 veritatis
784 1316 899 1390 inspec-

69 1408 157 1464 tione.
175 1410 208 1462 Et
221 1411 318 1480 potest
332 1406 376 1461 sol
390 1405 557 1476 siguificare
571 1405 772 1475 cognitionem
781 1422 897 1474 eorum,

68 1515 136 1571 quie
152 1496 300 1569 pertinent
317 1496 356 1551 ad
370 1495 504 1551 divinam
531 1499 689 1563 naturam,
712 1494 784 1551 luna
799 1494 899 1564 cogni-

68 1587 181 1642 tionem
196 1602 300 1641 eorum
324 1601 391 1657 quic
411 1584 558 1657 pertinent
585 1583 624 1639 ad
639 1588 773 1639 sanctam
804 1584 937 1662 necte-B

68 1677 164 1743 siam;
182 1674 271 1730 stellae
290 1677 390 1729 autem
409 1673 609 1744 cognitionem
625 1688 730 1728 eorum
749 1690 817 1745 quae
833 1689 898 1746 per-

67 1765 163 1819 tinent
176 1763 215 1818 ad
228 1778 474 1835 unamquamque
490 1760 610 1816 fidelem
625 1761 769 1817 animam.
790 1761 896 1830 Pisces,

68 1853 120 1925 qui
135 1852 274 1909 laborant
287 1851 318 1907 in
333 1851 403 1919 ime,
415 1850 445 1906 id
458 1854 501 1906 est
515 1849 545 1905 in
561 1849 657 1922 aquis,
670 1848 898 1905 sollicitudinem

68 1942 156 1996 bona
172 1940 295 1997 actionis
310 1940 477 2011 designaut,
494 1957 561 2012 quae
581 1939 647 1994 vitea
666 1937 793 1995 labentis
807 1937 898 1993 llucti-

68 2030 126 2086 bus
141 2030 279 2100 agitatur.
297 2029 445 2096 volucres,
459 2046 527 2101 quae
543 2029 582 2084 ad
597 2028 656 2084 alla
680 2027 792 2095 rolant,
809 2026 898 2098 signi-

69 2119 160 2174 lieant
174 2117 455 2190 contemplationem
470 2117 644 2182 coelestium,
672 2131 726 2189 ρον
743 2131 837 2188 quam
859 2112 897 2168 ab

69 2207 137 2262 imis
152 2207 191 2262 ad
214 2207 368 2279 superiora
395 2206 598 2263 sublevamur.
628 2202 898 2273 ilnirnallasignifi-

69 2302 138 2352 eant
154 2312 258 2351 sensus
273 2294 366 2350 nostri
381 2295 523 2369 corporis,
548 2312 583 2350 eo
607 2294 688 2367 quod
704 2293 768 2366 ipsa
784 2291 898 2365 partici-

70 2388 143 2456 pant
158 2383 298 2439 lunnanis
319 2383 466 2440 sensibus,
491 2383 580 2450 Quasi
605 2383 684 2438 enim
711 2380 852 2438 animalia
868 2380 898 2435 in

70 2471 158 2527 uoltis
173 2477 319 2539 creantur,
336 2489 404 2527 crim
421 2488 510 2527 sensu
537 2471 670 2544 (corporis
684 2470 767 2544 prius
782 2486 835 2542 per
849 2486 899 2524 va·

70 2560 192 2615 nitatem
207 2560 347 2632 corrupti,
363 2575 417 2632 per
431 2559 565 2615 divinam
581 2560 707 2629 gratiam
726 2558 898 2628 redingran-

71 2654 128 2704 tur.

106 2739 154 2793 llis
168 2738 267 2810 itaque
297 2737 479 2810 compositis,
509 2737 671 2793 novissime
694 2735 727 2791 lit
742 2736 834 2791 homo
859 2733 898 2790 ad

70 2827 232 2895 imaginem
247 2830 275 2881 et
290 2825 512 2881 similitudinem
524 2826 574 2881 nei
589 2824 656 2897 :qui
668 2824 763 2880 taliter
771 2823 800 2878 in
811 2822 897 2878 nobis

69 2915 238 2982 uirtutibus,
256 2919 284 2970 et.
298 2915 385 2970 honis
399 2915 539 2987 operibns
558 2913 718 2987 dispositis,
735 2913 768 2968 lit
783 2912 897 2968 confor-

952 343 1037 416 aquis
1060 344 1249 400 mserioribus
1275 346 1418 418 scriptum
1450 349 1493 401 est
1518 365 1524 403 :
1554 348 1780 417 congregentur

951 448 1037 503 aquea
1064 436 1095 489 ia
1112 436 1208 491 locam
1232 452 1336 506 auecta,
1365 435 1437 507 quia
1466 435 1587 506 reprobi
1615 450 1668 507 per
1683 433 1796 489 totum'
1860 462 1863 470 ,

951 523 1100 580 mundum
1115 524 1206 580 modo
1221 525 1347 598 dispersi
1360 525 1623 596 congregabuntur
1648 523 1679 579 in
1693 521 1780 579 inler-

951 609 1082 680 num„iri
1097 613 1311 687 sempiternum
1326 613 1480 685 puniendi.
1511 615 1780 678 Quaesunttamen
1870 672 1872 682 Α

955 697 1016 753 istie
1032 715 1118 772 aquae
1132 702 1145 756 t
1158 701 1317 768 lmmuudi,
1334 701 1536 769 fornicatores,
1565 698 1780 766 concubinarii,

952 785 1124 854 incestuosi,
1143 787 1278 855 adulteri,
1294 788 1384 855 arari,
1400 788 1490 854 lureS,
1510 802 1645 859 rapaces,
1661 782 1779 851 ebriosi,

952 874 1073 946 perjuri,
1090 875 1258 944 homicidia,
1275 875 1375 943 iruidi,
1406 874 1551 941 iracundi,
1581 873 1650 929 odio
1679 871 1781 945 perciti

954 964 982 1030 (l
992 964 1060 1020 Cor.
1079 965 1114 1036 r),
1131 965 1223 1037 etqui
1238 964 1393 1020 mulierem
1421 963 1560 1019 villarunt
1572 962 1611 1017 ad
1625 959 1781 1032 concupis-

952 1053 1082 1108 cendum
1096 1070 1174 1122 cam,
1191 1054 1389 1127 etquidieunt
1398 1052 1479 1109 fratri
1493 1068 1558 1119 suc,
1570 1051 1649 1106 fatue
1660 1048 1779 1122 (Mutet.

953 1144 979 1203 vl
993 1161 999 1197 :
1016 1142 1225 1216 etquicunque
1241 1146 1330 1199 alteo
1346 1147 1415 1198 sunt
1429 1140 1567 1214 separati,
1583 1155 1638 1196 nec
1650 1154 1703 1211 per
1716 1152 1781 1206 gra·

954 1230 1024 1286 tiam
1038 1230 1131 1303 ipsius
1143 1232 1305 1313 justiliqati,
1323 1236 1354 1288 ut
1368 1231 1488 1300 Pagani,
1505 1229 1608 1296 Judaei,
1621 1226 1688 1284 falsi
1702 1225 1781 1284 Chri·

953 1318 1049 1375 stiam.
1067 1318 1113 1376 lsti
1128 1321 1390 1391 congregabuntur
1404 1318 1435 1375 in
1454 1320 1555 1376 locum
1570 1333 1676 1385 unum,
1691 1314 1782 1371 idest

951 1406 981 1461 in
995 1408 1144 1464 infernum
1159 1429 1165 1465 :
1182 1410 1233 1483 qui
1246 1415 1290 1467 est
1311 1410 1394 1466 locus
1418 1409 1448 1466 in
1475 1407 1613 1476 tenebris,
1639 1405 1692 1462 ubi
1720 1418 1780 1460 non

952 1495 1147 1565 exstinguitur
1161 1498 1249 1566 ignis.

1082 1606 1148 1660 Cir.
1166 1607 1208 1661 lV.
1224 1636 1258 1644 -
1273 1606 1316 1660 De
1328 1606 1398 1672 sote,
1417 1606 1490 1661 triac
1505 1609 1532 1660 et
1547 1602 1652 1658 stellis,

989 1710 1087 1765 Solent
1102 1712 1194 1766 sancti
1210 1712 1346 1767 doctores
1368 1727 1420 1784 ρον
1435 1712 1529 1766 solem
1544 1711 1678 1781 accipere
1703 1704 1782 1762 shri-

952 1802 1049 1860 stum;
1065 1815 1118 1871 per
1132 1798 1245 1867 lunam,
1264 1799 1424 1855 Ecclesiam
1437 1817 1443 1867 ;
1458 1797 1656 1866 persingulas
1671 1794 1779 1860 stellas,

952 1888 1085 1957 singulos
1103 1888 1214 1944 fideles
1231 1891 1284 1944 Per
1310 1889 1414 1954 solem,
1431 1888 1590 1953 Christum,
1606 1885 1678 1959 quia
1693 1888 1725 1940 ut
1737 1877 1782 1938 sol

951 1978 1097 2049 perfectus
1112 1982 1156 2034 cst
1169 1978 1200 2034 ia
1215 1994 1256 2043 se,
1267 1995 1322 2035 nec
1333 1981 1475 2034 mutatur.
1492 1976 1538 2033 Sic
1553 1975 1696 2041 Christus,
1709 1971 1781 2045 quia

950 2065 1115 2121 immensus
1129 2070 1181 2134 est,
1198 2082 1258 2122 noa
1274 2071 1371 2140 potest
1386 2063 1497 2135 augeri.
1521 2066 1574 2119 Per
1588 2061 1693 2118 lunam
1706 2058 1783 2115 desi·

952 2158 1059 2223 gantur
1073 2153 1211 2221 Ecclesia,
1227 2154 1298 2226 quia
1314 2154 1390 2210 sieut
1403 2153 1475 2208 luna
1490 2167 1543 2224 per
1572 2149 1714 2205 diuturna
1738 2140 1781 2203 in·

951 2246 1102 2298 crementa
1130 2242 1169 2298 ad
1194 2242 1412 2315 plenitudinem
1446 2240 1573 2306 ducitur,
1604 2237 1645 2293 sic
1671 2240 1781 2292 sanctie

952 2331 1086 2387 Ecclesia
1102 2348 1211 2404 corpus
1224 2331 1367 2388 membris
1392 2331 1466 2401 ejus,
1482 2345 1550 2401 quea
1578 2342 1631 2399 per
1655 2325 1782 2394 gratiam

952 2421 1008 2476 sibi
1023 2421 1195 2489 succedunt,
1213 2420 1366 2494 appositis,
1393 2419 1628 2474 consummatur.
1660 2413 1784 2471 Etsieut

951 2509 1022 2565 luna
1037 2525 1054 2564 a
1070 2509 1130 2564 sole
1142 2509 1264 2583 suscipit
1275 2509 1387 2576 lumen,
1405 2507 1446 2563 sic
1461 2509 1565 2562 sancta
1576 2502 1705 2560 Ecclesia
1718 2517 1782 2556 sus·

952 2598 1021 2671 cipit
1036 2614 1053 2653 a
1070 2599 1182 2654 tlhristo
1196 2597 1436 2653 vivificationem.
1450 2598 1502 2650 Per
1517 2593 1616 2649 stellas
1625 2591 1694 2647 ideo
1706 2589 1782 2646 desi·

952 2691 1082 2756 gnantur
1096 2686 1209 2753 fideles,
1225 2686 1299 2758 quia
1312 2689 1381 2740 sunl
1401 2688 1429 2738 et
1444 2682 1501 2755 ipsi
1515 2679 1675 2738 luminaria
1694 2677 1780 2746 elale,

951 2774 1121 2830 cmlialiixi.
1141 2774 1220 2832 Sicut
1234 2774 1342 2829 Paulus
1367 2772 1404 2827 de
1436 2788 1467 2828 se
1490 2770 1607 2842 sibique
1635 2765 1781 2823 similibus

951 2864 1149 2920 luminaribus
1162 2863 1257 2919 dixit:
1282 2865 1393 2919 Nostro
1418 2867 1517 2919 aretem
1542 2858 1727 2916 conversatio
1751 2856 1782 2911 in

917 2965 937 3020 c
952 2954 1033 3010 eatis
1046 2959 1086 3009 est
1103 2953 1228 3022 (Philip.
1245 2957 1295 3019 ur).
1313 2955 1346 3007 Et
1360 2950 1485 3006 iterum:
1502 2949 1620 3005 Lucetts
1634 2948 1667 3002 in
1681 2945 1783 3001 Eccle-

69 3004 137 3072 mis,
150 3010 178 3060 et
192 3004 294 3060 similis
310 3008 369 3059 lieo
393 3021 445 3076 per
454 3003 610 3074 justitiam,
627 3003 679 3075 qui
692 3002 774 3074 prius
787 3000 839 3056 luit
854 3000 897 3055 in-
973 3045 978 3054 .
1042 3045 1047 3053 .

69 3093 175 3147 smmis
188 3099 215 3149 ct
225 3094 375 3149 dissimilis
388 3110 440 3165 per
450 3093 580 3165 culpam.
592 3095 685 3148 llomo
700 3091 829 3164 dunque
842 3090 898 3144 lor-

69 3274 211 3343 peccator
224 3276 412 3339 regeneratus
438 3287 492 3342 per
507 3269 634 3338 gratiam
660 3269 690 3324 in
715 3267 840 3333 munde,
868 3265 899 3321 iu

69 3359 181 3414 ccrlum
197 3359 369 3415 transfertur
383 3376 436 3432 per
450 3358 586 3429 gloriam.

106 3447 220 3504 (Italum
234 3448 344 3520 itaque,
362 3447 499 3521 spiritus;
517 3452 602 3509 terra,
620 3462 728 3518 corpus
739 3463 745 3509 ;
757 3445 831 3500 lueis
842 3444 900 3516 pri-

70 3536 173 3592 marie
190 3537 329 3599 condida,
359 3536 472 3609 peceati
498 3535 636 3604 cognitio,
668 3533 900 3589 Firmamentum

70 3625 147 3681 iuter
157 3642 252 3698 aquas
263 3625 430 3697 superiores
445 3629 473 3680 et
488 3641 583 3697 apres
591 3621 900 3690 interiores,clisc1¹elio

71 3715 146 3770 inter
162 3714 233 3769 sitia
247 3718 274 3768 ct
287 3713 416 3768 virtutes.
430 3717 583 3785 aquarum
595 3711 769 3767 inferiorum
779 3727 901 3779 congre-

72 3803 163 3872 gatio,
191 3803 330 3858 vitiorum
359 3801 509 3857 cohibitio.
537 3800 694 3856 Productio
718 3799 898 3869 graminum,

71 3892 215 3948 exhibitio
227 3892 377 3947 bonorum
392 3907 528 3963 operum.
542 3889 746 3945 lamiinarium
759 3888 898 3954 conditie,

72 3981 202 4053 perlecta
217 3981 345 4035 veritatis
359 3979 497 4048 cognitio.
515 3979 620 4050 Pisces,
648 3979 730 4034 hona
746 3978 832 4033 actia.
849 3980 902 4031 Vo-

72 4072 179 4138 lucrcs,
196 4068 415 4141 contemplatio.
432 4068 612 4123 animalium
627 4067 746 4131 creatio,
758 4081 901 4121 sensuum

71 4158 274 4231 corporalium
289 4158 582 4228 redinteg1·ati0.hdae
595 4155 743 4223 lormati0,
751 4156 823 4227 justi
838 4171 902 4227 per-

73 4249 170 4305 lectio.
187 4249 283 4303 Adam
297 4247 328 4303 in
343 4247 493 4320 paradise,
508 4247 606 4317 justus
622 4245 652 4300 iu
668 4244 753 4299 cralo.
772 4247 832 4299 hux
843 4243 901 4316 pri-

73 4338 171 4395 maria
186 4343 253 4393 ante
270 4337 362 4392 solem
388 4336 536 4406 signifieat
557 4334 653 4404 legem
682 4337 749 4388 ante
764 4331 901 4402 gratiam,
921 4316 944 4371 Β

72 4433 220 4484 loannem
231 4431 297 4482 ante
307 4426 464 4492 Christum,
478 4424 594 4480 initium
606 4421 902 4495 anteperfecticnem,

75 4517 203 4586 gratiam
219 4520 286 4570 ante
302 4513 437 4584 gloriam.
469 4513 548 4570 Sicut
563 4511 642 4567 enim
670 4511 721 4566 lux
750 4509 902 4583 primaria,

75 4607 137 4662 sole
152 4606 207 4661 luit
221 4609 353 4678 tempore
368 4604 459 4677 prior,
474 4608 502 4659 et
518 4607 617 4658 tamen
632 4600 731 4656 minor
749 4598 881 4654 claritate
896 4617 902 4667 ;

75 4697 118 4751 sic
134 4694 181 4749 lex
198 4693 302 4763 gratia,
318 4696 447 4749 loannes
463 4691 587 4761 Cluisto,
617 4689 733 4744 initium
753 4687 905 4760 perlectio-

74 4801 125 4851 ne,
143 4782 236 4852 gratia
249 4781 352 4851 gloria,
383 4781 482 4852 priora
510 4779 726 4848 dignoscuntur
750 4776 863 4842 ordine,
878 4780 906 4832 et

74 4874 165 4943 longe
178 4876 276 4927 tamen
291 4870 430 4925 inferiora
444 4868 641 4941 perlectiouc;
659 4865 711 4921 sed
726 4865 756 4920 in
782 4865 846 4921 allis
861 4881 906 4920 or-

75 4959 198 5017 dinibus
213 4974 313 5013 rerum
327 4957 474 5012 invenitur
492 4956 574 5028 quod
590 4954 648 5010 alia
673 4954 855 5027 praecedunt,
879 4957 907 5008 et

76 5049 136 5105 alia
165 5040 330 5119 sequuntur
354 5065 360 5101 :
388 5044 561 5117 praecedunt
589 5042 716 5111 minora,
744 5041 907 5098 succedunt

76 5139 205 5209 majora.

78 5242 146 5293 (lar.
160 5239 204 5291 ltl.
222 5267 255 5274 —
275 5237 317 5290 De
336 5236 421 5305 cquis
438 5231 640 5302 superioribus
655 5237 683 5286 ct
702 5231 905 5300 inferioribus.

112 5348 207 5414 Aquae
234 5356 402 5412 superiores
418 5339 586 5408 significant
613 5337 710 5392 bonos
725 5337 905 5403 salvandos3

952 3049 1095 3108 sta,sreut
1113 3044 1276 3098 tarrrr'aariu
1304 3044 1333 3097 ia
1362 3041 1472 3096 ancardo
1489 3039 1637 3106 (Philipp.
1648 3037 1700 3106 ul).
1733 3032 1782 3089 Sol

69 3186 181 3248 malus,
199 3182 368 3238 transfertur
383 3183 413 3237 in
441 3181 616 3254 paradisum
642 3179 811 3252 voluptatis,
827 3177 899 3250 quia
952 3138 1049 3201 lgllm'
1063 3132 1193 3187 mmuh
1211 3130 1301 3185 'luna
1312 3133 1446 3192 Eessffla’
1464 3125 1554 3181 stelle
1572 3123 1686 3179 mim

1102 3239 1209 3292 Cart.
1225 3268 1260 3276 -
1274 3238 1317 3290 De
1329 3234 1460 3303 piscinas
1475 3237 1502 3287 et
1517 3231 1631 3287 uvidus.

988 3346 1084 3400 Pisces
1100 3343 1267 3412 significant
1282 3341 1387 3408 malos,
1404 3339 1476 3412 quia
1498 3338 1529 3393 in
1543 3337 1609 3392 loco
1625 3334 1676 3390 ubi
1692 3331 1781 3389 creati

955 3438 1024 3489 sunt
1038 3436 1222 3504 permanent.
1240 3430 1378 3486 volucres
1394 3427 1562 3500 significant
1588 3425 1695 3490 honos,
1710 3421 1783 3496 quia

955 3523 994 3578 ad
1009 3522 1191 3595 superiorem
1206 3519 1394 3575 mansionem
1410 3516 1586 3573 ascendunt.
1610 3512 1655 3570 Sic
1669 3510 1741 3568 mali
1755 3513 1784 3567 et

955 3612 984 3667 in
1000 3611 1089 3683 culpa
1099 3613 1254 3666 remanent
1268 3609 1297 3664 in
1322 3624 1383 3680 qua
1411 3609 1480 3662 sum
1494 3604 1575 3671 nati;
1603 3607 1632 3658 et
1643 3600 1715 3658 boni
1730 3616 1784 3674 per

956 3701 1082 3769 gratiam
1093 3699 1257 3754 ascendunt
1271 3697 1309 3753 ad
1324 3696 1460 3767 gloriam,
1488 3694 1634 3766 adquam
1649 3695 1718 3746 sunt
1738 3706 1783 3745 re·
1868 3688 1872 3698 “

955 3791 1025 3846 nati.
1040 3788 1103 3845 hlali
1113 3804 1170 3861 pen
1176 3804 1228 3843 uas
1240 3787 1352 3842 habeat
1364 3788 1566 3858 peccatorum.
1581 3780 1653 3837 boni
1667 3794 1783 3852 pennas

955 3881 1105 3935 virtulum.
1123 3877 1194 3933 Eoni
1209 3877 1313 3932 landes
1328 3875 1443 3931 <lisinas
1472 3870 1633 3928 madidatis
1658 3860 1784 3925 vocibus

956 3973 1094 4034 cantant;
1111 3967 1192 4033 mali,
1219 3969 1250 4022 in
1275 3982 1402 4037 qnorum
1427 3981 1478 4020 ore
1500 3978 1559 4019 troc
1583 3967 1624 4017 est
1653 3959 1784 4030 speciosa

957 4060 1022 4114 turis
1036 4057 1142 4123 (Ereti.
1162 4055 1444 4125 xi'),›c0nticeseunt.

1086 4166 1152 4220 Cle.
1168 4165 1212 4217 Vl.
1228 4193 1261 4199 -
1276 4162 1319 4215 De
1330 4159 1474 4229 paradiso
1490 4158 1663 4225 voluptatis.

994 4261 1151 4318 paradisus·
1161 4257 1320 4331 voluptatis
1336 4256 1497 4312 Ecclesiam
1513 4253 1669 4323 significat,
1683 4251 1714 4305 in
1724 4264 1785 4321 qua

959 4353 1081 4408 diversae
1096 4354 1164 4405 suat
1187 4347 1361 4419 voluptates,
1388 4351 1416 4400 ct
1427 4343 1637 4415 jucunditates,
1653 4338 1718 4395 aliea
1732 4352 1786 4408 per

959 4441 1121 4511 gratiarum
1144 4434 1371 4499 abundantiam,
1400 4433 1465 4488 aliea
1494 4446 1547 4503 per
1574 4429 1718 4484 virtutum
1741 4440 1786 4480 rc·

958 4529 1130 4593 dolentiam,
1160 4525 1225 4581 aliae
1254 4540 1307 4596 per
1333 4520 1526 4594 multiplicem
1551 4519 1702 4574 bonorum
1717 4529 1787 4587 ορο-

959 4635 1026 4675 rum
1057 4615 1263 4679 differentiam,
1294 4611 1358 4667 aliea
1394 4609 1425 4664 in
1459 4604 1709 4681 contemplatione
1734 4620 1787 4678 pa·

960 4708 1021 4764 trite
1046 4702 1180 4769 coelestis,
1205 4702 1270 4757 alia
1305 4699 1336 4755 in
1375 4698 1505 4754 melodia
1542 4697 1651 4754 divina
1677 4694 1785 4762 laudis,

960 4795 1024 4852 adire
1053 4795 1084 4849 ia
1112 4791 1268 4848 dulcedine
1297 4790 1404 4846 dirime
1432 4788 1520 4843 simul
1554 4792 1583 4844 et
1605 4792 1721 4843 retemta
1743 4799 1788 4839 rc-

960 4883 1137 4948 trihutionis,
1155 4881 1219 4936 aliae
1237 4881 1268 4937 in
1295 4895 1346 4953 spe
1362 4879 1468 4934 futurae
1483 4875 1683 4934 beatitudinis.
1700 4877 1786 4940 Fons,

960 4973 1011 5046 qui
1040 4976 1082 5027 cst
1107 4970 1138 5026 in
1171 4968 1321 5043 paradiso,
1351 4968 1500 5025 Christum
1528 4964 1683 5035 significat.
1712 4964 1788 5016 Fons

960 5078 1092 5135 uanique
1119 5059 1281 5132 sapientire,
1306 5058 1436 5114 Verbum
1464 5056 1610 5117 divinum,
1636 5049 1667 5103 id
1688 5051 1732 5102 est
1746 5046 1788 5101 Fi-

961 5151 1017 5207 lius
1045 5149 1104 5206 lici.
1122 5149 1177 5215 Qui
1202 5149 1282 5204 hunc
1306 5148 1418 5202 iontem
1442 5140 1584 5216 paradisi,
1599 5136 1629 5191 id
1657 5138 1701 5189 est
1722 5135 1789 5190 Ver-

961 5243 1035 5298 bum
1049 5241 1099 5296 llei
1113 5243 1142 5295 ct
1155 5237 1330 5310 sapientiam
1356 5233 1476 5298 invenit,
1506 5224 1618 5284 invenit
1643 5222 1736 5279 viam
1761 5227 1790 5280 ct

962 5331 1060 5386 haurit
1074 5330 1199 5385 salutem
1223 5341 1240 5378 a
1255 5323 1390 5378 Domino.
1415 5322 1547 5385 Quatuor
1562 5311 1687 5368 llumina
1700 5311 1789 5368 fontis

76 5446 167 5505 aqure
182 5427 343 5494 inferiores,
360 5426 456 5482 males
466 5425 709 5482 damnandoslic
720 5425 806 5498 aquis
822 5440 908 5497 supe·
962 5425 1091 5493 quatuor
1102 5421 1170 5472 sunt
1184 5410 1344 5480 Evangelia
1357 5406 1472 5473 Christi,
1488 5403 1598 5478 quibus
1607 5403 1711 5458 hortus
1724 5417 1790 5458 san·

77 5518 209 5575 rioribus
222 5516 335 5572 dictum
349 5519 393 5571 est
408 5533 415 5570 :
430 5514 612 5583 Benedicite,
628 5527 724 5583 epatre,
740 5529 805 5584 qua
818 5529 909 5582 saper
963 5513 1015 5564 cta
1032 5506 1165 5563 Ecclesiae
1180 5502 1301 5569 rigatur,
1326 5501 1354 5553 ct
1367 5499 1529 5566 vegetatur,
1557 5496 1591 5552 ut
1617 5496 1739 5559 crescat,
1762 5495 1790 5548 et

78 5610 168 5666 certos
184 5611 264 5670 sarar,
282 5606 405 5660 Domino
420 5601 568 5672 (Datami.
586 5600 659 5667 Quia
673 5597 754 5655 electi
765 5599 908 5671 inperpc·
963 5591 1186 5651 fructumlaciat
1200 5588 1252 5662 qui
1263 5587 1339 5644 bene
1350 5586 1485 5645 diversas
1499 5589 1591 5652 terras
1604 5582 1791 5655 circumeunt
