3832 6044
165 140 219 194 ata
480 133 632 190 HUGONIS
652 134 697 189 DE
717 131 746 188 S.
767 128 915 186 victuma
935 125 1010 182 099.
1026 125 1116 182 ?ARS
1136 127 1156 182 l.
1176 154 1211 165 -
1230 122 1423 181 exhauriet
1442 120 1558 179 DUhtA.
1845 120 1886 172 ert

167 256 284 316 videtur
294 255 378 330 quod
393 254 618 321 admonitioast,
633 259 667 309 ut
680 253 753 309 nihil
767 252 912 310 iaciamus
929 263 999 306 eon-
1011 251 1036 306 A
1056 248 1200 322 sequitur.
1212 251 1287 306 Cum
1297 247 1387 318 igitur
1400 243 1471 301 dicit
1485 241 1656 316 Apostolus,
1667 242 1795 314 oportet
1806 238 1880 295 hura

169 350 215 405 tra
229 349 324 405 haum
338 349 367 401 et
380 359 451 401 curn
467 342 610 399 scandalo
625 341 760 400 fratrum.
1057 355 1104 396 ses
1113 354 1188 407 esse;
1204 337 1331 406 bonum,
1343 334 1427 409 quod
1436 333 1506 391 inde
1519 332 1662 405 sequitur,
1679 328 1822 396 attendit,
1838 343 1887 385 non

204 436 290 495 Sicut
303 439 332 491 ει
347 448 400 504 epo
414 447 470 503 per
488 431 589 488 ornain
604 431 738 488 clastibus
745 433 861 502 placeo.
871 432 1002 495 Quomo-
1055 428 1231 503 qualitatem
1244 427 1296 486 roi.
1313 425 1427 484 Eadem
1448 423 1563 481 radone
1587 421 1660 479 dicit
1686 419 1887 491 Augustinus:

169 525 211 581 do
224 521 383 596 Apostolus
395 519 512 578 dicitse
527 518 695 594 peremnia
707 519 850 576 omnihus
872 518 1000 591 placere,
1056 520 1173 575 Bonum
1188 522 1232 575 εει
1242 516 1324 575 mala
1338 530 1420 583 ossa;
1436 518 1465 572 ει
1477 516 1556 571 Deus
1569 515 1623 580 εει,
1640 511 1689 568 eui
1698 508 1785 566 mula
1795 512 1889 564 nostra

170 628 241 670 cum
254 610 418 686 permulta
430 609 533 667 multis
558 608 755 683 displiceret?
781 608 903 666 solutio.
932 605 1001 662 idco
1062 607 1228 665 bonasunt.
1242 603 1487 678 Nunquamadco
1495 601 1649 658 claruisset
1657 598 1801 657 doctrina
1819 597 1888 653 beati

170 702 229 761 hoc
240 699 321 770 dicit,
336 700 409 774 quia
423 698 608 767 cataciahat,
624 714 692 771 quar
713 697 856 754 omnihus
884 696 1002 769 placere
1058 696 1224 767 Augustini,
1240 700 1269 752 ει
1283 694 1410 750 aliorum
1421 692 1589 759 doctorum,
1601 689 1657 745 nisi
1668 704 1726 763 per
1733 688 1887 760 impugna-

171 790 304 858 dobent3
330 788 441 846 scilicet
467 786 597 861 proximi
624 785 801 843 scandalum
829 784 951 843 vitando
975 787 1003 841 ει
1059 784 1170 842 tionem
1185 784 1334 840 haresum
1349 780 1596 838 manifestaretmz

172 879 299 937 salutem
314 877 452 935 omnium
461 875 636 949 querendo.
1093 874 1279 930 Dominiccm
1303 886 1418 929 coenom
1441 869 1635 934 inonduccre,
1667 870 1725 922 etc.
1764 864 1887 935 Legitur.

208 971 232 1036 (l
243 970 311 1024 Con.
327 967 382 1037 xl.)
397 966 499 1023 Omnis
513 965 672 1032 odorans,
683 963 932 1034 nutprupttetnns
955 978 1002 1020 ue·
1058 962 1143 1036 quod
1156 977 1226 1019 earo
1237 959 1342 1019 Christi
1352 976 1408 1033 pro
1423 959 1517 1015 saluta
1541 956 1684 1030 corporis,
1713 959 1744 1011 et
1770 953 1887 1025 sanguis

175 1056 237 1113 toto
251 1057 358 1126 capite,
381 1055 523 1124 deturpat
551 1059 641 1124 caput
668 1069 765 1110 suum.
792 1052 901 1109 Probat
923 1052 1003 1109 viros
1060 1067 1116 1125 pro
1132 1050 1227 1108 saluta
1240 1049 1348 1106 animm
1370 1048 1502 1116 offertur,
1529 1046 1581 1102 sed
1606 1059 1708 1102 nonne
1731 1048 1887 1116 utrumque

174 1143 356 1200 nondebere
367 1143 398 1200 iu
410 1144 556 1214 oratione,
584 1142 632 1197 rel
650 1142 785 1198 doctrina
799 1141 897 1198 velare
913 1146 1004 1214 caput
1061 1140 1215 1214 utriusque
1230 1138 1356 1196 salutem
1369 1135 1538 1211 operatur?
1566 1133 1688 1216 Solutio.
1713 1135 1828 1188 Verum
1841 1137 1887 1193 εει

173 1231 474 1299 rationecrcationis;
490 1231 604 1288 rationo
623 1230 818 1288 ordinationis
839 1235 868 1288 ει
889 1231 1003 1289 ratione
1060 1228 1144 1301 quod
1158 1241 1229 1284 earo
1241 1231 1271 1283 ει
1286 1225 1407 1298 sanguis
1420 1229 1482 1282 tam
1497 1221 1630 1296 corporis
1659 1236 1758 1294 quarn
1786 1219 1887 1276 anima

175 1320 310 1393 mystieae
322 1318 555 1390 significationis.
1061 1317 1189 1374 salutam
1199 1319 1360 1390 operatur:
1377 1329 1447 1371 caro
1462 1317 1563 1370 tamen
1577 1310 1616 1368 ad
1630 1324 1756 1383 corpus,
1774 1311 1805 1366 at
1832 1325 1887 1365 sun
1905 1314 1908 1327 '

213 1408 314 1465 Omnia
337 1408 398 1464 viri
417 1413 509 1479 caput
533 1407 670 1466 Christus
694 1413 746 1466 cst.
772 1412 843 1466 Tota
882 1409 1006 1467 Trinitas
1062 1406 1129 1478 guis
1143 1405 1327 1463 adanimam
1342 1403 1475 1461 reicitur.

176 1502 324 1573 quantum
334 1498 374 1555 ad
388 1499 571 1556 creationem
584 1499 640 1556 viri
653 1503 745 1572 caput
772 1504 801 1557 ει
825 1500 1006 1574 principium
1099 1496 1213 1567 Corpus
1229 1490 1334 1549 Christi
1349 1490 1432 1564 quod
1444 1487 1570 1545 sumitur
1581 1486 1613 1543 in
1629 1485 1728 1554 altari,
1750 1484 1890 1556 signifieat

176 1588 236 1647 dici
249 1592 355 1662 potest.
372 1588 503 1647 Christus
516 1594 617 1647 tarum
626 1588 904 1663 specialiterdicltur
917 1594 1007 1664 caput
1018 1605 1042 1661 g
1062 1597 1172 1655 corpus
1186 1580 1332 1639 Ecclesia.
1350 1577 1477 1649 Sanguis
1490 1592 1561 1634 vero
1575 1575 1689 1632 ibidem
1704 1579 1848 1647 sumptus
1862 1575 1890 1629 si-

177 1677 242 1747 viri,
258 1677 330 1751 quia
344 1677 479 1749 ejusdem
499 1682 612 1735 naturae
635 1694 700 1734 csse
727 1678 838 1737 debent
863 1684 952 1753 caput
978 1685 1007 1736 et
1062 1671 1184 1743 gnificat
1196 1668 1382 1737 Gllffl'iffltemr
1393 1667 1423 1724 1¹¹
1436 1680 1498 1740 (lua
1512 1670 1656 1738 tanquam
1683 1663 1717 1720 51¹
1749 1663 1890 1733 multumt

177 1767 325 1825 membra.
342 1767 442 1838 Caput
456 1767 573 1826 Christi
584 1769 674 1837 Deus,
689 1769 856 1826 secundum
868 1771 1007 1828 humani.
1061 1762 1122 1818 vita
1136 1765 1181 1818 est
1192 1760 1284 1831 hujus
1299 1757 1442 1831 corporis,
1456 1756 1487 1812 id
1501 1759 1547 1812 est
1559 1753 1707 1810 Ecclesiae.

178 1859 269 1913 ιειεω
282 1860 344 1913 tota
358 1855 481 1914 Trinitas
496 1860 594 1930 potest
610 1856 669 1913 dici
696 1863 786 1931 eaput
809 1858 924 1928 curisti,
954 1860 1006 1917 sed
1097 1853 1219 1907 Constat
1230 1848 1314 1905 omni
1327 1846 1409 1905 fideli
1419 1845 1491 1920 quia
1505 1844 1672 1901 substantio
1686 1842 1782 1916 panis
1794 1845 1893 1901 mnus

178 1944 345 2001 mondum
359 1944 416 2001 hoc
430 1948 530 2018 caput,
543 1948 573 2002 et
584 1944 758 2003 membrum
767 1961 829 2002 non
850 1951 919 2004 sunt
928 1948 1006 2019 ejus-
1059 1941 1090 1996 in
1105 1955 1232 2013 corpus;
1249 1942 1277 1995 ct
1291 1937 1395 1994 vinum
1404 1933 1631 2006 insanguinam,
1642 1932 1727 1990 unde
1742 1933 1892 2006 quaeritur.

178 2033 249 2089 dom
263 2037 387 2092 natura.
402 2036 485 2091 Pater
499 2048 572 2106 crgo
585 2034 754 2092 secundum
766 2035 907 2093 deitatem
926 2037 1006 2094 Chri·
1061 2045 1101 2087 an
1115 2029 1179 2086 hcc
1192 2027 1304 2084 locutio
1317 2027 1354 2084 sit
1368 2042 1449 2083 vcra.
1468 2023 1639 2082 Substantia
1648 2023 1740 2095 panis
1756 2022 1815 2079 erit
1840 2039 1892 2078 ror·

178 2120 216 2178 sti
229 2124 386 2194 caputest,
401 2136 464 2179 non
481 2121 566 2195 quod
577 2121 710 2180 Christus
729 2124 896 2181 secundum
923 2125 1006 2199 quod
1062 2117 1301 2194 postmodun
1315 2117 1416 2191 aliqua
1430 2114 1605 2181 substantia,
1619 2129 1689 2186 qum
1700 2117 1893 2172 nonastnata

179 2213 224 2267 εει
233 2210 358 2284 aqualis
371 2210 409 2284 ci,
423 2210 532 2269 debeat
546 2210 781 2284 subjectionem
796 2213 850 2270 scd
864 2214 1007 2289 quiahoc
1064 2211 1102 2267 de
1116 2209 1241 2280 sir-gine,
1258 2208 1312 2265 erit
1325 2223 1435 2280 corpus
1445 2204 1567 2274 Christi;
1584 2203 1753 2261 consimilis
1776 2203 1893 2272 locutio,

178 2297 377 2372 quodhabat‚
396 2301 437 2358 ab
451 2300 501 2358 illo
514 2300 616 2360 habat.
631 2300 700 2358 ldco
714 2300 1008 2362 debetmuliervala-
1064 2301 1117 2356 sed
1130 2314 1192 2356 non
1204 2297 1381 2354 omnimoda
1398 2301 1460 2363 est;
1488 2294 1590 2367 aliqua
1618 2292 1803 2362 substantia,
1833 2310 1893 2367 qur

180 2403 251 2445 men
275 2387 397 2446 hahere.
427 2392 468 2447 De
496 2388 666 2461 crrjusmodi
686 2389 834 2448 velamina
868 2391 1009 2465 loquatur
1063 2404 1125 2446 non
1139 2387 1245 2446 irritab
1260 2393 1381 2454 intorno,
1395 2389 1441 2442 est
1454 2386 1542 2455 Deus,
1557 2383 1629 2456 quia
1645 2381 1822 2439 substantia
1847 2384 1893 2440 bu

178 2475 349 2548 Apostolus,
361 2477 539 2550 ambiguum
553 2482 606 2536 εει
1062 2493 1164 2535 mana.
1178 2476 1300 2535 Solutio.
1316 2473 1487 2533 Substantia
1501 2472 1894 2546 panismaneussubstantii

215 2564 318 2622 Omnis
340 2572 442 2624 autem
466 2567 576 2623 ιιιιιιεε
599 2579 701 2638 crarta
729 2572 784 2625 out
811 2569 1006 2639 proplietam.
1063 2567 1320 2640 panisnunquam
1335 2563 1389 2620 erit
1404 2578 1513 2647 corpus
1529 2561 1643 2630 Christi,
1660 2560 1714 2616 sed
1727 2560 1893 2618 mutatain

181 2653 285 2708 Utrum
298 2652 474 2712 mulieribus
487 2652 603 2712 licuerit
617 2653 783 2727 Scripturas
797 2671 956 2730 exponere,
980 2664 1010 2716 et
1063 2656 1138 2712 illud
1152 2654 1258 2728 procul
1270 2653 1364 2711 dubio
1377 2652 1440 2709 erit.
1462 2650 1599 2710 Similiter
1621 2649 1803 2719 substantia,
1831 2667 1893 2725 qua

179 2738 254 2796 alias
267 2740 374 2798 docere
388 2742 419 2798 in
440 2742 568 2800 Ecclesia
578 2741 661 2811 olim,
688 2758 751 2800 non
770 2748 895 2816 constat,
924 2747 1009 2820 qnod
1062 2761 1124 2804 non
1139 2745 1193 2802 fuit
1215 2744 1255 2800 ab
1282 2748 1403 2811 aetemo,
1428 2756 1490 2798 non
1517 2756 1573 2814 per
1593 2744 1737 2797 naturam
1764 2739 1819 2796 sed
1845 2756 1896 2814 per

181 2831 281 2886 autam
291 2831 384 2886 modo
393 2846 455 2890 non
469 2831 565 2900 hcoat,
581 2830 682 2906 liquet
698 2833 939 2893 Abbatissislicet
963 2853 1009 2894 so-
1062 2834 1206 2891 unicncm
1219 2837 1264 2890 εει
1275 2835 1363 2889 Deus.
1380 2835 1421 2889 lle
1434 2829 1638 2888 accidentibus
1650 2828 1718 2896 illis,
1739 2844 1811 2902 quae
1838 2829 1895 2885 tue·

180 2917 299 2975 roribus
325 2921 387 2978 suis
412 2920 579 2996 Scripturas
605 2924 731 2997 aperire,
758 2929 788 2982 ει
825 2926 988 2998 praedicare
1001 2948 1044 3019 :C
1063 2927 1133 2980 runt
1147 2923 1177 2979 in
1193 2937 1271 2996 punc
1285 2925 1354 2979 ante
1369 2919 1634 2986 consecrationem,
1647 2919 1705 2975 hoc
1730 2919 1894 2975 tenendum

180 3007 274 3079 quod,
288 3012 321 3065 ut
335 3009 435 3079 eredo,
455 3011 614 3084 Apostolus
640 3027 704 3070 non
731 3011 878 3087 prohibet.
901 3016 1010 3074 Probat
1061 3019 1116 3083 εει,
1128 3013 1212 3089 quod
1223 3001 1292 3087 posi
1307 3011 1572 3078 consecrationem,
1584 3009 1647 3066 sine
1662 3007 1804 3080 subjecto
1828 3010 1893 3071 sint,

180 3098 350 3170 Apostolus,
366 3100 503 3174 quodsir
517 3102 682 3160 nondebct
699 3101 798 3159 volare
816 3110 916 3178 caput,
937 3107 1010 3180 quin
1063 3106 1200 3162 liccthoc
1222 3105 1259 3161 sit
1281 3108 1385 3161 contra
1408 3106 1549 3160 naturam
1576 3115 1692 3156 eorum.
1722 3103 1790 3156 lton
1818 3101 1892 3157 enim

181 3185 283 3257 imago
298 3193 327 3245 et
340 3189 434 3259 gloria
447 3194 491 3246 εει
501 3190 561 3247 ilci.
578 3191 688 3248 Eodem
700 3191 877 3248 rationcnec
891 3191 1007 3261 mulier,
1063 3194 1245 3268 quoerendus
1260 3198 1303 3250 est
1317 3192 1391 3249 ordo
1406 3196 1531 3258 naturae,
1560 3189 1612 3245 uhi
1632 3202 1726 3262 supra
1757 3194 1892 3245 naturam

181 3293 252 3334 cum
265 3277 302 3335 sit
315 3278 416 3351 imago
436 3280 488 3338 liei
512 3280 602 3339 dabat
627 3283 719 3355 caput
744 3279 854 3338 velare.
885 3281 1008 3339 solutio.
1063 3290 1108 3342 εει
1117 3289 1214 3342 totum
1239 3283 1322 3358 quod
1349 3282 1456 3352 agitur.
1488 3279 1625 3338 Similiter
1651 3293 1767 3351 corpus
1793 3279 1894 3336 Christi

182 3366 230 3423 Vir
243 3367 352 3426 dieitur
365 3370 467 3440 imago
482 3369 545 3439 llei,
560 3370 591 3426 id
607 3373 652 3428 est
666 3368 773 3428 torma.
789 3370 961 3429 sicutenim
973 3386 1011 3428 cx
1063 3389 1134 3429 cum
1146 3373 1210 3445 jam
1222 3371 1258 3429 sit
1271 3373 1301 3428 in
1316 3386 1347 3428 sc
1361 3368 1549 3436 indivisibile,
1572 3367 1602 3424 in
1618 3371 1812 3426 sacramento
1827 3367 1896 3424 disi-

182 3455 242 3509 lleo
257 3459 327 3512 sunt
338 3458 451 3526 omnia,
467 3457 508 3514 sic
523 3474 560 3514 ex
574 3458 695 3515 homine
719 3473 825 3516 omnes
852 3458 1009 3527 homines;
1062 3463 1144 3520 ditur
1158 3481 1165 3532 ;
1180 3477 1236 3519 nec
1248 3461 1326 3529 dico,
1341 3460 1424 3517 sicin
1445 3461 1642 3525 sacramento,
1668 3457 1744 3530 quin
1772 3458 1803 3513 in
1826 3455 1897 3514 veri-

182 3543 211 3596 ει
225 3540 454 3600 sicutomnibus
469 3550 576 3616 proecst
590 3560 643 3617 per
665 3545 830 3618 potentiam
855 3549 942 3616 lleus,
969 3546 1010 3603 sic
1063 3556 1122 3609 tate
1142 3552 1243 3624 ipsum
1270 3549 1430 3620 dividatur,
1461 3547 1603 3604 manibus
1629 3550 1777 3615 tencatur,
1805 3545 1895 3602 cerdis

181 3627 274 3685 h⁰¹¹¹⁰
299 3631 440 3687 Omnibus
466 3648 520 3704 Per
544 3633 778 3704 intelligentiam·
807 3635 882 3701 Quia
910 3640 1010 3692 autem
1064 3642 1154 3698 etiam
1166 3640 1265 3697 carnis
1279 3639 1423 3707 videatur,
1439 3636 1580 3695 dentibus
1595 3640 1760 3705 alteratum
1789 3641 1893 3706 ergoet

182 3717 639 3791 ⁰³P¹¹thssbetm¹¹li⁰rffleffium
654 3720 771 3778 interm
785 3723 1011 3791 etheummffl
1063 3729 1225 3786 indivisum
1250 3731 1361 3794 manet,
1390 3731 1419 3783 et
1443 3726 1604 3794 diuiditur;
1634 3725 1687 3781 scd
1727 3725 1893 3782 seeundum

182 3813 273 3883 caput
285 3826 375 3866 suum
384 3809 482 3867 velare
497 3807 595 3865 debet.
611 3808 669 3865 Sed
682 3808 830 3882 objicitur,
858 3813 941 3884 quod
965 3829 1012 3872 ca·
1064 3816 1146 3874 aliud
1160 3821 1189 3872 et
1202 3816 1293 3873 aliud.
1311 3816 1391 3874 Sicut
1405 3818 1482 3872 Deus
1496 3830 1623 3871 manens
1631 3814 1811 3870 immortalis
1820 3829 1892 3869 mor-

182 3896 375 3955 demrationc
388 3896 643 3955 virdebetvelare
657 3901 767 3971 caput;
782 3896 855 3971 quia
878 3897 953 3956 inter
979 3917 1011 3958 se
1064 3911 1133 3963 tuus
1160 3910 1213 3976 est,
1242 3903 1310 3961 licat
1338 3905 1505 3961 secundum
1532 3903 1614 3961 aliud
1640 3906 1669 3960 ει
1703 3902 1798 3961 aliud.
1833 3905 1889 3958 lina

183 3991 212 4042 ει
226 3990 319 4043 Deum
331 3986 423 4044 habet
437 3991 537 4061 caput,
553 3986 708 4044 hominem
718 3985 876 4046 Christum.
888 3988 1010 4049 Solutio.
1064 3995 1204 4067 partium,
1220 4009 1289 4067 quia
1303 3996 1387 4050 extra
1401 3992 1525 4049 cuhccm
1551 3996 1698 4059 romanet,
1727 3996 1821 4064 caput
1842 4005 1888 4046 no

182 4077 243 4133 lloc
256 4079 347 4149 eaput
362 4091 425 4133 non
437 4075 542 4149 operit,
559 4075 612 4132 sed
626 4075 721 4151 aperit
735 4095 741 4146 ;
755 4092 817 4134 non
836 4077 1009 4148 obumbrat,
1064 4089 1158 4141 strum
1183 4085 1248 4155 jam
1283 4083 1482 4155 glorificatum
1507 4082 1674 4152 significat:
1702 4080 1807 4145 altera,
1843 4079 1886 4137 illa

183 4165 236 4222 scd
252 4163 409 4237 illuminat,
421 4165 452 4223 ln
465 4165 551 4239 cujus
566 4165 686 4238 signum
701 4181 763 4224 non
777 4165 867 4225 debet
880 4167 1009 4228 rirvela·
1064 4174 1210 4242 membra,
1240 4188 1309 4245 quta
1326 4172 1356 4228 in
1380 4171 1507 4242 glorium
1535 4171 1624 4243 capiti
1655 4171 1885 4242 conjungtmtur.

182 4270 213 4313 ¹0
225 4259 325 4330 caput·
1062 4263 1167 4331 Tertia,
1183 4277 1252 4335 quae
1263 4262 1328 4333 jam
1343 4261 1480 4332 sanguini
1505 4259 1696 4328 admiscetur,
1724 4258 1793 4316 illos
1807 4258 1886 4327 signi·

217 4345 316 4404 Audio
326 4348 471 4405 scissurus
484 4362 545 4405 csse
555 4346 635 4404 inter
645 4361 705 4415 voa,
714 4344 797 4403 idest
806 4347 1010 4406 haeresesllae·
1025 4317 1047 4371 Β
1063 4351 1142 4419 ιὶεει,
1154 4351 1207 4423 qui
1226 4350 1325 4407 adhue
1353 4349 1545 4423 passionibus
1567 4349 1657 4420 hujus
1681 4348 1751 4404 vitae
1773 4346 1885 4404 obnoxii

180 4436 255 4493 rasis
269 4437 388 4511 proprio
400 4442 454 4507 εει,
465 4436 519 4494 ubi
530 4434 643 4511 aliquid
659 4434 841 4492 contrarium
859 4436 930 4494 fidei
957 4438 1010 4495 do·
1063 4440 1241 4498 detinentm.

182 4530 274 4583 cetur.
290 4527 420 4583 llaercses
434 4529 535 4583 tamen
547 4528 634 4582 vocat
646 4523 805 4598 Apostolus
837 4524 1008 4596 schismata,
1099 4531 1143 4586 De
1156 4530 1250 4587 culice
1279 4528 1369 4586 bibat.
1383 4527 1463 4585 Calix
1492 4528 1522 4584 in
1548 4541 1633 4585 sacra
1661 4527 1816 4600 Scriptura
1842 4523 1888 4580 uli-

93 4630 95 4635 ·
182 4615 235 4670 ubi
249 4613 348 4671 unitas
360 4615 443 4687 pacis
457 4613 609 4671 scinditur.
625 4615 698 4671 Sunt
711 4613 792 4670 enim
807 4628 913 4671 omnes
934 4615 1010 4673 sohi-
1063 4619 1188 4693 quando
1201 4618 1349 4688 significat
1361 4617 1540 4686 sanguinem
1554 4616 1668 4683 Christi,
1680 4621 1723 4684 ut,
1747 4616 1799 4672 hic
1818 4614 1888 4671 calix

182 4703 297 4760 smatici
311 4703 448 4762 haretici.
465 4706 522 4761 Nee
536 4703 636 4761 minus
651 4707 808 4778 peccatum
820 4709 864 4761 cst
882 4704 1008 4764 charita·
1064 4712 1109 4765 εει
1124 4711 1237 4765 Novum
1251 4708 1483 4764 Testamentum.
1498 4704 1574 4762 Alibi
1588 4720 1713 4779 poenam
1726 4709 1755 4761 ει
1765 4709 1889 4761 mortem

183 4789 218 4846 tis
232 4789 376 4848 unitatem
391 4791 534 4860 scindere,
551 4809 645 4866 quam
656 4792 736 4851 fidei.
1063 4811 1124 4853 non
1135 4795 1234 4854 solum
1249 4794 1363 4862 Christi,
1381 4799 1409 4851 ει
1423 4799 1606 4863 sanctorum,
1623 4793 1675 4849 sed
1690 4793 1784 4850 etiam
1803 4793 1890 4851 malo-

219 4880 340 4950 oportet
354 4881 476 4938 hareses
486 4897 555 4950 esse,
569 4886 602 4939 ut
618 4880 690 4939 dicit
715 4882 894 4957 Apostolus:
914 4899 1008 4958 quare
1063 4899 1131 4941 rum
1144 4881 1301 4954 significat.

182 4973 211 5027 ει
224 4969 295 5026 utile
310 4974 363 5039 est,
377 4974 405 5027 ει
418 4969 534 5027 bonum
549 4975 592 5028 εει
601 4970 729 5027 haereses
744 4988 818 5029 asse.
832 4976 905 5030 ltcm
920 4973 944 5030 si
957 4972 1010 5030 bo·
1097 4972 1249 5030 ductitium
1265 4972 1322 5030 sibi
1330 4973 1504 5030 munducat.
1516 4975 1579 5028 Non
1589 4971 1738 5028 timorem.
1750 4972 1888 5044 injuriam

180 5073 256 5119 num
270 5059 420 5117 esthreres
434 5074 509 5129 εεεε,
523 5059 1008 5131 eldebemusvellehoeresescsse,
1063 5062 1133 5120 tacit
1148 5061 1271 5131 Christo,
1292 5063 1345 5136 qui
1371 5077 1441 5119 oum
1467 5061 1497 5117 in
1522 5075 1593 5119 vase
1620 5059 1699 5117 locat
1721 5061 1887 5121 immundo.

181 5150 338 5209 othonum
354 5148 491 5209 estmala
504 5155 608 5208 esseet
626 5151 707 5208 mala
721 5149 794 5220 fleri,
817 5155 846 5208 ct
872 5150 1010 5208 homines
1063 5167 1158 5226 quam
1170 5151 1302 5226 quicum
1315 5151 1411 5208 crucis
1426 5149 1530 5207 afflixit
1543 5149 1688 5222 patibulo.
1718 5150 1747 5207 Si
1771 5150 1842 5224 quis
1863 5151 1888 5205 in

179 5256 315 5316 peccare.
328 5240 449 5299 Solutio.
461 5243 493 5298 ln
504 5240 678 5314 hujusmodi
688 5239 889 5298 locutionibus
898 5240 1010 5315 duplex
1064 5240 1181 5297 mortali
1194 5244 1316 5313 peccato
1328 5245 1381 5307 εει,
1398 5240 1423 5296 εἰ
1438 5239 1545 5312 accipit
1559 5253 1669 5312 corpus
1684 5237 1804 5310 Christi,
1818 5238 1890 5312 judi·

177 5331 326 5402 judicium
339 5331 413 5389 solet
424 5336 453 5390 ει
465 5330 554 5389 debet
566 5347 640 5389 εεεε.
669 5328 838 5404 Aliquando
865 5330 946 5387 enim
972 5331 1010 5388 de
1063 5329 1146 5385 oium
1159 5327 1216 5385 sibi
1227 5329 1391 5385 manducat
1405 5334 1434 5386 ct
1446 5328 1530 5396 bibit,
1547 5329 1600 5384 sed
1615 5327 1639 5383 si
1662 5328 1693 5383 in
1719 5329 1842 5385 mortali
1863 5341 1891 5383 se

180 5416 329 5476 locutione
351 5420 524 5492 judicamus
552 5419 720 5476 secundum
747 5418 922 5492 qualitatem
944 5419 986 5476 rai
1002 5438 1008 5489 ;
1062 5432 1125 5475 non
1139 5417 1260 5486 invenit,
1275 5418 1347 5492 quia
1359 5433 1422 5476 non
1433 5423 1477 5474 εει
1492 5418 1553 5473 sine
1563 5417 1759 5490 quotidianis,
1768 5418 1809 5475 dc
1823 5417 1891 5492 ipsis

180 5504 344 5577 abquando
358 5510 525 5567 secundum
541 5509 774 5585 consequens,id
786 5512 831 5566 εει
841 5507 1009 5567 secundum
1062 5506 1213 5580 poenitcut,
1227 5510 1256 5564 ει
1269 5506 1350 5564 dieat
1363 5507 1377 5563 ‘l
1391 5509 1526 5576 Donrim,
1542 5522 1602 5564 non
1617 5522 1683 5563 sum
1708 5507 1834 5578 dipsas,
1861 5512 1890 5560 nt

180 5593 561 5671 opportunitatcmtquam
600 5602 722 5672 prestat
778 5598 817 5658 nd
855 5597 886 5669 id
925 5597 1009 5674 quod
1062 5599 1156 5658 intret
1169 5598 1223 5656 aab
1238 5604 1347 5658 tectum
1361 5598 1586 5674 meumtltctttt.
1601 5597 1669 5671 vui).
