3832 6044
162 112 213 164 823
483 110 635 166 uddonis
654 111 698 165 bu
720 111 747 166 S.
768 111 916 167 tiernus
936 110 1011 165 oet).
1036 109 1125 164 PARS
1145 110 1164 163 l.
1179 139 1213 148 -
1230 111 1419 165 EXEGEl'lCA
1435 108 1549 164 ansts.
1828 106 1875 158 811

162 234 268 304 cepisti
281 232 356 290 berta
367 233 469 289 tacita
484 239 547 305 tua,
561 240 587 290 et
602 235 736 289 Lazarus
747 235 884 289 similiter
897 232 989 288 muta.
1010 240 1032 292 u
1046 247 1085 304 po
1100 237 1144 288 est
1167 232 1258 289 habet
1275 236 1450 305 potestatem
1475 230 1608 304 quolibet
1632 227 1813 294 disertendi,
1839 228 1877 282 sic

198 325 272 379 Nota
287 320 369 395 quod
382 320 465 377 diras
490 321 541 378 iste
557 321 671 395 aliquid
694 321 766 378 boui
781 321 857 388 iecit,
872 337 910 378 ex
930 335 991 394 quo
1044 320 1112 377 laici
1127 322 1216 378 rebus
1230 322 1291 378 suis
1306 321 1398 378 libere
1422 326 1546 385 utentes,
1562 323 1740 393 potestatem
1765 317 1877 374 liabent

162 410 280 468 bonum
294 410 496 467 transitorium
506 410 603 467 iuhae
618 411 795 484 ritarecepit
806 429 812 467 ι
825 415 853 467 et
868 413 992 467 Lazarus
1045 410 1128 482 quod
1141 410 1244 467 volunt
1259 409 1389 468 faciendi
1405 429 1410 466 :
1437 408 1600 465 comedunt
1622 407 1748 480 quando
1761 405 1876 467 volunt.

163 497 278 572 aliquid
291 498 364 556 mali
387 498 464 568 iecit,
483 499 535 555 sed
550 499 631 556 mala
646 501 745 558 Lazari
757 500 895 574 purgarit
915 497 992 569 ignis
1044 498 1152 556 bibunt
1162 500 1286 573 quaudo
1298 500 1412 569 rolant,
1428 504 1456 557 et
1470 500 1511 556 sie
1521 498 1558 555 de
1578 497 1700 555 crateris.
1723 501 1783 553 Pro
1796 500 1878 553 tanta

162 585 281 674 inopias.
303 585 364 655 Fili,
377 585 513 660 recepisti
526 585 609 644 bona
623 588 725 646 inrita
748 594 806 656 tua,
818 589 889 661 quia
903 602 992 644 omne
1045 603 1116 657 ergo
1125 588 1259 645 libertate
1275 588 1330 645 sibi
1344 605 1497 657 concessa,
1514 604 1574 644 non
1588 585 1837 643 inconvenienter
1850 584 1877 640 iu

163 674 309 745 gaudium
335 679 420 733 tuum
447 675 616 733 felicitatem
649 677 848 736 transitoriam
871 673 991 749 putasti.
1046 691 1119 745 agro
1141 677 1275 734 essediei
1299 682 1435 751 possunt.
1463 681 1517 733 Per
1539 676 1603 732 illas
1623 678 1736 743 autem,
1764 685 1834 746 quae
1849 672 1875 727 iu

163 762 461 836 nabentjusueuam
488 765 570 822 bona
590 767 621 822 iu
645 767 782 836 muudo;
811 765 948 839 sedquia
962 763 992 820 in
1046 764 1128 821 uiola
1142 767 1287 823 molentes
1304 772 1399 834 erunt,
1425 783 1587 839 possumus
1602 764 1804 837 accipereeos
1827 762 1876 834 qui

161 853 472 926 recompensationem
495 871 557 911 uon
582 855 735 928 recipiunt,
752 856 804 912 sed
830 855 869 912 ad
883 860 993 910 aeterna
1045 870 1146 910 rerum
1170 854 1436 911 ecclesiasticarmu
1462 870 1565 910 euram
1579 858 1706 923 gerunt:
1723 851 1779 926 qui
1801 856 1875 906 reete

164 941 274 999 sanetis
298 940 452 998 desideriis
475 946 610 1011 aestuant,
636 961 704 1017 quie
728 944 847 1012 adsunt,
869 943 992 999 minime
1046 943 1190 1000 feminino
1205 960 1311 1015 genere
1326 943 1530 1013 designantur,
1545 960 1580 999 eo
1600 941 1684 1016 quod
1705 939 1874 996 infirmitate
1915 944 1916 976 r

162 1030 244 1087 bona
257 1029 405 1089 ridentur.
429 1034 655 1105 statuerumt.
671 1037 743 1091 Eece
761 1034 882 1090 rliritem
897 1033 995 1089 filium
1046 1036 1074 1087 et
1087 1031 1242 1101 fragilitate
1262 1049 1317 1089 sua
1342 1032 1520 1088 arduitatem
1545 1032 1611 1087 ritis
1638 1027 1874 1102 contemplativae

162 1120 282 1187 vocant,
298 1135 390 1192 quem
401 1125 501 1177 tamen
515 1127 690 1178 atormcnto
705 1139 767 1178 non
778 1121 884 1178 liberat
898 1139 905 1190 ·,
921 1120 993 1193 quia
1045 1120 1206 1177 ascendere
1220 1137 1283 1177 non
1296 1121 1403 1189 valent,
1420 1124 1449 1176 et
1463 1120 1606 1176 exteriora
1619 1123 1737 1175 tautum
1753 1121 1873 1174 uaetme

162 1206 365 1280 praecedentes
380 1213 479 1282 patres
488 1211 579 1282 hujus
593 1211 698 1286 populi
716 1212 826 1268 multos
838 1228 856 1268 a
869 1228 923 1267 sua
933 1210 992 1266 tide
1045 1209 1165 1279 negotia
1180 1210 1390 1282 permittuntur
1405 1229 1411 1275 ;
1425 1209 1475 1282 qui
1491 1209 1565 1264 dum
1580 1207 1719 1264 omnium
1731 1205 1791 1262 sibi
1801 1221 1874 1262 oom-

162 1295 299 1353 deriasse
314 1297 513 1367 considerant,
528 1317 584 1356 nee
599 1300 659 1358 ulla
678 1301 887 1374 compassione
903 1319 920 1357 a
936 1305 992 1357 tor·
1045 1299 1206 1355 missorum
1220 1316 1322 1356 euram
1342 1303 1457 1370 gerunt,
1478 1297 1565 1371 quasi
1580 1313 1633 1370 per
1656 1295 1817 1353 circuitum
1838 1293 1872 1349 la·

163 1384 271 1441 mentis
285 1385 423 1458 eripiunt,
446 1403 523 1460 quos
536 1393 636 1446 tumen
650 1390 727 1446 tilios
742 1408 795 1464 per
815 1408 936 1448 caruem
949 1408 991 1446 re-
1045 1387 1126 1445 boris
1139 1389 1184 1444 sui
1199 1388 1311 1444 molam
1326 1389 1449 1444 ducunt.
1467 1391 1519 1442 Per
1531 1403 1581 1442 eos
1596 1402 1667 1442 vcro
1681 1384 1736 1457 qui
1759 1382 1792 1439 in
1804 1382 1872 1438 lecto

163 1479 358 1544 cognoscunt.
374 1476 477 1533 Habeo
489 1480 565 1536 erriru
577 1481 706 1552 quiaque
717 1483 841 1550 tratres.
852 1481 992 1537 luduicus
1046 1482 1141 1545 erunt,
1159 1494 1322 1551 possumus
1336 1494 1387 1533 cos
1408 1477 1552 1550 accipere,
1575 1475 1626 1548 qui
1646 1474 1686 1530 ab
1709 1471 1873 1529 actionibus

162 1562 293 1636 populus
308 1579 344 1619 ex
359 1581 471 1636 magua
492 1571 575 1640 parte
588 1567 652 1639 jam
665 1569 825 1626 (laureatus
849 1587 992 1643 sequaces
1011 1596 1031 1649 B
1046 1566 1240 1623 exterioribus
1252 1566 1438 1640 quiescentes
1453 1565 1523 1622 solis
1543 1565 1626 1621 laetis
1640 1562 1814 1620 celestibus
1831 1577 1873 1615 ra·

163 1667 234 1706 suos
262 1666 339 1723 quos
358 1669 453 1737 super
477 1659 586 1713 terram
615 1657 741 1731 reliquit,
755 1659 888 1733 quinque
910 1659 991 1716 libris
1046 1673 1123 1723 care,
1140 1661 1169 1713 et
1194 1657 1303 1712 dirime
1326 1655 1437 1712 debent
1455 1651 1698 1726 contemplationi
1713 1650 1873 1708 intendere.

163 1739 255 1812 Moysi
270 1742 426 1800 carnaliter
449 1745 612 1818 intellectio,
632 1747 678 1803 rel
699 1748 832 1821 quinque
854 1750 991 1806 sensibus
1047 1747 1149 1802 lectus
1164 1761 1296 1818 namque
1311 1745 1442 1817 quietem
1468 1742 1625 1813 siguificat.
1647 1740 1738 1797 Primi
1768 1739 1874 1795 suntin

163 1829 297 1902 corporis
311 1829 426 1888 deditos
446 1834 536 1890 norit.
553 1835 693 1900 Quiuario
708 1854 780 1906 ergo
792 1854 917 1894 nmuero
935 1839 991 1895 ira·
1045 1850 1128 1904 agro,
1145 1836 1266 1907 propter
1285 1832 1452 1889 libertatem
1469 1850 1475 1899 ;
1506 1830 1629 1886 secundi
1643 1829 1673 1885 in
1691 1827 1873 1889 molendino.

163 1920 231 1986 tres,
247 1934 325 1991 quos
345 1919 514 1995 reliquerat,
530 1924 677 1997 exprimit,
693 1925 764 1999 quia
779 1944 829 1983 eos
853 1928 892 1983 ιιι]
908 1928 990 2001 spiri·
1045 1926 1167 1995 propter
1189 1921 1324 1978 laborem
1340 1940 1346 1988 ;
1363 1920 1437 1976 tertii
1452 1919 1582 1986 inlecto,
1599 1920 1721 1991 propter
1735 1916 1873 1989 quietem.

162 2007 274 2064 tualem
301 2008 526 2082 intelligentiam
556 2030 617 2070 non
647 2032 801 2086 assurgere
832 2018 923 2074 ηιμ-11,
957 2021 992 2074 St
1048 2011 1104 2068 Sed
1129 2027 1165 2066 ex
1184 2009 1384 2066 hisomnibus
1409 2026 1488 2065 uuus
1511 2012 1689 2075 assumetur,
1704 2006 1782 2062 alter
1795 2005 1875 2061 relin-

161 2096 284 2168 Moysen
292 2104 320 2156 et
325 2100 490 2170 propbetas
501 2118 561 2159 recu
576 2105 715 2178 arretium,
732 2122 826 2179 neque
839 2109 866 2164 si
874 2110 939 2180 quis
953 2125 992 2165 es
1045 2104 1161 2172 quatur.
1191 2104 1365 2155 assumetur
1387 2115 1525 2169 granum,
1556 2097 1741 2169 relinquetur
1768 2095 1875 2169 palea:

161 2187 287 2242 mortuis
295 2189 505 2257 resurrexerit,
518 2191 648 2249 credent.
661 2196 702 2249 Ex
714 2194 838 2250 mortuis
847 2196 991 2251 Dominus
1045 2193 1214 2248 assumettu·
1237 2188 1430 2255 irmuentum‚
1446 2187 1629 2259 relinquetur
1649 2185 1756 2241 lolium
1774 2202 1782 2247 3
1798 2200 1877 2240 assu·

161 2273 330 2344 resurrexit,
347 2275 399 2332 sed
411 2276 632 2350 quiatudaieus
643 2283 773 2357 populus
788 2285 879 2357 Moysi
892 2285 990 2341 erede·
1046 2284 1143 2335 metur
1157 2294 1263 2348 agnus,
1279 2277 1462 2350 relmquetur
1487 2276 1592 2331 hardus
1608 2293 1614 2342 ;
1635 2278 1808 2330 assumetur
1821 2272 1878 2345 pis-

161 2379 193 2420 re
207 2363 311 2434 noluit,
324 2364 350 2422 ei
365 2365 417 2440 qui
432 2370 591 2426 resurrexit
609 2371 729 2428 erodere
742 2375 929 2447 corrumpsit,
959 2379 991 2432 Et
1046 2367 1097 2436 eiS,
1109 2367 1292 2440 relinquetur
1307 2365 1414 2436 ariguis
1430 2368 1619 2434 3assmuctur
1633 2364 1732 2420 bonus
1758 2362 1790 2418 in
1805 2378 1878 2434 prir-

162 2469 232 2511 cum
245 2454 338 2512 rerba
350 2457 441 2530 lloysi
456 2458 645 2532 spiritualiter
657 2461 817 2533 intelligere
831 2464 936 2531 noluit,
952 2466 991 2523 ad
1047 2456 1121 2513 Senti
1136 2473 1190 2530 pet
1205 2456 1342 2526 8111111111,
1359 2450 1857 2527 1111111111611111111111811111111111111
1872 2470 1878 2516 ;

151 2559 232 2601 ‘eum
241 2561 332 2618 quem
347 2549 461 2619 ltoyses
476 2550 654 2621 praedixerat
668 2567 728 2608 non
741 2555 885 2626 peruenit,
909 2556 991 2612 Unde
1046 2551 1217 2602 assumetur
1231 2545 1330 2601 botrus
1353 2544 1384 2600 in
1397 2543 1497 2601 tuturo
1513 2543 1553 2599 ad
1567 2542 1704 2614 gloriam,
1720 2539 1822 2596 malus
1837 2556 1879 2595 re-

160 2632 272 2691 Veritas
288 2653 295 2691 ι
316 2636 352 2691 St
363 2637 522 2694 crederetis
538 2640 645 2711 illapsi,
671 2641 828 2698 crederetis
846 2645 990 2714 sorstitau
1044 2634 1376 2708 linquamadpoenam
1392 2628 1881 2702 ;1)0111131551101111111111119111111·

160 2723 187 2772 et
203 2718 280 2774 metr
293 2722 391 2786 (Jourr.
409 2724 445 2795 r).
1046 2725 1158 2792 dinem,
1173 2724 1271 2780 malus
1286 2723 1470 2796 relinquetur
1484 2723 1523 2779 ad
1545 2719 1784 2777 damnationem.
1807 2723 1881 2775 lutc-

232 2803 310 2865 Cse.
327 2805 430 2869 XXV.
442 2808 487 2869 De
502 2809 599 2870 decern
614 2810 737 2892 leprosis
752 2814 915 2876 rrrursdatis.
1045 2815 1102 2871 rim
1128 2820 1239 2885 tamen,
1263 2813 1337 2870 dum
1362 2828 1493 2886 praesens
1515 2811 1612 2880 agitur
1635 2810 1704 2878 rita,
1733 2809 1767 2865 in
1796 2808 1881 2865 omui

195 2895 319 2953 Factum
332 2903 373 2954 est
388 2900 458 2957 dum
473 2902 530 2959 iret
544 2903 629 2959 Jesus
638 2906 668 2959 iu
683 2906 882 2975 Hierusalem,
895 2914 991 2965 trans·
1009 2949 1029 3000 ί.
1046 2902 1138 2962 modo
1152 2900 1272 2958 risendi
1294 2918 1412 2974 semper
1424 2901 1497 2956 boni
1511 2903 1580 2955 sunt
1599 2898 1685 2955 malis
1714 2897 1879 2969 conjuncti,

158 2983 222 3041 ibat
236 3001 294 3055 per
308 2989 435 3047 irretitam
463 2992 621 3050 (latitarem
636 3000 662 3051 ct
685 2994 864 3066 Sarrartaru,
881 3005 908 3055 et
923 3015 990 3056 eurr
1021 2984 1030 3002 ¹
1045 2989 1293 3060 115111111810,
1309 2989 1440 3057 inmola,
1454 2986 1654 3052 1111111011111
1668 2985 1878 3042 1111111111ωᾶ1.

159 3074 370 3145 ingrederetur
393 3081 544 3152 quoddam
573 3085 739 3157 eastetturu,
764 3095 943 3145 cereri-erunt
965 3092 993 3146 et
1045 3076 1666 3150 1111011181111111101101111119110110110
1683 3074 1729 3143 111,
1745 3073 1878 3130 9111111111

160 3163 258 3224 &cera
271 3168 331 3224 uiri
341 3171 452 3240 leprosi
464 3174 548 3241 (Lac.
563 3178 643 3242 sur).
658 3177 765 3232 Decem
779 3175 888 3250 leprosi
902 3179 991 3249 sigui·
1046 3184 1076 3223 ⁸0
1092 3166 1190 3238 11111111,
1204 3166 1356 3223 1111111θᾶ1
1370 3165 1561 3232 1311111111θῦ
1576 3163 1714 3237 1111111111·

159 3252 327 3327 bracteas,
343 3259 395 3332 qui
422 3266 525 3319 contra
546 3269 696 3337 praecepta
725 3265 861 3338 lleealogi
876 3267 990 3336 vivunt,
1047 3264 1478 3329 cir.xxvll.1)eetu·ua0
1493 3263 1692 3344 etpubtieauo
1708 3262 1876 3322 arantibus.

160 3344 333 3417 ctdiversis,
347 3353 375 3405 et
389 3350 614 3408 damnabilibus
637 3355 767 3427 peccatis
782 3356 860 3412 male
874 3358 991 3427 agendo
1081 3361 1147 3415 Duo
1169 3358 1300 3415 tortines
1322 3357 1520 3414 cseeuuerrou
1535 3360 1566 3413 tu
1593 3357 1735 3425 temptum
1762 3361 1797 3410 ut
1812 3370 1878 3409 oru-

160 3435 336 3509 semetipsos
348 3438 580 3510 polluunt.Tales
590 3442 713 3499 veniunt
725 3443 764 3500 ad
778 3447 878 3501 Jesum
892 3461 945 3518 per
958 3446 991 3502 fi·
1046 3456 1123 3516 reat,
1139 3464 1217 3504 uuus
1231 3447 1416 3518 Pharisaeus,
1431 3451 1458 3502 et
1473 3447 1553 3503 atter
1559 3445 1754 3515 publicanus.
1767 3443 1878 3499 Plari-

160 3520 240 3590 dem,
259 3539 296 3623 ex
309 3540 371 3597 quo
393 3525 457 3599 ipse
484 3528 636 3600 ingressus
656 3536 701 3587 est
723 3532 878 3591 castellum
901 3535 992 3606 hujus
1046 3555 1119 3595 suus
1130 3545 1212 3596 statas
1227 3537 1291 3593 trice
1305 3536 1389 3606 apud
1406 3535 1566 3592 sacrabat.
1583 3535 1672 3605 Deus,
1687 3535 1807 3605 gratias
1821 3548 1877 3602 apo

161 3611 331 3710 mrmdrpcr
345 3611 590 3687 incarnationem,
604 3623 722 3678 etstant
736 3639 753 3676 a
774 3622 992 3696 longeperhu-
1046 3629 1108 3699 titi,
1131 3630 1203 3699 puta
1231 3643 1290 3683 aron
1316 3642 1382 3682 saur
1401 3627 1477 3682 sieut
1500 3624 1602 3682 caeteri
1622 3623 1776 3679 tremissum
1794 3622 1876 3693 (Luc.

160 3698 326 3774 militatem,
340 3705 369 3758 et
381 3703 550 3761 exclamant
568 3723 622 3778 per
648 3708 746 3765 cordis
760 3711 966 3783 penitentiam
983 3733 989 3771 :
1046 3717 1133 3788 ruri).
1152 3718 1284 3781 Quatuor
1298 3718 1368 3770 sunt
1382 3713 1505 3770 tumoris
1520 3712 1633 3786 species
1643 3729 1650 3768 :
1662 3728 1732 3767 eum
1748 3711 1818 3783 quis
1832 3709 1875 3765 rel

159 3787 244 3844 iesus
266 3796 444 3863 preceptor,
472 3793 610 3850 verberare
634 3798 740 3853 uestri.
770 3799 826 3864 Qui
853 3799 928 3856 dum
943 3817 991 3857 va·
1044 3805 1161 3861 honum
1174 3802 1360 3876 quodhabet
1374 3818 1393 3858 a
1407 3819 1439 3858 se
1460 3801 1572 3858 habere
1596 3800 1766 3865 existimat;
1788 3798 1875 3855 autsi

159 3877 245 3948 dunt,
260 3884 294 3937 ut
307 3881 466 3938 ostendant
478 3899 508 3940 se
532 3885 736 3941 sacerdotibus
751 3903 803 3959 per
818 3887 899 3945 racis
923 3905 992 3945 con-
1044 3893 1148 3951 datum
1162 3908 1180 3948 a
1195 3894 1255 3948 lieo
1269 3891 1371 3958 credit,
1387 3907 1442 3964 pro
1457 3889 1569 3947 meanis
1584 3888 1640 3944 sibi
1652 3888 1759 3944 datum
1774 3891 1872 3960 putat;

159 3961 329 4066 sessionem,
353 3976 496 4029 sanantur
511 3988 529 4028 a
543 3971 626 4045 lepra
642 3977 797 4032 transactae
816 3976 989 4050 nequimus,
1044 3987 1097 4039 aut
1111 3997 1180 4038 cum
1189 3997 1220 4037 se
1226 3981 1318 4051 jactat
1329 3979 1439 4037 habere
1448 3969 1531 4052 q'uod
1541 3994 1601 4034 non
1616 3977 1727 4043 habet;
1742 3983 1796 4033 aut
1808 3992 1873 4033 eum

160 4059 236 4112 sieut
250 4057 449 4131 scriptumest
463 4080 469 4118 :
483 4062 575 4118 De'ei:
591 4062 759 4133 Confitetur
772 4066 930 4124 aurosum
945 4083 990 4125 rue
1044 4070 1191 4143 despectis
1199 4068 1321 4137 caeteris,
1331 4067 1444 4141 appetit
1454 4066 1641 4139 singulariter
1650 4064 1742 4121 rideri
1752 4064 1871 4134 habere,

159 4145 341 4216 injustitiam
355 4165 449 4207 arcam
469 4152 596 4208 Domino
608 4167 620 4209 .·
631 4158 659 4209 et
682 4158 714 4209 tu
728 4156 843 4211 remitti
855 4156 990 4226 irupieta-
1044 4159 1127 4232 quod
1139 4159 1239 4215 habet.
1262 4161 1321 4215 Hae
1337 4156 1502 4214 Pharisaeus
1525 4158 1608 4228 peste
1620 4153 1781 4210 laborabat
1796 4172 1803 4220 3
1824 4152 1872 4225 qui

160 4241 217 4294 tem
231 4238 348 4306 peceati
358 4239 416 4295 mei
427 4238 521 4310 (Psat.
546 4245 635 4311 xxxi).
652 4244 762 4300 Noram
776 4243 829 4316 qui
842 4244 882 4300 ad
900 4259 989 4315 agen·
1044 4247 1111 4304 ideo
1126 4263 1188 4304 non
1199 4246 1379 4319 justificatus
1400 4244 1563 4311 deseendit,
1579 4243 1649 4316 quia
1662 4241 1769 4298 merita
1783 4241 1872 4298 bono

159 4325 215 4384 das
227 4326 336 4398 gratias
353 4332 475 4402 accepta
499 4330 623 4388 sanitate
646 4332 761 4402 regredi
783 4333 986 4403 neglexerunt,
1044 4353 1112 4392 rum
1127 4351 1254 4409 opermn
1268 4334 1325 4391 sibi
1344 4332 1532 4405 singulariter
1556 4331 1698 4399 trilmens,
1712 4328 1872 4402 publicano

159 4414 225 4474 illos
248 4416 420 4490 exprimunt
433 4419 494 4492 qui,
511 4425 579 4493 post
606 4426 760 4494 acceptam
780 4421 987 4479 remissionem
1043 4441 1074 4481 se
1087 4423 1226 4498 praetulit,
1253 4422 1354 4479 dicens
1371 4441 1378 4478 :
1394 4423 1482 4493 Deus,
1506 4422 1622 4492 pretias
1645 4434 1701 4489 ago
1722 4418 1786 4475 titi.
1804 4421 1872 4474 Ecce

112 4526 115 4531 ·
159 4504 329 4576 criminum,
364 4507 545 4580 becalogum
578 4509 768 4582 complenda,
800 4515 897 4581 grates
933 4526 988 4584 pro
1042 4513 1207 4570 Pharisaeus
1233 4512 1272 4570 ad
1297 4511 1507 4569 abstinentiam
1533 4508 1746 4570 exhihendam.
1762 4507 1803 4563 ad
1822 4507 1872 4563 im·

159 4596 254 4667 gratia
282 4595 406 4653 reddere
434 4602 639 4656 contemnunt.
668 4601 748 4656 Unus
772 4599 824 4673 qui
850 4598 936 4656 rediit
960 4605 989 4657 et
1042 4601 1237 4675 pendeudam
1259 4598 1506 4670 misericordiam,
1536 4597 1575 4655 ad
1594 4596 1786 4653 referendum
1814 4598 1873 4651 beo

159 4684 269 4755 gratias
292 4684 361 4755 egit,
393 4685 569 4743 universalis
590 4687 725 4744 Ecclesire
745 4688 889 4746 unitatem
912 4689 988 4746 desi·
1043 4689 1152 4759 gratias
1167 4688 1290 4747 oculum
1302 4685 1394 4745 habet
1407 4691 1554 4759 apertum,
1567 4686 1607 4742 ad
1618 4683 1795 4741 humilitatis
1811 4701 1873 4740 eus·

160 4776 241 4843 gnat,
253 4789 321 4846 quar
335 4790 391 4847 pro
403 4773 549 4831 beneficio
565 4776 665 4845 gratim
681 4780 778 4847 grates
803 4778 910 4836 reterre
926 4794 987 4835 nou
1042 4777 1156 4834 todiam
1168 4776 1344 4838 nonhabet.
1363 4778 1396 4830 Et
1410 4775 1484 4848 quid
1502 4773 1633 4847 prodest,
1657 4772 1682 4828 si
1695 4775 1758 4827 tota
1771 4770 1873 4827 civitas

159 4866 265 4920 cessat.
798 4936 801 4942 ¹
1043 4865 1235 4933 custodiatur,
1263 4867 1292 4919 et
1305 4879 1400 4919 unum
1424 4863 1639 4934 l01·amen,per
1665 4858 1750 4933 quod
1773 4859 1874 4916 hostes

179 4954 258 5017 Cur.
275 4953 393 5016 XXVI.
409 4953 578 5014 Deductus
594 4956 626 5014 iu
640 4975 725 5035 apro,
750 4976 876 5038 pirorum
891 4976 967 5016 tarsus
1042 4954 1160 5022 intrent,
1176 4953 1370 5026 relinquatur.
1398 4950 1572 5016 Pharisaeus,
1596 4949 1754 5006 Iudaicum
1777 4964 1874 5021 popu·

313 5045 489 5110 assereretur,
506 5048 533 5094 et
547 5035 625 5096 atter
636 5036 832 5118 relinquetur.
1041 5041 1106 5099 lum
1121 5041 1278 5113 signifieat,
1299 5040 1353 5114 qui
1362 5056 1399 5096 es:
1418 5037 1637 5112 justificationis
1651 5036 1770 5105 legibus
1784 5035 1874 5092 extol-

194 5134 294 5191 Eruut
309 5134 368 5189 duo
379 5133 410 5189 ιἰι
422 5147 507 5205 apro,
524 5149 601 5189 ursus
611 5139 788 5199 assumetur,
804 5138 831 5190 et
846 5135 926 5191 atter
945 5148 988 5190 rc·
1041 5130 1073 5188 lit
1088 5131 1193 5188 merita
1206 5147 1270 5199 sua,
1287 5135 1315 5186 et
1328 5127 1529 5202 superbiendo
1552 5125 1671 5183 recedit.
1696 5125 1873 5182 Humiliatus

160 5224 335 5297 linquetur:
350 5222 569 5280 duamcteutcs
583 5224 716 5293 tornata,
734 5237 794 5278 una
808 5227 987 5292 assumetur,
1041 5218 1231 5292 publicanus,
1260 5217 1400 5288 gentilem
1427 5216 1583 5286 signifieat,
1598 5215 1650 5288 qui
1673 5213 1764 5284 longe
1779 5231 1798 5270 a
1814 5216 1873 5270 beo

158 5318 187 5368 et
200 5314 300 5371 attera
314 5313 503 5384 relinquetur
516 5327 528 5369 .·
541 5312 600 5368 etue
612 5312 643 5368 in
659 5312 744 5383 tecte,
769 5326 847 5366 errius
859 5325 988 5367 assume·
1040 5308 1155 5381 positus
1168 5311 1290 5381 peecata
1305 5306 1470 5375 confitetur,
1494 5310 1522 5361 et
1543 5302 1737 5362 lamentando
1752 5303 1873 5376 propin-

159 5407 220 5471 tur,
233 5408 262 5459 et
271 5403 351 5459 atter
368 5403 556 5474 relinquetur
570 5402 651 5472 (Lice.
667 5401 745 5472 xrn).
762 5403 921 5456 Possumus
935 5416 988 5472 per
1040 5400 1114 5471 quat
1128 5401 1198 5465 beo,
1214 5401 1242 5453 et
1254 5396 1409 5452 exaltatur.

158 5485 224 5543 illos
235 5489 287 5560 qui
306 5489 336 5545 in
351 5506 424 5561 agro
443 5494 521 5559 suut,
537 5490 675 5547 homines
694 5489 786 5545 laicos
805 5488 938 5561 accipere
956 5488 987 5543 in
1060 5482 1139 5546 Gur.
1156 5479 1350 5544 xxvllllte
1365 5496 1442 5541 caco
1454 5481 1553 5560 justa
1568 5481 1645 5540 viora
1667 5477 1852 5539 iilamr'uutc.

158 5573 268 5631 saeculo
280 5574 371 5631 libere
386 5578 527 5636 virentes.
545 5577 718 5637 sicutenim
735 5577 781 5634 ille
796 5576 892 5650 quiin
909 5592 987 5632 eam-
1077 5575 1201 5632 Faetum
1217 5579 1258 5631 est
1281 5579 1379 5631 auteur
1399 5589 1465 5631 etim
1480 5573 1701 5644 propinquaret
1724 5571 1812 5627 iesus
1829 5572 1874 5627 Je-
