3832 6044
16 107 68 160 079

195 103 347 161 HUGONlS
368 106 413 159 DE
438 109 465 160 S.
487 107 634 162 VltITOllE
655 108 729 161 ΟΡΡ.
750 106 839 160 PARS
859 105 879 158 Ι.
896 133 929 141 -
943 102 1143 158 attuarios.
1155 133 1189 141 —
1205 104 1238 156 ll.
1252 101 1286 156 ΙΝ
1305 97 1541 177 antorsum..
1597 131 1600 134 -

9 243 30 284 n
40 225 131 284 alium
142 226 284 298 angelum
299 227 445 296 auditum,
462 227 635 302 symbolum
656 229 830 286 faeiemusa
847 229 870 282 Α
885 225 969 299 pium
997 225 1188 281 reductorum
1206 243 1212 291 ;
1228 229 1256 280 et
1270 222 1469 295 mysticarum
1493 217 1646 293 purgatior

0 323 87 385 longe
102 331 192 388 super
202 316 348 388 perfecte,
361 322 457 390 etper
472 320 693 392 processionem
706 317 829 376 occulhe

0 429 1 449 i
16 427 22 453 t
43 403 199 477 sequentia
213 404 412 478 perfectionis.
431 430 445 457 »
459 409 601 482 Exemplo
618 414 645 465 et
659 406 831 465 auctoritate

0 491 108 557 prohat
122 491 205 564 quod
226 491 351 562 dixerat,
378 494 487 552 seilicet
511 497 643 553 mediam
666 494 833 568 (lispositio

22 594 70 634 em
86 578 262 651 angelorum
289 581 449 640 illuminari
465 585 603 657 aprima,
632 585 693 641 sive
708 599 761 657 per
774 582 833 656 pri-

0 683 94 735 ram,
107 668 165 725 hoe
180 673 233 738 est,
258 673 341 744 quod
368 672 438 730 dicit
455 693 460 730 :
477 675 654 747 Symbolum
679 673 832 740 faciemus
846 736 848 742 ¹

0 763 57 813 Ιιοο
72 761 117 813 est
141 758 324 832 exemplum,
342 761 403 818 sire
427 763 713 820 demonstrationem
741 761 834 835 perfe-

18 845 115 914 tionis,
132 846 242 904 scilicet
263 848 403 907 divinaea
429 851 517 921 longe
538 869 627 925 super
652 850 755 908 omnia
768 866 834 923 per·

13 940 83 992 ectae
100 953 106 991 :
124 939 151 991 et
161 935 284 993 occulte
297 954 351 1010 per
366 941 588 1012 processionem
604 941 634 997 in
655 940 809 1014 sequentia
826 957 832 1006 ;

5 1021 83 1093 uia,
97 1039 166 1078 eum
191 1024 222 1080 in
236 1041 267 1080 sc
282 1026 397 1084 occulta
413 1028 449 1084 sit
463 1033 491 1085 et
505 1029 670 1096 invisibilis,
691 1044 744 1102 per
768 1044 835 1101 ρνο-

1 1109 168 1167 cessionem
182 1117 282 1170 tamen
298 1114 410 1183 enitet
434 1118 641 1174 manifestatur
655 1121 684 1173 in
712 1132 835 1190 sequen·

8 1196 50 1266 ὀ,
67 1198 165 1268 idest,
188 1201 218 1257 in
234 1219 285 1259 eos
299 1204 352 1277 qui
366 1210 435 1278 post
457 1206 554 1280 ipsam
576 1207 674 1280 primo
689 1206 755 1263 loco
768 1210 836 1262 sunt

1 1285 185 1357 immediate,
202 1289 261 1346 sive
285 1291 317 1348 in
341 1309 392 1350 eos
420 1295 471 1367 qui
487 1301 554 1368 post
571 1296 635 1352 illos
659 1301 835 1368 sequuntur·

2 1376 187 1447 Hujusmodr,
204 1378 339 1452 inquam,
356 1383 544 1455 perfeetionis
559 1384 665 1439 [livinae
680 1384 710 1439 iu
726 1394 837 1456 seper·

4 1463 86 1521 fectae
101 1470 130 1522 et
145 1467 279 1537 occultae,
297 1474 325 1526 et
340 1476 440 1528 tamen
455 1488 509 1545 per
532 1473 720 1544 largitionem
735 1472 836 1543 gratiae

885 320 913 372 et
936 315 1198 381 illuminationum,
1219 319 1247 369 et
1271 311 1492 386 perfectionum
1514 309 1548 364 in
1573 308 1646 382 parti

885 404 973 473 tione,
991 404 1158 460 seeundum
1171 403 1253 475 quod
1267 403 1309 458 eis
1322 402 1366 458 fas
1381 402 1551 456 factorum.
1569 421 1585 445 »
1599 402 1640 453 Ac

886 497 984 550 earet:
1001 493 1075 557 Quia
1100 492 1267 565 superiores
1292 491 1411 564 spiritus
1441 486 1644 562 perfectiores

887 581 1073 639 inferioribus
1089 586 1118 638 et
1131 579 1393 653 consequentibus,
1409 582 1584 652 propterea
1598 592 1646 632 an

887 671 1062 729 sacerdotali
1077 670 1233 727 traditione
1246 669 1334 743 primi
1359 668 1543 733 intellectus,
1571 666 1646 722 ides

887 761 982 834 premi
1015 760 1134 817 ordines
1162 759 1338 829 angelorum
1360 761 1514 815 vocantur
1550 755 1646 829 perfer

888 854 916 908 et
929 850 1064 917 lueiticic,
1078 855 1106 906 et
1119 849 1282 923 purgativae
1297 849 1417 903 virtutes
1436 846 1638 912 inferiorum,

888 951 942 1009 per
955 952 1007 992 eos
1030 936 1182 994 inferiores
1205 937 1399 1010 perficiuntur
1413 939 1443 992 et
1454 937 1646 1007 purgantur,

888 1023 1091 1081 luminantur:
1117 1025 1238 1081 uirtutes
1260 1024 1457 1081 nominantur
1479 1021 1646 1078 inferiorari

888 1117 957 1185 pote
972 1113 1162 1170 reductorum
1191 1130 1244 1186 per
1259 1130 1299 1181 se,
1313 1113 1370 1169 hoc
1391 1116 1445 1178 est,
1478 1127 1538 1183 per
1566 1109 1646 1182 seips

890 1202 1135 1275 superessentiale
1150 1202 1329 1274 principium
1345 1201 1497 1267 omnium,
1521 1199 1617 1255 idest
1632 1200 1646 1254 f

890 1296 919 1348 et
940 1291 1125 1368 inferiorum,
1150 1291 1227 1358 dieo,
1255 1291 1401 1347 factormu
1425 1289 1458 1345 in
1487 1287 1646 1363 participa

890 1380 961 1454 quia
994 1380 1151 1453 participes
1184 1379 1253 1436 faeti
1286 1385 1377 1446 suut,
1418 1384 1584 1450 quantum
1622 1376 1647 1432 ei

890 1473 943 1537 est,
982 1470 1177 1541 mysticarum
1215 1468 1438 1540 purgationum,
1478 1470 1509 1522 et
1542 1465 1645 1521 illumi

5 1551 36 1608 in
71 1555 227 1628 sequentia
260 1559 449 1629 procedentis
472 1561 644 1633 symbolum
682 1560 835 1623 faciemus,
856 1574 975 1636 Bnum,
1000 1562 1029 1613 et
1043 1557 1268 1630 perfectionum.
1298 1560 1351 1612 Per
1364 1556 1445 1628 ipsos
1470 1555 1584 1628 itaque
1609 1570 1646 1608 su

6 1641 130 1712 dictum,
164 1644 262 1702 idest
289 1647 460 1718 dictionem,
492 1650 553 1707 sire
585 1667 756 1707 sermonem
784 1666 838 1724 per

5 1731 98 1788 alium
112 1735 253 1805 angelum
275 1737 426 1810 prolatum
440 1743 469 1796 et
493 1745 597 1813 postea
624 1741 792 1797 venientem
808 1740 836 1794 iu

6 1821 99 1878 alium
127 1824 279 1895 angelum,
305 1830 335 1883 et
364 1828 403 1884 ah
431 1845 467 1886 eo
491 1830 637 1886 auditum.
664 1834 694 1885 ln
709 1829 838 1886 eoenim

6 1911 89 1983 quod
103 1912 179 1970 alius
195 1915 320 1984 angelus
346 1917 429 1984 dixit,
446 1917 521 1973 alius
542 1917 665 1983 audivit,
681 1918 757 1974 alius
768 1917 838 1973 doc-

6 2000 116 2057 trinam
128 2002 259 2074 protulit,
275 2004 350 2059 alius
366 2006 495 2078 suscepit
512 2024 518 2062 :
535 2006 708 2079 simbolum
725 2006 838 2064 factum

6 2091 59 2155 est,
75 2089 131 2145 hoc
147 2094 190 2146 est
203 2090 427 2162 demonstratio,
444 2095 505 2151 sive
524 2096 838 2170 argumentum,quo‹l

6 2174 108 2234 divina
124 2178 265 2252 perfectio
289 2197 343 2256 per
356 2183 471 2257 priores
485 2190 513 2241 ct
540 2185 706 2258 superiores
732 2185 772 2242 ad
796 2201 840 2241 se·

6 2272 132 2338 quantes
146 2272 175 2325 et
189 2268 342 2329 inferiores
352 2273 560 2347 participanda
574 2275 717 2347 procedit.
734 2298 748 2325 «
764 2278 838 2332 Nam

6 2357 155 2430 sapientes
181 2359 260 2418 circa
275 2365 392 2420 nostras
407 2380 507 2420 sacras
522 2364 741 2422 immolationes
756 2364 840 2421 aiunt

5 2461 59 2519 per
73 2448 187 2522 seipsas
212 2448 344 2509 lucentes
359 2452 530 2509 ‹livinorum
559 2454 770 2526 plenitudines,
785 2470 839 2527 per

5 2537 80 2594 alias
94 2540 395 2613 contemplativarum
420 2544 682 2617 participationum
697 2560 761 2601 esso
773 2560 838 2617 per-

6 2625 150 2685 fectiores.
167 2651 181 2679 ν
193 2633 233 2686 Ae
249 2630 274 2686 si
287 2631 398 2690 diceret
413 2652 419 2690 τ
434 2637 497 2691 Non
511 2638 555 2689 est
574 2633 730 2702 mirumst
744 2633 774 2690 in
788 2649 838 2690 an-

5 2715 89 2787 gelis,
105 2716 181 2772 alius
194 2718 305 2789 docuit,
332 2721 408 2777 alius
429 2722 603 2790 docebatur,
624 2723 748 2796 quando
763 2722 838 2778 alius

5 2802 63 2859 alio
87 2803 201 2862 doctior
224 2813 276 2864 est.
293 2812 367 2864 liam
382 2810 435 2882 qui
454 2811 602 2884 sapientes
616 2816 685 2868 sunt
699 2811 778 2868 circa
792 2828 838 2867 sa·

5 2908 71 2948 eras
84 2897 204 2949 nostras
219 2895 449 2965 immolationes,
474 2898 503 2954 id
519 2904 564 2955 est
577 2900 654 2956 cirea
675 2907 777 2957 nostra
792 2917 838 2956 sa·
856 2930 876 2985 C

6 2980 118 3037 crificia
133 2981 194 3040 sive
210 2990 406 3055 sacramenta,
422 2986 479 3059 ipsi
501 2987 585 3044 aiunt
595 2988 762 3046 divinorum
777 2989 837 3062 ple·

2 3070 164 3140 nitudines,
180 3072 266 3130 idest
288 3074 353 3131 illos
369 3076 502 3146 angelos,
520 3077 572 3150 qui
586 3078 666 3150 pleni
683 3082 751 3134 sunt
766 3079 837 3135 disi-

3 3158 49 3214 nis
60 3160 157 3228 donis,
182 3161 243 3218 sive
258 3161 526 3221 illuminationibus
539 3170 568 3222 et
590 3182 644 3238 per
667 3166 781 3240 seipsos
796 3167 838 3222 lu-

4 3253 80 3316 cent,
111 3248 302 3322 perfectiores
325 3268 389 3308 esse
418 3253 680 3326 participationum
707 3258 838 3311 contem·

4 3334 185 3408 plativarum
199 3354 253 3410 per
268 3338 351 3397 alios.
379 3341 545 3397 Genitivum
560 3342 639 3398 enim
655 3343 756 3415 posuit
782 3360 837 3416 pro

5 3424 147 3482 ablativa.
165 3427 230 3495 Qui,
247 3427 352 3501 inquit,
378 3430 526 3503 sapientes
543 3436 621 3499 sunt,
637 3430 684 3487 vel
706 3432 792 3505 periti
807 3432 836 3488 in

4 3513 112 3569 nestris
132 3517 337 3586 sacramentis,
358 3522 511 3587 testantur,
539 3521 622 3593 quod
646 3520 686 3577 illi
712 3520 837 3592 angelici

5 3600 126 3674 spiritus
153 3603 206 3675 qui
231 3621 285 3677 per
304 3607 480 3680 semetipsos
509 3608 644 3665 divinam
666 3609 837 3666 immediate

5 3690 287 3763 contemplationem
316 3696 503 3769 suscipiunt,
544 3698 734 3770 perfectiores
769 3703 838 3755 sunt

4 3794 98 3851 quam
114 3781 219 3847 caeteri,
241 3781 294 3854 qui
312 3782 513 3840 mediantibus
536 3784 743 3856 superioribus
758 3801 838 3841 eam-

5 3867 75 3924 dem
90 3869 269 3941 participant
282 3870 575 3944 contemplationem.

43 4008 200 4080 Sequitru:
222 4009 297 4066 «Sic
315 4011 451 4069 existimo
478 4019 507 4071 et
532 4015 739 4086 angelicorum
761 4016 837 4073 ordi·

5 4110 81 4181 num
93 4095 298 4155 immediatam
312 4099 570 4175 participationem
581 4104 680 4178 primo
699 4104 730 4161 in
746 4107 838 4163 ticum

6 4189 193 4242 extentorum
227 4187 432 4260 perfectiorem
469 4208 533 4249 esse
564 4209 617 4267 ρον
649 4193 839 4250 medietatem

6 4272 216 4347 perfectorum.
233 4298 248 4327 a
262 4277 345 4347 Quia,
368 4279 475 4352 inquit,
499 4281 647 4354 sapientes
660 4282 718 4338 hoc
732 4286 839 4340 testan-
854 4284 877 4337 D

7 4365 64 4431 tur,
80 4369 239 4437 propterea
253 4371 281 4422 et
302 4382 358 4438 ego
373 4367 510 4425 existimo
525 4369 731 4427 immediatam
751 4371 840 4445 parti·

7 4452 186 4526 cipationem
202 4450 407 4526 angelicorum
418 4457 569 4526 ordinum,
584 4458 683 4533 primo
704 4459 735 4516 in
745 4462 839 4517 ileum

8 4547 205 4613 extentorum,
221 4545 279 4601 hoc
303 4548 356 4614 est,
372 4544 438 4603 illos
462 4547 613 4619 angelicos
628 4549 758 4619 ordines,
787 4550 840 4623 qui

8 4630 106 4701 primo
120 4624 246 4701 loeo,‘et
260 4633 464 4706 principaliter
478 4635 508 4692 in
534 4639 629 4693 Deum
656 4637 765 4695 extenti
787 4637 840 4694 im-

8 4719 136 4774 mediate
163 4720 264 4793 ipsum
283 4722 472 4796 participant,
488 4724 695 4798 perfectiorem
709 4743 784 4796 csse,
808 4727 840 4783 id

8 4809 61 4872 est,
90 4807 278 4878 perfectiores
305 4811 530 4885 participatione
551 4830 614 4870 csse
641 4815 839 4887 perfectorum

6 4909 63 4967 per
91 4893 292 4962 medietatem,
319 4897 376 4953 hoc
409 4903 462 4967 est,
496 4901 633 4973 perfectis
661 4903 840 4977 participan-

10 4982 87 5039 tibus
117 4998 171 5057 ρον
207 4983 417 5053 medietatem,
452 4987 509 5044 boc
545 4993 611 5061 est,
652 4991 840 5063 perfectiores

9 5088 73 5129 esse
101 5088 194 5146 quam
221 5071 267 5140 iis,
300 5072 352 5145 qui
379 5073 500 5146 perfecti
519 5084 589 5133 sunt
616 5077 680 5134 aliis
708 5079 840 5136 median·

8 5161 99 5219 tibus.

47 5289 207 5363 Sequitur:
225 5293 373 5365 «Propter
396 5291 479 5365 quod
502 5308 521 5348 a
541 5297 643 5350 nostra
664 5293 840 5351 sacerdotali

891 1663 948 1719 res,
964 1662 1104 1720 perquos
1122 1649 1298 1719 purgantur,
1321 1650 1349 1700 et
1362 1644 1596 1710 illuminantur,
1614 1646 1643 1698 et

891 1735 1018 1792 ciuntur.

928 1824 1065 1897 Sequitur
1079 1843 1085 1880 :
1101 1849 1114 1874 ιι
1128 1828 1186 1880 Ηοο
1202 1823 1282 1878 euim
1296 1827 1340 1878 est
1352 1821 1479 1878 omnino
1494 1821 1612 1877 divina
1623 1835 1646 1876 o,

893 1913 970 1968 tione
983 1912 1124 1968 divinitus
1146 1911 1390 1984 promulgatum:
1408 1926 1464 1983 per
1479 1909 1592 1983 prima
1608 1924 1646 1964 se«

892 2002 999 2058 divinis
1014 2002 1191 2074 participare
1217 2000 1489 2058 illuminationibus
1507 2018 1515 2055 :
1544 1998 1646 2069 hoc,i

892 2095 935 2147 est
967 2090 1108 2147 divinitus
1131 2091 1366 2162 promulgatum,
1384 2113 1396 2139 υ
1427 2089 1475 2144 vel
1505 2088 1646 2144 manifes

893 2202 907 2231 ι(
923 2178 1057 2246 omnino,
1075 2201 1088 2229 »ι
1104 2178 1134 2234 id
1151 2184 1204 2245 est,
1221 2177 1475 2235 universalitcrde
1491 2177 1606 2233 divina
1621 2192 1646 2232 ον

893 2269 981 2337 tione,
994 2269 1076 2341 quod
1090 2269 1222 2325 secunda
1238 2268 1349 2341 ubique
1365 2284 1418 2339 per
1432 2267 1540 2338 prima
1554 2265 1646 2338 partit

893 2357 998 2415 divinis
1012 2357 1289 2413 illuminationibus.

929 2446 1067 2520 Sequitur
1082 2466 1088 2503 :
1106 2469 1119 2498 ν
1136 2446 1269 2502 luvenies
1284 2450 1384 2502 autem
1408 2445 1466 2500 hoc
1483 2451 1516 2500 et
1542 2444 1646 2501 mutto

894 2535 1038 2607 theologis
1052 2551 1227 2600 expressum
1241 2554 1248 2592 :
1267 2559 1280 2585 n
1293 2535 1360 2601 hoc,
1374 2534 1484 2606 inquit,
1501 2534 1592 2606 quod
1608 2534 1646 2590 dit

893 2623 992 2681 cunda
1011 2624 1172 2698 perprimo
1191 2623 1367 2696 participare
1380 2621 1494 2677 divmis
1507 2622 1646 2679 illunrim

892 2715 960 2782 bus,
973 2713 1106 2769 invenies
1122 2719 1152 2769 tu
1167 2729 1351 2785 expressum,
1368 2711 1399 2766 id
1420 2717 1475 2778 cst,
1493 2711 1646 2768 manifest

893 2802 1077 2872 gnificatum,
1092 2807 1120 2859 et
1134 2806 1270 2858 notatum
1280 2801 1311 2856 iu
1320 2800 1478 2872 scripturis
1494 2800 1613 2856 scilicet
1625 2817 1646 2856 si

892 2907 911 2946 a
925 2890 1081 2961 theologie,
1106 2890 1137 2946 id
1161 2896 1214 2959 est,
1232 2891 1267 2946 iis
1288 2890 1340 2963 qui
1367 2890 1404 2945 de
1427 2889 1545 2946 divinis
1568 2889 1646 2947 ratio

893 2982 970 3047 sunt,
987 2984 1015 3034 et
1027 2979 1217 3053 scripserunt.

930 3068 1089 3141 Sequitur:
1120 3091 1133 3117 κ
1161 3068 1288 3134 Quando
1314 3067 1395 3123 enim
1418 3066 1528 3123 divina
1556 3072 1585 3123 et
1609 3082 1646 3139 pa

891 3157 1064 3215 humanitas
1078 3157 1166 3214 lsrael
1191 3157 1328 3214 nutritive
1354 3173 1409 3229 pro
1437 3173 1528 3214 sacra
1553 3159 1646 3230 ejusr

892 3248 1056 3319 corripiens
1070 3253 1099 3304 et
1107 3246 1326 3312 ulciscentibus,
1341 3251 1369 3302 et
1394 3246 1589 3302 immanibus
1607 3262 1646 3303 na

891 3336 949 3392 bus
964 3335 993 3391 in
1018 3335 1236 3408 correptionem
1261 3335 1380 3392 tradens
1406 3337 1578 3405 omnigena
1601 3351 1646 3408 prt

892 3442 959 3482 νυνι]
975 3425 1005 3480 in
1031 3425 1138 3481 mehus
1155 3423 1338 3481 traductione
1355 3441 1361 3478 ε
1378 3428 1407 3479 ct
1421 3423 1635 3496 captivitatem

892 3515 938 3581 sit,
966 3520 995 3571 et
1018 3515 1054 3570 ad
1083 3515 1214 3587 priorem
1238 3514 1397 3569 clementer
1420 3513 1544 3570 redusit
1564 3514 1646 3570 benc

893 3603 987 3660 dam:
1013 3603 1088 3660 Vidit
1108 3602 1314 3674 theologorum
1341 3619 1419 3658 unus
1444 3601 1608 3659 Zacharias
1636 3619 1646 3658 ν

891 3693 1069 3765 primorum,
1087 3697 1119 3748 ut
1143 3692 1290 3759 existimo,
1306 3696 1335 3748 et
1349 3691 1426 3748 eirea
1441 3694 1540 3748 licum
1554 3689 1646 3761 angel

892 3781 1073 3849 (communis
1097 3780 1187 3847 enim,
1205 3785 1238 3837 ut
1250 3781 1320 3848 dixi,
1345 3785 1389 3836 est
1402 3780 1550 3836 omnibus
1565 3780 1646 3836 haect

891 3868 949 3925 lica
963 3867 1195 3939 cognominatio)
1217 3868 1255 3924 ab
1271 3868 1336 3941 ipso
1350 3871 1410 3924 lieo
1425 3867 1597 3924 discentem
1620 3866 1646 3924 a

892 3956 1100 4025 consolatoria,
1117 3962 1150 4014 ut
1174 3957 1287 4013 dictum
1305 3960 1358 4023 est,
1374 3955 1478 4012 verba.
1508 3956 1646 4014 Alte-rum

893 4047 1097 4119 subiectorrmr
1119 4045 1296 4118 angelorum
1319 4046 1349 4101 iu
1373 4061 1537 4102 occursum
1560 4044 1646 4118 primi

892 4136 1071 4202 venientem,
1097 4139 1241 4207 tauquam
1255 4135 1293 4191 ad
1320 4134 1550 4191 illuminationis
1573 4150 1646 4191 susc

893 4242 973 4293 nem,
989 4230 1017 4281 ct
1041 4225 1287 4297 perceptioncm;
1310 4224 1417 4281 deinde
1433 4223 1473 4279 ab
1498 4223 1570 4296 ipso
1595 4223 1646 4281 diu

894 4313 1051 4370 consilium
1067 4318 1211 4386 tauquam
1223 4332 1241 4370 a
1253 4330 1373 4390 summo
1383 4313 1540 4369 sacerdote
1557 4313 1646 4370 erudi

894 4407 927 4459 Et
948 4403 1006 4459 hoe
1033 4403 1140 4459 docere
1167 4402 1339 4473 theologum
1368 4416 1646 4476 conversumque

894 4492 1042 4549 fructuose
1058 4492 1210 4549 habitatur
1230 4492 1412 4548 Hierusalem
1427 4508 1445 4548 a
1459 4491 1646 4548 multitudini

893 4580 1051 4637 minum.»
1080 4580 1189 4637 Probat
1216 4580 1399 4652 exemplum,
1427 4580 1510 4652 quod
1545 4581 1646 4637 dixere

894 4671 1035 4727 Zacharia
1054 4669 1201 4743 propheta
1221 4669 1330 4738 legitur
1353 4668 1495 4740 angelum
1519 4671 1646 4727 mandat

894 4763 979 4833 cepto
994 4775 1012 4815 a
1028 4761 1088 4814 lieo
1100 4758 1205 4826 exisse,
1220 4762 1248 4814 et
1266 4758 1373 4829 angelo
1392 4757 1473 4815 alteri
1488 4758 1545 4814 sibi
1562 4774 1646 4815 occur

893 4847 1071 4903 mandatum
1086 4846 1203 4902 dedisse
1220 4852 1250 4902 ut
1265 4852 1404 4917 curreret,
1423 4850 1451 4903 et
1474 4848 1636 4919 prophetia

895 4937 987 5004 tieret,
1001 4935 1085 5008 quod
1103 4935 1202 4992 adhuc
1217 4936 1331 5008 absque
1356 4935 1449 4992 aruris
1464 4935 1646 4993 habitaretur

894 5025 1035 5082 rusalem.
1054 5027 1112 5080 lloc
1127 5029 1171 5081 cst
1193 5025 1273 5081 enirn
1288 5025 1370 5098 quod
1384 5024 1477 5081 dicit:
1501 5044 1516 5078 ‹
1533 5025 1646 5091 Quand

894 5115 973 5182 vina,
988 5119 1017 5170 et
1032 5119 1157 5187 paterna
1172 5114 1353 5179 humanitas,
1372 5138 1384 5162 »ι
1400 5113 1488 5169 idest
1502 5113 1604 5186 pietas
1616 5118 1646 5172 lli

894 5209 988 5270 terna,
1002 5226 1015 5253 ι(
1031 5201 1169 5258 nutritive
1180 5202 1353 5275 corripiens,
1369 5221 1384 5255 ›
1399 5202 1428 5258 id
1444 5206 1497 5270 est,
1512 5218 1601 5258 more
1621 5219 1646 5260 n*

893 5292 946 5366 qui
960 5291 1120 5364 parvulum
1135 5289 1230 5346 filium
1255 5291 1293 5347 ad
1309 5292 1366 5347 hoc
1379 5289 1520 5362 flagellat,
1542 5296 1577 5346 ut
1597 5308 1646 5348 cas

11 5378 167 5435 traditione
182 5378 360 5452 perfectivae,
379 5381 514 5449 lucificae,
530 5385 559 5437 et
577 5381 840 5454 purgativaerirtu·
894 5379 1056 5453 corripiens
1086 5379 1174 5434 lsrael
1201 5379 1319 5449 flagello
1356 5378 1542 5452 Babylonica
1580 5389 1646 5454 capt

12 5466 55 5517 tes
70 5468 159 5536 primi
173 5465 337 5524 intellectus
350 5470 543 5526 nominantur
565 5469 739 5527 inferiorum
755 5487 763 5538 ς
778 5473 841 5526 tan·
896 5469 931 5526 tis
945 5484 1000 5541 pro
1013 5482 1098 5524 saera
1121 5468 1184 5539 ejus
1206 5469 1310 5537 salute,
1336 5474 1368 5526 ut
1388 5468 1496 5525 seilicet
1522 5468 1601 5526 dum
1629 5486 1646 5527 c

12 5563 105 5618 quam
126 5569 180 5625 per
204 5571 235 5610 se
256 5557 286 5612 in
306 5557 442 5616 omnium
466 5559 710 5631 superessentiale
732 5558 840 5632 princi·
895 5557 1076 5620 ralitereunr
1091 5557 1131 5614 ad
1145 5562 1263 5631 tempus
1287 5559 1415 5616 exterius
1433 5557 1634 5631 disperderet,
