3824 6052
127 105 179 161 939
311 100 464 157 llUGONlS
483 99 528 154 llll
549 99 576 155 S.
597 99 746 155 vicione
766 99 841 155 OPl‘.
861 99 950 156 PARS
969 99 990 159 l.
1010 128 1045 141 -
1068 98 1269 160 reinelinus.
1291 131 1326 142 -
1346 105 1379 159 ll.
1400 102 1433 161 lu
1453 103 1677 161 anacreon.

124 227 207 285 niam
221 222 439 284 omnebonum
453 239 472 280 a
492 237 612 278 summo
626 220 719 290 bono,
750 227 778 278 ct
797 238 886 280 omne
901 222 954 279 bo·
971 227 994 282 Α
1010 223 1133 296 equalis
1146 240 1220 281 esse.
1236 227 1320 281 Pater
1333 225 1445 300 quippe
1454 230 1524 285 lesu
1538 230 1626 285 Deus
1640 231 1727 295 cst,e

124 334 199 375 num
212 315 252 373 ad
262 329 416 372 summum
423 310 549 368 bonum.
559 314 642 367 Nunc
653 310 830 385 priusquam
842 316 953 368 textum
1009 315 1086 368 licus
1098 330 1104 382 ;
1117 312 1205 371 lilius
1220 318 1321 372 autem
1336 317 1414 373 licus
1424 321 1476 384 θεῖ,
1486 333 1543 375 nec
1556 316 1680 388 solum,
1699 333 1728 373 se

124 405 256 465 materia
268 419 330 460 suae
340 399 534 472 ingrediatur,
550 397 770 457 invocationem
780 399 849 457 lacit
863 400 952 458 adlc-
1006 400 1249 470 homoetliens;
1279 409 1307 462 ct
1322 404 1481 463 esttamen
1503 408 1597 463 iesus
1615 405 1649 463 jn
1665 422 1728 463 ω,

124 512 202 564 sum,
216 492 269 568 qui
284 494 500 564 estpaternum
514 487 701 561 lumenque
717 487 865 546 mediante
888 504 952 545 om·
1007 493 1102 559 iteum
1125 498 1154 549 θῖ
1165 492 1246 551 idern
1260 493 1372 562 lumen,
1388 495 1470 568 quod
1486 501 1532 561 est
1543 499 1639 553 Pater
1655 499 1728 554 Dcu

122 603 176 645 nes
191 581 358 658 spirituales
373 577 615 646 illuminationes,
632 583 660 634 ct
681 577 762 634 dona
788 576 951 647 mattarum
1005 595 1085 649 vero,
1101 583 1184 654 quod
1198 582 1291 641 homo
1306 589 1358 653 θεῖ,
1375 584 1476 642 Ιιυιιθει
1491 590 1546 654 θεῖ,
1575 585 1728 659 quonian

121 672 326 733 illuminandis
340 669 520 735 abnuatur,
534 669 567 723 ut
579 666 644 739 ipso
660 666 856 735 illuminante,
868 671 896 724 ct
905 666 951 738 jn·
1004 670 1073 726 lesu
1084 669 1255 729 burnanitas
1267 671 1370 731 lumen
1384 672 1440 731 fuit
1460 673 1492 729 in
1518 690 1558 730 co
1576 673 1673 747 quod
1705 691 1728 728 n

120 770 208 824 vante
216 758 560 821 secundumdivinorum
570 755 759 828 eloquiorum
768 754 948 824 traditiones,
1003 759 1227 833 demonstravit,
1243 765 1272 819 θῖ
1285 761 1448 836 principale
1460 763 1569 821 lumen
1594 766 1726 821 Pau-om

120 873 189 932 quae
203 857 233 911 et
245 853 313 925 ipsa
326 849 365 907 ad
374 844 553 904 luminanda
562 843 654 900 corda
667 843 826 901 bominum
840 848 949 903 aPatre
1003 846 1054 904 vit.
1070 847 1127 906 Sed
1141 848 1244 907 lumen
1258 850 1452 909 humanitatis
1462 853 1533 911 lesu
1543 850 1661 908 minus
1673 851 1728 909 fuit

120 942 229 1000 tradita
243 943 321 1007 sunt,
335 934 429 1011 possit
443 936 471 990 et
483 931 626 988 veraciter
636 947 808 1001 agnoscere,
819 937 848 989 et
858 933 948 1003 digne
1003 934 1129 1005 deitatis,
1146 942 1174 995 et
1188 937 1219 996 in
1242 938 1356 997 lumine
1381 940 1505 1013 quidem
1532 941 1728 999 hammaim

118 1044 241 1088 narrare
263 1025 427 1084 coelestium
442 1021 601 1096 spirituum
620 1019 783 1076 invisibiles
801 1019 948 1077 illumina·
1002 1022 1122 1083 inferior
1133 1026 1189 1085 luit
1201 1030 1295 1097 Patre,
1310 1028 1341 1085 in
1354 1028 1467 1086 lumine
1483 1045 1561 1087 vero
1584 1029 1725 1087 divinita

120 1118 225 1186 tiones,
237 1119 266 1173 et
278 1112 488 1187 dispositiones
504 1125 615 1166 sacras.
632 1131 645 1161 α
664 1111 738 1177 Ergo
752 1110 853 1165 lesum
866 1107 947 1165 invo-
1002 1130 1072 1173 cum
1085 1118 1180 1175 Patre.
1197 1119 1230 1174 Et
1252 1117 1390 1177 venimus
1408 1134 1461 1190 per
1487 1117 1596 1192 ipsum
1623 1119 1671 1176 ad
1698 1119 1728 1193 ip

90 1212 238 1287 mantes:
255 1220 316 1263 »ac
330 1202 355 1260 si
367 1201 478 1258 diceret
492 1217 499 1254 ε
515 1197 617 1256 Omnis
631 1196 754 1270 quidem
769 1196 947 1255 illuminatio
1000 1218 1072 1261 men
1084 1204 1287 1274 humanitatis,
1301 1206 1403 1280 inquo
1419 1212 1482 1265 erat
1496 1206 1586 1265 solus
1618 1208 1728 1279 Filius,

117 1301 228 1357 aPatre
240 1299 293 1364 est,
305 1292 358 1349 sed
373 1290 436 1346 sine
449 1291 518 1346 tesu
530 1287 693 1345 mediatore
707 1285 791 1343 nulla
800 1285 946 1345 illumina·
1000 1306 1070 1350 men
1083 1292 1253 1363 divinitatis,
1267 1294 1299 1353 in
1313 1311 1374 1368 quo
1394 1299 1456 1353 erat
1474 1297 1574 1367 Pater,
1592 1301 1626 1355 θῖ
1644 1296 1728 1355 ῖῚΙὶιιι

117 1389 157 1446 tio
171 1383 392 1456 haberipotest.
407 1401 421 1429 ι(
437 1381 513 1449 Ergo
529 1399 543 1428 υ
557 1392 622 1443 nos,
636 1374 689 1448 qui
704 1374 865 1433 illuminari
879 1391 946 1449 pos·
1000 1397 1036 1438 co
1050 1397 1205 1442 accessum
1223 1383 1387 1442 habuimus
1416 1400 1469 1457 per
1492 1385 1607 1443 Filium
1637 1386 1683 1443 aa
1711 1389 1728 1442 ι]

117 1478 223 1545 cimus,
240 1496 254 1526 «
270 1475 368 1530 lesum
383 1469 570 1535 invocantes
589 1487 602 1517 θ
617 1469 649 1521 ut
663 1464 772 1521 scilicet
784 1464 945 1523 illuminari
999 1484 1054 1528 nec
1069 1469 1109 1529 ed
1123 1470 1222 1531 solum
1235 1474 1360 1540 Patrem,
1377 1472 1430 1531 sed
1444 1477 1472 1532 et
1484 1473 1525 1532 ad
1541 1474 1658 1533 pinum
1680 1480 1710 1533 et

116 1578 296 1625 mereamur.
312 1558 423 1618 Deinde
438 1549 571 1632 seqnitur
585 1556 622 1611 dc
647 1554 714 1628 ipso
736 1558 804 1612 Jcsu
819 1555 943 1625 Cluisto,
960 1585 979 1639 Β
999 1564 1083 1617 trem.
1100 1559 1191 1619 Video
1206 1565 1235 1620 et
1249 1561 1340 1619 ubam
1355 1578 1510 1620 accessum
1523 1579 1580 1637 per
1593 1566 1728 1623 desumi

115 1654 198 1730 q'uod
212 1657 256 1711 θεῖ
270 1675 284 1704 «
299 1653 460 1725 paternum
474 1645 577 1702 lumen
586 1663 592 1700 :
602 1666 616 1693 n
629 1659 684 1718 pro
698 1659 734 1700 co
748 1643 832 1717 qnod
846 1643 944 1703 dicere
998 1648 1093 1725 cipale
1115 1648 1218 1710 lumen
1245 1653 1370 1711 pan-em,
1395 1653 1479 1709 Jews
1502 1652 1588 1712 enim
1617 1653 1728 1727 sapien

115 1745 269 1811 debuerat,
285 1740 338 1815 qui
352 1741 396 1795 cst
408 1739 568 1810 paternum
581 1732 694 1800 lumea,
714 1732 755 1790 ad
769 1742 944 1807 sequentem
998 1737 1048 1795 tris
1059 1742 1113 1808 θεῖ,
1138 1743 1167 1799 θῖ
1181 1737 1248 1812 ipsa
1263 1738 1409 1813 sapientia
1430 1742 1548 1801 Patrem
1563 1741 1728 1816 revelarit,

115 1833 276 1893 dictionem
290 1828 394 1891 relatio
408 1826 486 1884 iacta
500 1828 553 1894 est,
569 1823 652 1897 quod
673 1826 717 1879 est
728 1828 888 1896 paternum
901 1822 944 1879 lu·
995 1825 1048 1884 ivit
1061 1827 1207 1900 sapientia
1220 1828 1324 1901 Patris,
1338 1831 1421 1887 Patre
1436 1835 1643 1903 permanente
1667 1832 1728 1891 ma

115 1921 288 1981 manvei«
304 1923 405 1978 tasum
419 1916 591 1972 invocantes
614 1916 774 1986 paternum
798 1911 911 1981 lumen,
929 1935 942 1964 ε
994 1915 1057 1974 dito
1073 1934 1080 1974 :
1096 1921 1125 1976 et
1137 1917 1248 1977 mansit
1260 1920 1343 1975 pater
1356 1918 1522 1988 invisibilis,
1539 1924 1568 1980 et
1592 1921 1728 1997 sapienti

113 2011 197 2086 quod
211 2007 436 2067 scilicetlumen
450 2006 513 2072 est;
539 2003 597 2060 hoe
610 2006 663 2069 θεῖ,
684 2016 790 2058 verum
807 2004 835 2059 et
862 2005 944 2059 reter-
994 2003 1118 2063 visibilis
1141 2005 1220 2065 iacta
1244 2011 1296 2063 est·
1315 2011 1347 2064 ut
1372 2006 1412 2067 ad
1426 2006 1614 2068 invisibilem
1638 2013 1728 2070 Patre

113 2118 198 2175 num,
214 2105 242 2158 et
255 2093 499 2156 incommutabile
513 2104 579 2150 esse
600 2090 700 2159 habet,
722 2095 752 2148 θῖ
769 2091 873 2149 lumen
886 2096 940 2160 θεῖ,
994 2091 1124 2162 eluceret,
1141 2097 1253 2153 etcum
1267 2093 1401 2152 iactaest
1419 2094 1552 2166 visibilis,
1577 2113 1649 2157 non
1664 2099 1728 2159 den

113 2207 151 2248 ex
160 2206 196 2248 eo
206 2188 290 2265 qnod
304 2191 357 2245 est.
374 2189 449 2243 Nam
463 2184 539 2240 sicut
549 2179 716 2238 illuminata
727 2178 853 2253 lumina,
872 2196 941 2256 que
993 2181 1086 2240 sibilis
1100 2198 1174 2251 esse,
1189 2182 1262 2256 quia
1275 2184 1356 2242 venit
1369 2200 1405 2244 eo
1420 2184 1472 2243 ubi
1484 2196 1547 2243 non
1561 2192 1635 2249 erat
1651 2207 1658 2245 :
1692 2189 1728 2249 in

111 2278 228 2338 lumina
241 2281 311 2336 sant
322 2291 386 2334 non
395 2289 432 2332 ex
444 2289 479 2330 eo
500 2271 584 2346 quod
597 2273 676 2342 sunt,
691 2268 795 2325 senex
809 2269 941 2343 eoquod
993 2276 1066 2341 erat,
1081 2288 1142 2331 non
1156 2272 1286 2332 recessit.
1301 2276 1335 2333 Et
1347 2273 1436 2332 exivit
1444 2275 1582 2349 primum
1598 2293 1658 2350 per
1668 2297 1728 2341 ere

112 2372 301 2444 acceperunt.
327 2365 414 2434 Quod
426 2362 516 2420 etiam
527 2360 630 2417 lumen
644 2374 749 2415 verum
763 2358 942 2416 subanditur
993 2363 1109 2432 mundi,
1123 2368 1152 2423 et
1164 2363 1366 2424 manifestavit
1380 2381 1411 2421 se
1427 2365 1458 2423 in
1469 2365 1620 2440 operibus
1632 2370 1701 2429 suis
1719 2390 1727 2429 :

112 2462 157 2515 est
169 2459 290 2527 lumen3
311 2453 456 2530 quoniam
471 2467 507 2508 ex
519 2466 555 2510 eo
567 2447 651 2523 quod
666 2450 719 2515 θεῖ,
735 2446 824 2515 lucet,
837 2451 866 2504 et
878 2463 941 2505 non
993 2452 1037 2526 pit
1049 2452 1200 2512 visibiliter·
1215 2453 1308 2513 videri
1321 2454 1478 2513 invisibilis
1490 2455 1522 2515 in
1548 2473 1590 2516 eo
1606 2461 1701 2533 quod
1723 2481 1728 2517 ι

112 2547 211 2604 solum
225 2546 282 2602 sibi
294 2544 383 2613 lacet,
394 2541 448 2599 sed
461 2541 552 2598 etiam
567 2537 641 2594 alios
669 2535 826 2593 illuminat.
842 2537 941 2602 ,Quod
993 2541 1087 2611 sibile,
1104 2546 1134 2601 et
1147 2546 1345 2603 monstratum
1360 2549 1405 2602 cst
1416 2544 1577 2618 quoddam
1593 2547 1721 2622 lumen,

111 2657 125 2685 «
142 2634 290 2691 illuminat
303 2646 427 2689 omnem
438 2628 594 2687 hominem
608 2625 778 2682 venientem
804 2625 836 2682 in
857 2625 939 2683 hunc
992 2632 1122 2690 dorstad
1143 2633 1242 2704 mrajus
1267 2632 1391 2691 lumen:
1421 2639 1450 2694 et
1475 2640 1538 2693 erat
1566 2637 1716 2709 primum

110 2723 270 2782 mundum.
288 2745 302 2772 »
323 2725 388 2779 Non
401 2711 474 2797 qnia
499 2732 605 2775 omnes
631 2714 856 2785 illuminantem
886 2716 940 2773 sed
993 2722 1156 2794 sapientiae,
1168 2727 1197 2781 et
1209 2722 1378 2781 secundum
1395 2723 1498 2783 lumen
1510 2726 1681 2798 sapientia.
1699 2733 1728 2789 lb

109 2815 182 2887 ‘luia
194 2829 232 2871 0¹
244 2811 386 2869 Omnibffi
398 2824 489 2866 ss0ffl0
502 2810 555 2875 0⁵1,
569 2804 621 2879 (lui
635 2821 672 2861 0¹
685 2820 716 2861 ⁸⁶
742 2805 862 2874 habeat,
886 2822 940 2863 cur
992 2815 1036 2866 cst
1046 2809 1134 2867 nobis
1145 2814 1229 2867 lesus
1244 2811 1293 2867 via
1302 2810 1342 2868 ad
1352 2815 1468 2869 Patrem
1483 2831 1490 2880 ;
1511 2830 1549 2869 cx
1565 2814 1728 2877 interiori,

108 2900 208 2977 P0fi¹1⁸
217 2917 311 2979 quam
318 2899 391 2958 aller
400 2895 560 2955 illuminari
570 2898 728 2952 mereatur·
741 2894 845 2951 Gtafiae
857 2894 937 2953 enim
955 2938 975 2995 C
991 2898 1144 2959 adtamen
1157 2898 1331 2974 principale.
1349 2901 1461 2961 Deinde
1472 2903 1554 2961 venit
1566 2907 1728 2967 secundo:

106 2989 285 3049 illuminatio
299 2988 356 3046 ista
367 2990 420 3056 θεῖ,
441 3000 505 3042 non
517 2987 651 3051 nabrrae3
667 2980 793 3051 donum,
809 2997 872 3041 non
887 2982 937 3041 de·
992 2987 1041 3058 tia,
1053 2987 1181 3049 etexivit
1204 2993 1236 3048 ut
1260 2989 1376 3048 dictum
1402 2996 1447 3050 est
1460 3007 1515 3064 per
1540 3009 1692 3072 carnem,
1711 3014 1728 3057 e

81 3140 85 3149 ,
106 3081 223 3151 bitum;
238 3077 419 3138 beneficium
430 3073 591 3149 largientis,
607 3087 669 3129 non
688 3070 848 3145 premium
861 3071 937 3129 acci·
991 3081 1034 3135 est
1047 3076 1151 3137 lumen
1164 3076 1195 3137 in
1210 3081 1294 3149 testa,
1311 3083 1343 3138 ut
1356 3078 1539 3140 illuminaret
1557 3099 1635 3155 nos,
1661 3091 1728 3149 eta

107 3171 224 3246 pientis.
237 3169 303 3229 Sive
317 3167 397 3225 enim
411 3179 534 3225 omnem
548 3162 703 3220 hominem
715 3161 746 3217 in
759 3161 937 3218 huncmnn-
990 3166 1117 3225 eeretad
1130 3167 1231 3239 majus
1243 3167 1356 3236 lumen,
1370 3171 1399 3227 θῖ
1410 3168 1596 3242 perduceret
1610 3174 1654 3233 ad
1670 3174 1728 3250 prii

107 3260 182 3319 dum
205 3259 374 3320 venientem
400 3257 459 3315 hoe
483 3254 587 3312 lumen
614 3250 763 3309 illuminat
788 3255 936 3324 quantum
988 3255 1101 3314 lumen.
1119 3256 1217 3315 Sedet
1230 3257 1271 3315 ita
1285 3272 1440 3315 accessum
1463 3258 1638 3321 habuimus
1666 3280 1726 3338 par

106 3367 212 3411 omnes
225 3356 334 3411 natura
344 3345 468 3405 rationis
480 3359 607 3419 capaces
621 3342 691 3400 iacti
704 3344 782 3409 sunt,
796 3339 935 3398 etlumen
988 3344 1029 3402 ad
1052 3344 1215 3418 principale
1229 3345 1333 3405 lmnen
1347 3348 1472 3405 Patrem.
1498 3369 1512 3396 «
1528 3349 1616 3422 Ergo
1629 3353 1728 3413 som

106 3439 305 3513 intelligentie
328 3439 535 3513 perceperunt.
565 3432 616 3490 Vel
640 3447 763 3488 omnem
781 3430 936 3487 hominem
988 3438 1261 3508 cantespaternum
1279 3434 1392 3504 lumen,
1416 3435 1510 3521 quod⁸
1524 3441 1582 3508 cst,
1613 3442 1728 3515 quodi

106 3531 275 3591 venientem
287 3529 317 3586 in
330 3527 480 3584 mundum
489 3524 593 3581 lumen
604 3521 683 3578 istud
694 3520 857 3589 illuminat3
873 3536 935 3578 non
987 3524 1071 3598 quod
1084 3524 1232 3584 illuminat
1258 3541 1380 3584 omnem
1407 3524 1565 3585 hominem
1595 3531 1728 3591 veniant

105 3622 178 3695 quia
192 3635 308 3687 omnes,
322 3616 398 3673 sicut
411 3614 525 3671 dictum
550 3616 605 3679 θεῖ,
632 3609 858 3679 illuminantem
882 3609 935 3667 scd
986 3612 1067 3670 hune
1081 3613 1253 3671 mundum:
1277 3629 1330 3687 per
1354 3629 1447 3686 quem
1472 3614 1512 3672 ad
1526 3615 1719 3693 principale·

105 3714 177 3789 quia
191 3710 311 3771 aliunde
324 3703 485 3765 illuminari
497 3717 559 3759 non
570 3700 683 3757 habent
694 3714 810 3768 omnes,
823 3699 876 3774 qui
886 3700 933 3756 vel
985 3702 1101 3759 Patrem
1115 3717 1270 3761 accessum
1285 3702 1457 3763 habuimus.
1475 3725 1489 3755 ε
1519 3706 1696 3783 Hucusque
1720 3726 1728 3789 1

104 3795 440 3867 illuminantur‚velnon
450 3789 664 3849 illuminantur.
672 3787 842 3845 illuminare
852 3788 932 3847 enim
985 3788 1130 3846 sententia
1147 3790 1243 3847 donec
1271 3790 1465 3864 sequentibus
1492 3793 1715 3869 comprensum

103 3906 165 3947 non
180 3895 233 3959 est,
248 3887 305 3946 nisi
318 3883 440 3942 luminis
453 3899 459 3950 ;
473 3879 549 3936 sicut
561 3875 724 3933 illuminari
739 3880 863 3946 nonest,
875 3878 932 3935 nisi
984 3895 1100 3936 sensus.
1116 3882 1174 3936 Nos
1186 3878 1360 3940 invocantes
1373 3883 1485 3951 tesam,
1498 3883 1720 3961 respiciemus,

102 3977 205 4034 lumen
220 3973 401 4049 accipientis.
420 3970 607 4045 Quapropter
621 3965 697 4023 sicut
723 3965 861 4024 omnium
888 3972 933 4025 θεῖ
984 3972 1049 4026 tum
1062 3968 1204 4043 possibile
1218 3974 1263 4029 est
1275 3968 1373 4038 nobis,
1390 3969 1421 4027 in
1431 3968 1679 4035 illuminationes
1692 3992 1728 4037 n

102 4065 205 4124 lumen
217 4064 363 4138 accipere,
384 4060 426 4120 ita
439 4057 531 4117 solius
543 4054 664 4114 luminis
689 4059 733 4113 est
747 4071 853 4113 omnes
867 4056 931 4113 illn-
984 4056 1130 4115 simorum
1145 4057 1344 4131 eloquiorum,
1357 4059 1414 4117 hoc
1427 4063 1471 4119 θεῖ
1492 4059 1524 4119 in
1538 4064 1728 4127 sacrab'ssim

102 4156 228 4216 minare·
983 4147 1065 4221 quia,
1080 4163 1149 4220 que
1162 4145 1400 4207 illuminantnos
1414 4146 1553 4207 doctrina
1578 4151 1719 4215 veritatis

139 4247 277 4322 Sequitur
303 4263 309 4302 :
339 4266 354 4295 α
383 4244 437 4299 Per
461 4253 552 4314 quem
576 4236 615 4294 ad
641 4234 806 4310 principale
827 4234 930 4293 lumen
983 4234 1144 4307 telligentie
1157 4238 1350 4305 secretorum,
1374 4252 1394 4292 a
1414 4238 1498 4295 Patre
1527 4238 1672 4300 trailims,
1699 4242 1728 4303 τι

101 4341 217 4397 Patrem
249 4348 404 4395 accessum
429 4328 601 4388 habuimus.
628 4347 643 4377 ε
682 4329 735 4382 Per
760 4324 863 4383 lumen
888 4327 931 4383 te·
946 4297 968 4350 ⁰
983 4323 1275 4387 suntenimal‘atre
1298 4323 1530 4384 illuminationes
1558 4327 1728 4393 divinorun

101 4445 169 4486 snm
210 4440 366 4488 accessum
398 4418 561 4479 habuimus
597 4416 637 4475 ed
663 4414 767 4472 lumen
802 4417 927 4473 Patrem.
981 4413 1134 4488 qnorum,
1149 4416 1249 4475 atnoe
1260 4430 1297 4473 ex
1323 4413 1396 4488 ipsis
1423 4413 1646 4491 illuminemur,
1661 4436 1728 4499 qim

100 4522 184 4578 lesus
212 4517 292 4575 enim
316 4514 419 4572 lumen
434 4513 488 4578 est,
502 4512 531 4566 et
557 4509 642 4564 Pater
665 4507 734 4561 lesu
761 4503 863 4561 lumen
879 4523 886 4575 3
900 4510 930 4563 et
982 4519 1109 4578 capaces
1120 4502 1287 4563 efficiemur
1298 4503 1561 4579 contemplationis
1582 4507 1715 4575 luminis

100 4607 217 4678 genitus
231 4611 276 4665 cst
290 4603 432 4663 alumine
447 4603 530 4657 Patre
552 4596 640 4655 Filius
652 4595 765 4664 lumen,
792 4598 821 4653 et
832 4611 928 4653 unum
981 4592 1095 4668 cipalis,
1112 4597 1140 4651 et
1167 4591 1240 4666 ipsis
1253 4591 1492 4653 illuminantibus
1519 4610 1605 4655 nunc
1621 4614 1728 4673 aman

99 4695 202 4752 lumen
217 4700 301 4754 Pater
314 4698 343 4751 et
358 4691 454 4749 Filius.
469 4693 503 4746 iit
524 4688 631 4745 dicitur
657 4689 741 4743 Pater
763 4684 927 4760 principale
980 4688 1093 4743 secreta
1104 4682 1243 4753 coelestia,
1258 4699 1327 4761 qua
1340 4684 1477 4744 nondum
1496 4701 1589 4746 sensu
1617 4705 1728 4769 compr

99 4784 213 4854 lumen,
226 4800 288 4841 non
301 4782 374 4856 quia
387 4780 487 4852 majus
499 4767 608 4835 lumen
616 4777 664 4834 vel
691 4775 798 4833 melius
812 4774 925 4849 lumen,
979 4774 1049 4832 dere
1061 4773 1205 4832 valemus.
1219 4773 1451 4837 illuminationes
1463 4791 1588 4852 quoque
1597 4781 1728 4842 saumas

99 4871 171 4948 quia
184 4870 265 4929 idem
278 4871 402 4936 lumen;
433 4867 487 4923 sed
512 4865 584 4940 quia
610 4881 672 4921 non
694 4864 731 4922 dc
757 4863 926 4923 luminelu-
980 4880 1048 4921 rum
1061 4863 1250 4936 eloquiorum
1268 4863 1403 4937 accipere
1417 4880 1582 4938 possumus
1593 4867 1728 4947 descript

98 4977 180 5031 men,
192 4959 261 5018 ideo
274 4954 439 5034 principale
453 4953 566 5010 lumen.
588 4952 675 5010 lilius
697 4953 799 5010 lumen
815 4952 855 5010 de
881 4953 925 5011 lu·
979 4952 1056 5011 sacri
1069 4951 1189 5026 eloqriii,
1205 4957 1234 5013 et
1245 4952 1497 5026 configurationes
1510 4971 1548 5012 cx
1563 4956 1676 5019 termis
1696 4959 1728 5027 vj

96 5052 189 5124 mine,
202 5054 287 5112 Peter
300 5048 403 5106 lumen
417 5059 479 5102 non
494 5043 668 5101 delumine:
680 5048 710 5101 et
719 5049 819 5104 tamea
829 5059 925 5103 unum
978 5044 1037 5103 bus
1051 5047 1196 5119 sumptas,
1211 5043 1368 5118 inquibus
1381 5045 1469 5105 nobis
1483 5049 1596 5107 statum
1615 5049 1728 5117 invisit

96 5142 199 5202 lumen
212 5144 297 5200 Pater
324 5140 354 5198 θῖ
374 5133 473 5205 Filius,
493 5131 570 5190 sicut
592 5146 671 5188 unus
698 5134 776 5189 Deus
800 5134 925 5192 Pateret
978 5151 1088 5205 rerum,
1102 5139 1130 5194 et
1144 5134 1308 5194 celestium
1322 5138 1728 5207 secretorumrationemma

98 5232 194 5292 Filius.
208 5235 243 5291 Et
266 5229 334 5288 ideo
362 5229 448 5284 Pater
460 5219 624 5298 principale
650 5220 762 5291 lumen,
788 5221 923 5295 quiade
976 5242 1088 5299 queen
1109 5224 1263 5298 proposita
1290 5224 1480 5283 similitudine
1507 5225 1715 5295 demonstrat,

95 5323 208 5382 lumine
233 5326 317 5380 Patre
357 5317 444 5375 lilius
483 5315 595 5372 lumen.
635 5314 732 5368 Potest
768 5311 868 5369 adhuc
895 5319 924 5372 θῖ
977 5315 1162 5385 enimsignis
1176 5315 1343 5373 visibilibus
1366 5316 1603 5375 bumanamens
1619 5337 1728 5383 comm

95 5412 179 5472 aliter
205 5412 338 5484 intelligi,
364 5408 447 5484 qnod
473 5409 557 5464 Pater
582 5403 745 5478 principale
763 5403 866 5461 lumen
879 5405 922 5462 di-
976 5404 1138 5472 instruitur‚
1154 5408 1183 5459 ct
1197 5403 1380 5464 illuminatur
1395 5405 1432 5462 acl
1454 5406 1655 5469 invisibilium
1669 5426 1728 5487 aeg

94 5504 159 5558 etus
171 5506 224 5560 θεῖ.
240 5502 330 5562 Video
349 5500 429 5558 enim
443 5503 472 5556 ct
496 5498 597 5572 ipsum
625 5493 728 5552 lilium
753 5492 920 5550 secundum
974 5510 1056 5550 nem.
1072 5497 1229 5566 Propterea
1242 5510 1318 5567 pene
1331 5494 1443 5568 ubique
1457 5495 1488 5553 in
1516 5512 1605 5555 sacro
1628 5499 1728 5577 etoqm

94 5588 208 5663 enquid
234 5590 337 5648 lumen
363 5606 438 5658 esse,
466 5589 497 5645 in
522 5604 584 5662 quo
611 5602 673 5644 non
709 5587 807 5659 potest
844 5583 920 5642 Patri
974 5600 1043 5642 rum
1057 5581 1217 5641 visibilium
1232 5583 1346 5656 species
1361 5599 1416 5657 pro
1429 5583 1728 5658 sigmiicadmgdfl
