3832 6044
373 162 579 218 alladorum
599 153 631 217 ΙΝ
653 151 772 216 1101111111
791 150 1055 215 restituerint.
1072 155 1185 216 -1.ΙΒ.
1202 155 1233 216 V.
1613 165 1665 223 811
1708 163 1711 166 ⁴

81 286 114 343 de
131 286 290 353 sedicunt,
310 301 346 341 uc
371 281 561 343 occasionem
578 279 738 339 extollendi
752 295 783 335 se
804 282 910 351 dpars
934 281 1067 354 eorporis
1093 281 1164 338 Adae
1185 282 1249 339 tuit.
1266 283 1351 348 Quod
1365 281 1489 358 quidem
1517 300 1581 343 esse
1604 302 1666 344 non

81 375 206 432 tsieute
229 375 377 430 contrario
395 389 506 429 nomen
530 368 784 446 ponuntquando
838 374 944 443 potest,
972 386 1042 426 eum
1056 387 1111 427 nce
1140 371 1229 429 etiam
1256 376 1297 430 tot
1311 373 1403 431 atomi
1428 373 1459 430 in
1480 375 1577 433 Adam
1602 392 1666 433 esse

99 466 136 523 de
156 481 186 521 se
209 464 320 520 dieunt.
352 468 408 520 Nee
432 469 476 519 est
502 460 784 535 reprehendendum
837 459 1343 536 potuerint,quotbominespostea
1358 465 1540 523 exstiterunt.
1555 469 1665 533 Quam-

82 555 170 612 aulus
187 554 224 610 de
239 570 270 609 se
285 569 397 622 magna
419 551 498 617 dicit,
524 551 645 607 dicens:
664 548 785 605 actem·
837 549 1011 607 libetctiam
1038 555 1154 623 partem
1169 552 1414 627 hujuscorpons,
1444 572 1538 612 unam
1552 561 1668 630 partem

81 661 143 717 epo,
159 648 212 699 etc.
230 643 274 714 (II
286 643 412 707 Cuiam).
437 642 493 698 Sed
508 640 691 714 quandoque
705 636 785 694 stulti
839 639 972 712 corporis
995 640 1169 697 adalaisae
1192 656 1313 700 neeesse
1328 644 1382 701 erit
1401 646 1567 703 secundum
1590 647 1669 703 hane

81 732 215 795 lendino
231 736 259 788 et
273 747 329 787 nos
341 730 529 803 impatientes
539 745 603 785 esse
617 727 783 785 videamur.
840 727 1028 785 seutentiam.
1058 732 1115 784 Nos
1127 745 1199 787 rero
1214 730 1342 788 dicimus
1365 733 1421 789 boe
1437 737 1531 790 toturn
1559 734 1669 792 falsum

81 839 143 898 que
158 820 329 895 repellendi,
344 820 435 876 necis
451 820 616 877 consentire
633 821 782 890 putemur.
839 833 914 884 esse,
941 816 1012 890 quia
1039 833 1093 873 nce
1125 834 1231 874 omues
1255 819 1297 876 ibi
1323 820 1444 890 fuimus,
1477 839 1532 879 nec
1564 840 1670 882 omnes

96 917 197 970 autem
212 927 281 966 cum
305 914 398 967 lesus.
426 913 464 966 tte
479 910 536 966 hac
552 907 705 965 intuitione
720 905 784 980 qui·
840 906 880 961 ibi
893 905 1094 978 peccavimus,
1109 907 1157 963 rel
1181 910 1314 981 corrupti
1328 926 1443 967 sumus.
1460 913 1546 976 Quod
1568 918 1669 970 autem
1764 923 1766 927 “

81 1017 173 1058 rorem
189 1000 428 1073 sapiuntlticunt
440 1000 519 1055 enim
534 999 618 1073 qnod
629 996 785 1071 quoddam
840 995 911 1051 dicit
925 996 1096 1068 auctoritas,
1121 1014 1227 1054 verum
1242 1004 1286 1056 est
1310 999 1513 1072 quod-omnes
1534 1002 1671 1075 peceavi·

81 1091 161 1157 rium,
179 1091 263 1146 idest
286 1090 453 1162 quamdam
474 1088 659 1146 habilitatem
674 1103 692 1143 a
707 1102 786 1142 crea·
841 1082 908 1141 mus
927 1085 957 1141 iu
972 1085 1079 1155 Adam,
1095 1086 1124 1144 id
1149 1092 1193 1145 est
1207 1104 1312 1145 omnes
1328 1106 1452 1148 causam
1472 1091 1586 1165 peceati
1600 1091 1670 1148 inde

81 1185 163 1250 itam,
179 1180 258 1236 unde
274 1179 371 1250 magis
386 1185 474 1252 aptus
493 1182 537 1235 est
548 1178 601 1234 iste
616 1177 654 1233 ad
665 1175 786 1232 creden·
841 1175 1054 1232 contraximus.
1072 1179 1105 1232 Et
1134 1176 1191 1233 sub
1205 1177 1313 1235 eodem
1338 1195 1428 1236 seusu
1452 1184 1513 1238 tota
1536 1181 1671 1238 humana

84 1269 287 1328 obediendum
300 1285 394 1342 quam
408 1268 465 1337 ille,
492 1267 572 1324 ridet
586 1269 664 1323 Deus
674 1266 704 1321 in
719 1264 785 1333 isto,
841 1269 949 1321 nattrra
973 1264 1015 1321 ibi
1029 1271 1168 1339 corrupta
1180 1271 1242 1325 est:
1258 1267 1299 1325 illi
1323 1268 1403 1326 euim
1424 1270 1536 1329 iactum
1550 1275 1672 1345 estpee·

83 1359 148 1430 agis
162 1357 278 1429 eligitur
292 1357 345 1413 iste
355 1373 449 1430 quarn
464 1356 521 1412 ille.
538 1354 631 1412 Veluti
644 1353 787 1427 quaedam
842 1359 952 1422 catum,
969 1360 1091 1430 propter
1104 1356 1187 1429 qnod
1199 1361 1260 1415 tota
1282 1359 1440 1433 posteritas
1462 1366 1601 1435 corrupta
1616 1365 1669 1420 est.

81 1451 172 1505 (1111119
192 1445 332 1502 bonitatis
351 1449 497 1517 apparent
517 1443 548 1500 in
576 1444 634 1499 hoc
662 1440 785 1516 popula
843 1443 1020 1516 Propagatio
1036 1444 1116 1500 enim
1131 1445 1257 1503 humani
1282 1447 1398 1517 generis
1412 1465 1533 1523 semper
1541 1466 1595 1524 per
1609 1465 1673 1509 eor·

81 1534 420 1592 nindlo.Sedhoeesse
435 1532 543 1588 laisum
559 1534 647 1604 patet,
666 1534 729 1586 tum
750 1546 786 1584 ex
843 1532 1013 1604 raptionem
1050 1534 1222 1604 generando
1259 1535 1420 1595 deseendit.
1454 1539 1557 1596 Omnis
1591 1541 1672 1598 enim

81 1625 159 1693 ultis,
176 1627 239 1680 tum
262 1622 412 1696 praecipue
427 1638 463 1677 cx
487 1637 523 1677 eo
537 1620 620 1694 quod
641 1619 712 1676 dicit
726 1622 786 1675 Do·
808 1637 828 1690 B
843 1621 935 1677 homo
952 1621 1187 1695 incorruptione
1210 1629 1377 1694 generatur.
1395 1629 1428 1684 Et
1451 1627 1510 1685 hoc
1525 1627 1672 1687 contrahi-

99 1714 147 1770 Voe
160 1713 215 1768 tibi
230 1712 386 1777 corozain,
396 1726 438 1767 ear
453 1711 508 1765 tibi
524 1709 684 1766 Bethsaida
692 1722 704 1781 ;
717 1710 788 1780 qaia
843 1728 911 1768 mus
926 1726 979 1784 per
1000 1711 1107 1780 Adam,
1131 1728 1168 1769 ea
1182 1714 1269 1785 eujus
1297 1714 1410 1787 origine
1433 1733 1489 1774 nos
1502 1733 1607 1775 omnes
1621 1718 1671 1775 de·

87 1816 152 1873 quar
164 1801 196 1856 111
212 1805 240 1856 tc
258 1801 343 1870 secta
364 1803 445 1868 sient,
461 1798 622 1871 praedicata
646 1798 788 1854 essentia
844 1800 1034 1857 scandimus:
1064 1800 1126 1874 ipse
1151 1802 1520 1876 enimorigonostraiuit,
1549 1808 1673 1866 undeet

81 1895 103 1947 et
124 1889 242 1957 Sidene,
271 1889 387 1944 dudum
409 1887 554 1943 sedissent
579 1889 610 1944 in
637 1889 746 1955 cinere,
761 1891 789 1943 ct
843 1889 964 1962 abipso
989 1889 1136 1960 originem
1165 1892 1321 1950 trahimus.
1339 1895 1425 1960 Quod
1450 1900 1552 1954 autem
1566 1898 1673 1955 dieitur

83 1981 153 2035 Lac.
169 1979 207 2048 1).
233 1977 315 2034 Unde
339 1980 464 2050 apparet
484 1976 630 2050 aptiorem
653 1976 716 2031 fore
735 1981 789 2031 ter·
842 1973 901 2043 hic,
918 1990 988 2031 cum
1009 1990 1089 2031 esses
1118 1975 1174 2032 sub
1198 1976 1268 2045 lieu,
1291 1978 1412 2035 vidite:
1439 1979 1479 2036 sie
1491 1980 1671 2051 intelligitur,

81 2085 130 2125 am
154 2066 194 2124 ad
206 2066 403 2124 excolendum
425 2082 519 2139 quam
543 2070 650 2122 terram
673 2063 789 2121 11111119-
844 2080 1004 2122 cumesses
1019 2064 1076 2120 sub
1091 2065 1200 2122 umbra
1213 2066 1297 2138 legis,
1318 2067 1366 2124 vel
1386 2069 1489 2126 mortis
1503 2069 1565 2127 ridi
1580 2075 1607 2128 te
1620 2086 1674 2145 per

81 2173 169 2230 aquo
184 2161 212 2213 ct
234 2155 308 2212 illud
320 2154 512 2211 manifestum
536 2158 580 2210 est
594 2153 681 2227 ¹quod
695 2153 789 2224 majo·
844 2152 1080 2225 dispositionem.
1105 2153 1150 2209 ab
1179 2158 1290 2212 oeterno
1316 2155 1396 2212 enim
1418 2157 1455 2214 de
1485 2157 1550 2231 ejus
1579 2159 1674 2216 salute

81 2244 232 2302 thilitatem
259 2242 395 2299 cordium
420 2258 482 2298 nou
511 2240 636 2298 attendit
663 2244 741 2297 Deus
759 2239 790 2295 in
845 2241 1043 2315 disposuerat,
1057 2241 1105 2298 rel
1119 2242 1157 2299 de
1183 2244 1248 2315 eJus
1268 2245 1434 2304 vocatione.
1458 2247 1676 2318 1111111111·ευὶ-

81 2350 117 2391 ne
132 2349 197 2390 sua.
210 2338 272 2389 imo
287 2348 324 2388 ex
338 2347 373 2388 co
392 2331 589 2405 quodminus
613 2335 684 2403 apta
705 2329 744 2385 ad
759 2346 790 2386 se
846 2331 936 2400 debis,
952 2334 1007 2388 ete.
1035 2331 1109 2396 Quia
1125 2348 1195 2388 eum
1210 2333 1344 2390 Messinm
1356 2334 1554 2404 erediderunt,
1569 2336 1675 2392 datum

81 2423 115 2491 it,
131 2422 226 2493 gratia
245 2422 343 2492 major
356 2426 384 2477 91
408 2421 554 2492 gloriosor
575 2436 639 2476 csse
654 2423 788 2493 apparet,
847 2423 890 2477 cst
904 2419 946 2475 eis
960 2418 1028 2492 plus
1041 2435 1221 2490 cognoscere
1236 2421 1272 2477 de
1286 2421 1362 2494 ipso.
1379 2425 1438 2480 lloc
1453 2423 1572 2495 scilicet,
1592 2423 1676 2498 quod

81 2512 228 2570 minorare
253 2511 399 2578 videntur,
423 2510 556 2583 quieam
573 2526 609 2566 ex
624 2509 674 2566 tali
686 2509 792 2583 aptitu-
846 2513 874 2565 et
900 2511 977 2565 Deus
1007 2511 1070 2564 erat
1094 2524 1156 2564 non
1189 2513 1305 2566 tantum
1333 2511 1436 2581 home,
1465 2511 1549 2585 quod
1576 2511 1676 2569 adhue
1728 2534 1731 2538 ’

82 2600 180 2676 perari
209 2603 355 2656 asserunt.
372 2601 435 2655 Nou
451 2604 496 2655 911
524 2598 612 2670 igitur
626 2595 740 2671 aliquid
762 2598 792 2653 in
847 2599 973 2656 eredunt
985 2598 1078 2655 iudaei
1098 2599 1259 2668 (1911911111,
1280 2601 1362 2674 quod
1380 2618 1474 2675 purus
1492 2603 1586 2660 homo
1601 2603 1677 2660 iutu-

81 2705 159 2765 [uare
173 2693 249 2746 Deus
265 2688 363 2758 eligat,
379 2687 472 2744 sedin
488 2692 599 2744 secreto
614 2687 712 2743 cordis
724 2703 795 2760 ope·
847 2704 898 2744 rus
911 2687 956 2743 sit.
969 2689 1074 2756 Amen,
1091 2702 1190 2756 amca,
1206 2687 1383 2746 Hebraieum
1393 2689 1532 2760 verbam,
1549 2694 1577 2748 et
1591 2695 1678 2748 sonat

81 2779 157 2837 retia
184 2795 239 2835 sua
260 2781 347 2844 Deus,
374 2776 453 2832 unde
476 2776 515 2833 ad
539 2774 744 2849 peonitentiam
766 2778 794 2832 91
848 2790 914 2834 vere
928 2773 1057 2845 velfiat3
1086 2775 1254 2832 uedestab
1277 2775 1379 2851 aliquo
1405 2777 1563 2852 interprete
1582 2784 1678 2836 muta·

81 2883 154 2925 nem
167 2870 313 2933 moretur,
335 2865 415 2921 unde
429 2864 555 2920 salutem
567 2866 710 2919 aeternam
727 2876 794 2934 pro
847 2866 922 2931 tum,
937 2879 975 2920 ne
990 2868 1139 2921 mutatum
1157 2863 1317 2936 vilesceret,
1334 2870 1362 2923 et
1376 2871 1421 2925 est
1436 2868 1525 2942 quasi
1536 2868 1587 2927 Dei
1596 2869 1678 2942 jura-

81 2972 106 3013 r.
122 2956 225 3012 atnoe
240 2958 284 3011 est
301 2954 401 3027 ipsum
416 2956 562 3008 secretum
575 2950 673 3007 cordis
687 2947 794 3006 intueri
810 2992 831 3047 C
848 2957 993 3010 mentum.
1015 2957 1047 3010 ln
1060 2954 1118 3010 hoe
1139 2959 1239 3012 autem
1264 2956 1327 3013 solo
1342 2958 1503 3029 Evangelio
1528 2959 1678 3016 invenitur

87 3058 149 3119 ,per
162 3043 289 3114 gratiam
303 3043 334 3098 in
348 3041 437 3099 corde
456 3039 585 3114 operari,
596 3043 628 3094 ut
642 3038 682 3095 ab
696 3053 794 3095 errore
847 3042 1043 3116 duplicatum.
1074 3043 1678 3116 11119111119111111111191111111,1111109

81 3132 261 3190 noscendam
275 3131 427 3189 veritatem
446 3132 613 3197 moveatur,
638 3132 666 3184 et
680 3127 721 3183 sie
735 3126 795 3210 vita
849 3136 893 3189 cst
906 3131 981 3190 illud
994 3133 1103 3205 majus,
1116 3132 1200 3206 quod
1214 3132 1257 3188 eis
1271 3133 1408 3206 promisit
1422 3134 1565 3192 Dominus
1578 3136 1678 3193 viden-

93 3223 155 3281 iiat.
179 3221 372 3280 ANazarettr
385 3225 483 3291 potest
498 3218 617 3291 aliquid
627 3218 695 3275 boni
715 3214 796 3275 esse?
848 3220 933 3277 dum.
951 3223 982 3276 ln
996 3220 1053 3277 hoc
1068 3225 1169 3281 autem
1182 3220 1311 3291 cognitio
1326 3221 1548 3280 demonstratur
1571 3222 1678 3281 utrius·

81 3329 113 3370 as
126 3317 170 3370 est
181 3310 313 3369 efficacia
327 3310 470 3384 mysterii.
499 3308 641 3366 Nazareth
655 3307 797 3381 inter-pre·
849 3325 908 3383 que
918 3313 1042 3366 1111111111.

81 3401 112 3458 oe
126 3401 171 3457 rel
183 3399 397 3472 permensione
408 3404 508 3456 autem
523 3398 552 3454 in
564 3397 637 3453 tlore
648 3395 704 3452 tria
715 3398 794 3463 sunt,
888 3398 925 3454 Et
937 3398 1025 3454 tertie
1051 3397 1099 3454 die
1112 3398 1224 3468 areptia
1250 3398 1341 3467 sacta
1355 3403 1435 3467 suat,
1461 3402 1516 3456 etc.
1533 3402 1632 3469 (doen.
1649 3399 1678 3472 u)

81 3489 106 3548 11
133 3489 240 3546 arbore
256 3488 319 3544 sinc
346 3483 797 3560 111110191111111111ᾱά110-
850 3486 945 3544 Tertio
968 3485 1110 3542 sciliceta
1136 3487 1245 3560 primo,
1270 3486 1351 3544 vela
1375 3485 1532 3546 vocatione
1559 3488 1680 3546 illorum

81 3579 176 3636 rboris
204 3582 256 3644 est,
283 3582 311 3633 et
336 3593 420 3649 spem
435 3575 548 3632 fruetus
576 3573 684 3642 habet;
701 3570 755 3627 'sic
771 3574 799 3626 91
851 3572 1077 3649 discipulorum.
1106 3576 1184 3644 Quid
1198 3576 1315 3633 11111191
1329 3576 1532 3655 tibimutter?
1555 3581 1617 3636 Non
1637 3582 1681 3635 est

81 3685 102 3726 11
115 3667 153 3725 de
166 3667 252 3736 virga
277 3671 386 3733 Aaron,
399 3665 429 3721 id
459 3668 503 3721 est
516 3664 553 3719 110
568 3662 656 3719 beata
683 3659 798 3731 virgine
851 3666 899 3723 hie
925 3664 1072 3734 negantis,
1102 3665 1149 3722 vel
1179 3665 1396 3724 contemnentis
1422 3671 1560 3738 matrem,
1586 3683 1680 3741 quam

81 3757 132 3816 nni
146 3756 266 3813 laesione
291 3755 401 3829 prodiit
418 3752 581 3812 nascendo.
604 3751 727 3825 Fuitque
742 3747 799 3823 ipsi
852 3755 917 3829 ipse
944 3755 1093 3812 honorare
1117 3755 1212 3827 jubet,
1242 3759 1275 3813 111
1286 3755 1390 3814 dicunt
1408 3756 1547 3826 haretici,
1574 3756 1682 3831 quidi-

81 3863 183 3914 orem;
199 3863 236 3903 ex
248 3845 313 3919 ipso
328 3843 408 3900 enim
430 3843 587 3900 benedicta
601 3841 709 3899 dicitur
723 3840 799 3897 iuter
852 3848 924 3902 cunt
937 3860 1046 3918 eorpus
1058 3843 1280 3918 phantasticum
1292 3844 1440 3903 Christum
1460 3845 1612 3915 habuisse,
1630 3846 1683 3903 sed

81 3954 111 3996 es
125 3941 155 3995 et
173 3936 237 4010 ipse
249 3937 397 4006 speciosas
416 3935 518 4004 fririae
533 3948 597 4004 pra
621 3933 692 4002 filiis
708 3931 799 3987 11111111-
853 3938 898 3992 est
908 3933 1090 3991 ostendentis
1104 3934 1171 4003 hoe,
1192 3935 1276 4007 quod
1293 3934 1359 4007 ipsa
1372 3934 1502 4008 petebat,
1518 3951 1579 3993 non
1594 3951 1683 4010 posse

81 4033 113 4087 ln
128 4042 191 4101 quo
208 4025 332 4100 quidem
345 4028 390 4081 est
403 4024 491 4081 nobis
519 4039 587 4096 spes
607 4022 719 4078 tructus
733 4020 799 4077 vitae
853 4023 918 4080 fieri
932 4038 968 4079 ex
982 4022 1114 4095 eoquod
1135 4039 1171 4078 ex
1186 4022 1252 4095 ipsa
1265 4027 1429 4096 acceperat,
1445 4040 1482 4080 ex
1498 4025 1683 4083 humanitate

81 4118 165 4178 1.,111
192 4131 249 4188 qao
276 4116 362 4171 dotas
383 4118 505 4170 11011111.
533 4111 624 4168 Dolus
649 4110 728 4167 enim
757 4112 802 4167 est
854 4111 973 4178 seilicet,
988 4110 1040 4165 sed
1065 4124 1102 4164 ex
1126 4109 1278 4167 divinitate
1292 4115 1419 4169 tantum.
1447 4115 1589 4171 Nondum
1604 4115 1684 4173 venit

81 4223 98 4264 o
125 4204 208 4261 aliud
231 4203 338 4274 agitur,
368 4206 396 4260 et
419 4201 501 4258 aliud
526 4201 605 4256 intus
624 4199 799 4256 simulatur:
856 4201 931 4257 aare
944 4213 1020 4256 mea.
1035 4197 1107 4253 iiiuc
1121 4197 1192 4254 item
1204 4198 1430 4256 volunthabere
1443 4200 1583 4271 hoerctiei,
1600 4203 1685 4275 quod

81 4311 168 4352 ·.cum
183 4292 264 4351 aliud
290 4292 369 4349 intus
393 4289 548 4361 cogitatur,
571 4295 600 4346 et
625 4288 706 4346 aliud
731 4287 801 4344 ioris
856 4289 937 4348 1111111
948 4287 1115 4345 necessitati
1127 4287 1231 4345 mortis
1250 4287 1403 4359 subjectus
1417 4293 1503 4366 esset,
1526 4290 1687 4347 itascilicet

81 4383 149 4452 itur,
172 4381 276 4455 quales
297 4384 382 4437 crant
402 4377 551 4434 Pharisaei.
572 4381 627 4434 iste
653 4392 724 4433 vero
747 4347 837 4433 Nan
857 4378 941 4453 quod
954 4394 990 4435 ex
1008 4378 1182 4435 necessitate
1197 4382 1370 4435 moreretur.
1386 4381 1454 4435 Erat
1470 4378 1594 4452 quidem
1612 4379 1688 4436 hora

81 4471 95 4527 d
110 4470 176 4528 talis
197 4484 258 4526 non
274 4473 355 4536 erat;
385 4466 438 4523 sed
454 4464 576 4540 siquod
597 4464 701 4521 vitium
724 4464 804 4521 intus
858 4466 961 4525 mortis
988 4466 1113 4540 praefixa
1137 4465 1168 4522 in
1193 4465 1295 4522 divina
1314 4464 1517 4538 dispositione,
1534 4467 1586 4523 sed
1605 4466 1688 4524 nulla

81 4558 139 4618 aris
158 4557 363 4615 confitebatur.
389 4557 464 4613 Cum
485 4570 560 4613 esses
581 4553 635 4610 sub
655 4555 725 4624 ficu,
748 4557 803 4610 ete.
859 4556 939 4614 fatali
969 4555 1152 4613 necessitate.
1183 4554 1310 4621 Quando
1335 4555 1416 4611 enim
1440 4555 1535 4612 voluit
1561 4561 1689 4613 mortem

81 4648 229 4723 ,quidam
257 4646 296 4703 ad
319 4645 446 4703 litteram
469 4645 510 4701 sie
530 4643 630 4711 fuisse,
652 4643 735 4717 quod
760 4642 807 4699 ille
861 4643 1009 4717 suscepit3
1025 4644 1144 4700 undeet
1156 4643 1220 4717 ipse
1233 4640 1318 4701 dicit:
1332 4644 1435 4702 draeo
1455 4651 1690 4718 potcstaterupo-

81 4738 249 4810 egisrloetor
263 4739 341 4792 esset
355 4734 393 4790 ad
409 4734 617 4791 meditandum
640 4733 678 4789 de
691 4735 807 4790 redem—
862 4733 954 4792 nendi
979 4733 1113 4790 natricem
1134 4745 1249 4804 tricena
1277 4738 1304 4789 et
1330 4733 1437 4790 iterum
1460 4737 1599 4793 seruandi
1625 4752 1691 4794 eam

96 4826 212 4899 generis
226 4823 352 4881 humani
367 4823 484 4892 exisset,
498 4827 527 4881 et
549 4823 606 4880 sub
633 4823 735 4896 aliqua
748 4824 809 4880 ficu
863 4827 962 4895 (doen.
987 4823 1027 4896 x).
1044 4825 1078 4879 Et
1102 4816 1150 4880 est
1173 4839 1207 4880 ae
1235 4821 1258 4879 si
1283 4822 1380 4880 dieat:
1407 4826 1448 4880 Ex
1464 4841 1500 4882 eo
1523 4828 1607 4900 quod
1632 4833 1692 4886 ate

81 4920 112 4975 11.
139 4915 195 4972 alti
217 4916 321 4973 dieunt
344 4915 427 4988 quod
441 4916 498 4971 hoe
522 4917 639 4972 tautum
662 4913 701 4971 ad
715 4914 808 4971 ficum
862 4913 970 4982 haheo,
985 4927 1047 4971 non
1066 4928 1192 4986 pessum
1213 4911 1359 4971 miracula
1378 4913 1485 4988 iacere,
1499 4915 1552 4973 sed
1574 4917 1626 4990 qui
1641 4918 1693 4975 ha-

101 5005 140 5061 de
171 5005 257 5076 cujus
282 5004 359 5060 foliis
387 5003 570 5077 perizomata
597 5001 653 5060 sibi
679 5002 811 5061 fecerant
863 5003 954 5060 bcam
968 5019 1004 5060 ex
1017 5007 1044 5060 te
1069 4993 1234 5077 apparebit,
1252 5020 1321 5061 cum
1335 5020 1391 5076 ego
1409 5005 1546 5078 pendeus
1559 5007 1591 5061 in
1605 5022 1692 5062 cruce

81 5135 87 5162 ,
113 5097 142 5150 at
161 5096 223 5151 Eva
247 5096 315 5167 post
339 5097 506 5166 peecatum,
536 5093 725 5149 referendum
752 5097 805 5149 est.
863 5096 891 5149 19
906 5095 1032 5151 matrem
1047 5092 1193 5167 discipulo
1207 5094 1438 5151 commendabo.
1453 5095 1595 5150 Metretua
1609 5093 1693 5150 birras

81 5200 92 5239 s
116 5199 172 5240 nos
185 5182 276 5252 enim,
293 5187 326 5239 ut
338 5182 451 5251 dieunt,
477 5182 519 5239 ibi
534 5182 654 5250 luimus,
677 5182 707 5239 id
721 5181 810 5239 estin
864 5184 1036 5241 1911911111.
1052 5182 1126 5247 Quia
1149 5182 1291 5256 quaedam
1311 5180 1409 5247 binas,
1425 5179 1567 5253 quaedam
1582 5182 1692 5236 ternas.

81 5271 183 5341 ,unde
198 5276 226 5327 et
239 5271 269 5327 in
285 5270 381 5327 adam
399 5270 601 5343 peccavimus,
630 5269 731 5344 ibique
748 5285 811 5327 cor·
864 5275 929 5329 Non
947 5277 992 5330 911
1006 5271 1087 5330 enim
1102 5273 1160 5328 hoc
1174 5267 1347 5326 dubitantis.
1364 5269 1468 5324 lletros
1491 5269 1590 5322 Graece
1611 5282 1695 5324 men-

90 5379 204 5419 sumus¹
235 5362 290 5419 Sed
315 5362 469 5436 quomodo
498 5361 538 5417 ibi
561 5378 625 5419 esse
646 5362 809 5436 potuimus,
865 5379 935 5418 sura
950 5363 1057 5420 dieitur
1080 5361 1158 5416 urule
1180 5364 1304 5432 perpetro,
1329 5359 1450 5411 metrete
1468 5355 1514 5410 rel
1529 5355 1568 5410 ad
1586 5362 1695 5430 myste-

80 5453 89 5509 1
111 5452 273 5524 corrumpi,
288 5469 358 5507 eum
383 5453 481 5506 nrlhue
501 5452 572 5507 nibil
597 5468 720 5525 prorsus
735 5470 811 5510 esse·
866 5452 944 5507 rium
957 5451 1109 5508 referatur.
1133 5445 1379 5502 Architriclinas.
1395 5443 1563 5500 Trieliuium
1578 5446 1694 5517 dicitur,

103 5542 209 5598 lticunt
235 5545 345 5609 autem,
373 5540 456 5613 quod
482 5542 671 5599 materialiter
694 5541 734 5596 ibi
759 5543 814 5598 tuit
867 5540 920 5597 ubi
940 5545 1075 5597 suuttres
1088 5536 1164 5606 lecti,
1181 5536 1211 5593 id
1232 5538 1276 5592 cst
1289 5539 1348 5591 tres
1368 5534 1487 5591 ordines
1506 5533 1697 5607 discumben-

103 5631 274 5690 humanum
302 5646 407 5701 genus,
428 5633 455 5686 et
479 5631 685 5705 unusquisque
712 5629 814 5704 aliqua
869 5629 955 5698 tium,
987 5634 1020 5686 ut
1050 5629 1081 5685 iu
1116 5626 1269 5685 refectorio
1301 5626 1532 5693 monachorum,
1566 5644 1710 5698 quorum

107 5723 229 5777 Parnon.
250 5722 368 5777 CLXXV.
1596 5715 1639 5760 Ἦ
