3832 6044
103 125 155 178 cor
264 116 417 174 nuoours
436 117 480 173 nu
500 116 529 173 s.
548 115 696 173 vrcronu
716 82 791 170 ore.
816 113 905 171 anus
925 114 945 169 1.
961 93 996 153 -'
1010 113 1210 171 exscertus.
1227 143 1261 154 -
1276 116 1296 170 1.
1319 115 1353 169 ru
1375 115 1409 184 s.
1427 113 1653 171 suarrrunru.
1765 116 1816 169 aas

143 246 271 312 Qussrro
281 244 325 298 tv.
338 241 525 310 Confitentur
534 254 564 295 sc
575 252 657 294 nosse
666 238 771 310 Deum,
782 237 874 307 suetis
884 252 937 295 ou·
950 240 974 294 A
992 238 1153 295 secundum
1168 239 1383 309 correptionem
1396 237 1496 294 devito
1509 238 1581 304 (Tit.
1601 237 1640 309 n),
1653 242 1707 294 etc.
1724 240 1817 295 Hare-

107 338 165 389 tem
179 335 300 401 negant.
317 333 400 395 Nota,
416 326 637 401 quodquidam
653 325 830 382 confitentur
840 327 934 382 Deum
989 325 1080 383 ticum
1094 331 1191 396 vocat,
1207 326 1259 400 qul
1275 326 1449 400 perlegam,
1464 325 1561 397 legem
1575 324 1743 399 impugnat.
1761 325 1817 383 Sed

105 421 205 479 verbis
218 424 344 486 tautum,
356 418 405 475 alii
419 416 507 473 etiam
524 415 607 472 lactis
617 433 624 483 3
635 414 760 489 quidam
770 418 862 471 Deum
871 420 934 472 tan·
988 432 1081 489 quare
1097 415 1161 474 talis
1176 421 1220 473 est
1238 415 1388 473 vitandus.
1405 419 1508 472 Nonne
1523 414 1629 470 melius
1644 418 1730 483 esset,
1747 431 1816 471 eum

107 515 171 567 tum
186 508 269 565 laetis
283 510 403 576 negant,
419 504 544 578 quidam
557 509 585 560 et
597 504 708 573 verbis,
733 509 761 560 et
773 504 867 572 lactis,
882 504 935 578 qui
989 522 1024 562 eo
1039 521 1118 579 saepe
1133 505 1276 574 conterre,
1293 509 1321 563 et
1335 504 1374 561 ab
1388 520 1487 561 errore
1502 520 1572 560 cum
1596 504 1635 560 ad
1662 503 1818 560 ueritatem

107 600 201 655 Deum
212 595 309 651 verbis
322 598 350 650 et
363 592 458 660 lactis,
472 592 660 661 confitentur,
686 592 760 649 boni
785 595 864 649 sunt.
880 591 935 658 oui
990 594 1153 650 revocare?
1170 593 1291 651 Salutio.
1307 597 1349 649 Er
1359 609 1419 666 quo
1428 591 1635 662 incorrigibilis
1645 596 1698 660 est,
1710 591 1817 649 melius

106 688 206 741 autem
229 685 342 753 negant
369 686 397 738 et
424 681 521 737 veritis
539 681 675 749 attactis,
693 679 829 737 infideles
844 684 933 748 sunt3
989 682 1264 750 esteumdcvitare,
1279 682 1387 756 quiesi
1402 680 1817 755 saepiuseorriperetunexer-

105 771 158 845 qui
172 773 272 827 autem
293 768 390 826 verbis
405 768 591 835 confitentur,
608 767 733 825 attactis
748 771 868 838 negant,
896 783 936 824 au
990 771 1088 828 citatio
1103 776 1179 828 esset
1190 772 1229 828 ad
1244 771 1368 829 malum.

105 858 224 915 dicendi
237 862 306 914 sunt
321 857 504 926 confitentes,
522 874 560 913 nn
575 862 719 926 negantes
741 853 936 928 simpliciter?
1027 862 1159 926 ansrro
1169 863 1213 917 vl.
1229 861 1305 917 Cum
1319 862 1357 916 stt
1365 863 1491 930 proptio
1505 860 1622 930 judicio
1642 859 1816 916 0001101000-

107 947 227 1006 solutio.
243 947 329 1003 Audi.
349 947 373 1002 A
389 947 540 1017 fructibus
555 962 656 1002 eorum
683 945 862 1016 cognoscetis
888 957 935 998 eos
990 954 1046 1005 tus.
1061 948 1215 1016 Quaeritur,
1227 949 1381 1022 quomodo
1391 949 1444 1004 iste
1455 949 1521 1004 talis
1530 948 1650 1021 proprio
1658 947 1773 1019 judicio
1782 947 1817 1004 sit

107 1036 226 1107 (Maltll
241 1036 298 1108 ru),
321 1036 468 1092 1101111111
492 1035 602 1092 verbis·
619 1036 729 1093 Omnes
752 1031 935 1107 1111111111Ῑί
989 1039 1217 1107 condemnatus,
1233 1054 1305 1095 nam
1319 1039 1411 1095 eredit
1423 1055 1527 1094 rerum
1536 1037 1688 1111 essequod
1700 1036 1779 1104 dicit,
1790 1040 1817 1093 et

106 1128 200 1183 Deum
213 1124 296 1180 factis
310 1128 441 1194 negaut;
458 1140 562 1180 omnes
590 1122 755 1180 antichristi
780 1125 859 1191 sunt,
883 1121 935 1195 qui
990 1123 1031 1180 sic
1045 1139 1106 1180 non
1118 1123 1234 1195 judicat
1248 1139 1278 1179 se
1293 1123 1481 1179 damnatum.
1511 1121 1632 1179 solutio.
1654 1124 1745 1177 llaec
1764 1121 1814 1195 qui

107 1214 254 1272 Christum
268 1218 379 1284 negant
405 1213 475 1269 rita.
503 1213 698 1270 Antichristus
726 1211 863 1268 nondum
887 1227 936 1267 re·
990 1213 1115 1269 scienter
1125 1215 1236 1286 peccat,
1253 1211 1305 1285 qui
1319 1228 1450 1268 errorem
1464 1211 1600 1281 agnoscit
1614 1215 1642 1266 et
1662 1209 1815 1267 veritatem

104 1303 158 1371 nit,
187 1306 340 1359 ettamen
371 1302 436 1374 J'am
470 1300 557 1357 multi
595 1299 756 1357 antichristi
798 1303 867 1356 sunt
906 1299 936 1354 iu
989 1302 1081 1371 novit,
1096 1305 1239 1360 ettamen
1253 1316 1384 1363 errorem
1398 1300 1511 1373 laudat,
1527 1299 1721 1356 alacritatem
1741 1298 1815 1355 ritu-

106 1388 231 1448 mundo.
989 1395 1083 1466 perat,
1097 1390 1145 1447 hie
1159 1389 1242 1463 loqui
1253 1388 1369 1445 videtur
1383 1388 1551 1463 Apostolus,
1568 1387 1651 1444 ethic
1663 1387 1729 1444 talis
1744 1391 1815 1444 teste

141 1490 272 1552 Quarsrro
287 1491 318 1544 V.
333 1488 514 1544 Heneticum
529 1487 675 1544 horricum
696 1493 764 1558 post
791 1500 893 1556 unam,
909 1490 937 1541 et
991 1478 1170 1538 conscientia
1184 1478 1345 1536 damnatus
1359 1481 1403 1534 est
1416 1481 1449 1535 ut
1460 1477 1553 1550 liquet
1566 1476 1717 1533 omnibus.

874 1829 1017 1919 XIII.

371 2101 441 2190 IN
501 2095 874 2192 EPISTOLAM
934 2095 1018 2186 Ab
1094 2092 1545 2184 PHILEMONEM.

141 2307 257 2364 Paulus
269 2307 386 2363 vinctus
401 2305 516 2362 Christi
528 2304 609 2376 desa,
626 2308 680 2362 ete.
710 2306 791 2360 Hanc
819 2301 964 2376 lapisto-a
1020 2303 1148 2368 Qunsrro
1163 2303 1182 2356 1.
1195 2300 1375 2373 Philemoni,
1387 2305 1414 2357 et
1424 2301 1540 2371 Appia,
1550 2298 1750 2370 etArchippo,
1761 2302 1815 2355 cte.

106 2394 168 2452 lam
180 2394 281 2452 scribit
294 2395 457 2453 Philemoni
481 2394 657 2463 Colossensi‚
674 2394 726 2467 qui
737 2393 821 2450 nulla
845 2391 936 2448 ecclc·
989 2390 1142 2462 Quaeritur,
1154 2405 1247 2463 quare
1262 2389 1292 2446 in
1307 2390 1364 2446 hac
1379 2389 1564 2458 salutatione,
1574 2405 1635 2446 non
1649 2392 1745 2446 servet
1753 2402 1816 2461 per-

106 2483 231 2542 siasticae
245 2483 468 2541 ministrationis
482 2483 624 2557 praeditus
638 2486 701 2539 erat
714 2482 866 2553 dignitate,
882 2480 935 2536 sed
989 2493 1133 2534 sonarum
1142 2477 1327 2548 dignitatem,
1345 2477 1454 2534 scilicet
1468 2493 1521 2533 cur
1544 2477 1739 2550 Archippum,
1765 2476 1815 2549 qui

106 2573 152 2629 vir
161 2572 322 2630 laudabilis
332 2574 363 2629 iu
375 2573 472 2646 plebe,
488 2572 535 2629 cui
549 2571 709 2628 familiares
724 2571 834 2627 litteras
848 2569 936 2626 mittit
986 2570 1051 2623 erat
1064 2566 1222 2640 episcopus
1237 2565 1417 2623 Colossensis
1431 2582 1492 2623 non
1506 2571 1671 2640 praeponat,
1684 2565 1737 2622 sed
1748 2580 1816 2638 sup-

106 2675 162 2733 pro
181 2662 320 2718 onesimo
349 2678 435 2718 servo
463 2678 527 2729 suo,
558 2660 610 2734 qui
636 2677 705 2716 cum
733 2660 846 2716 damno
870 2658 934 2729 ejus
988 2661 1091 2729 ponat,
1105 2656 1351 2724 etPhilemonem,
1367 2656 1419 2731 qui
1429 2656 1512 2713 nulla
1524 2657 1666 2727 dignitate
1681 2655 1816 2712 ecelesia-

106 2747 232 2818 lugerat‚
245 2748 298 2803 sed
308 2747 347 2804 ab
361 2752 503 2821 Apostolc
516 2747 618 2804 audito
633 2746 792 2817 Evangelio
804 2745 934 2818 baptiza·
989 2743 1062 2801 stica
1076 2747 1139 2800 erat
1152 2743 1304 2816 praeditus,
1319 2749 1485 2818 praeponat,
1500 2744 1638 2817 nunquid
1652 2743 1721 2800 ideo
1745 2743 1816 2816 quia

106 2837 163 2903 tus,
184 2834 232 2890 cui
247 2835 406 2891 streniam
418 2842 567 2908 precatur,
582 2839 610 2891 et
622 2835 743 2909 culpam
757 2835 935 2908 deprecatur
988 2833 1043 2889 isto
1053 2837 1147 2906 pater,
1163 2835 1192 2888 et
1205 2831 1253 2889 ille
1268 2832 1346 2889 lilius
1361 2832 1438 2889 tuit?
1468 2833 1589 2891 Solutio.
1606 2832 1677 2889 ldeo
1704 2832 1816 2889 laicum

106 2923 264 2995 Apostolus
275 2923 407 2979 scribens
422 2925 449 2981 ei
461 2941 479 2980 a
493 2928 587 2981 Roma
601 2925 639 2980 de
652 2939 780 2981 carcere.
795 2927 828 2981 Et
839 2923 934 2981 estin·
989 2923 1126 2979 ordinato
1139 2921 1294 2995 praeponit,
1310 2922 1382 2996 quia
1396 2922 1433 2978 dc
1447 2939 1478 2978 re
1492 2922 1631 2979 familiari
1646 2922 1752 2994 agitur.

106 3010 196 3068 tentio
210 3012 342 3085 Apostoli
366 3013 525 3087 implorare
551 3014 671 3071 veniam
686 3013 825 3071 Onesimo
852 3012 934 3086 apud
1025 3014 1152 3078 Quusrro
1169 3016 1201 3068 11.
1215 3014 1264 3068 ltu
1280 3018 1316 3084 tc,
1332 3013 1555 3085 fratcr,sruur,
1566 3015 1596 3070 in
1607 3014 1744 3084 Domino,
1759 3015 1814 3069 etc.

106 3098 318 3156 Philomenem.
336 3103 438 3158 llodus
452 3102 519 3159 talis
541 3107 594 3170 cst,
624 3101 707 3174 prius
729 3100 838 3157 salutat
864 3116 934 3157 cum
989 3095 1065 3163 Quid
1082 3095 1213 3153 esttruil
1228 3112 1328 3153 nonne
1344 3096 1432 3153 alicui
1439 3097 1583 3153 inhaerere
1591 3101 1712 3170 propter
1725 3113 1755 3152 se
1764 3111 1817 3169 per

106 3203 175 3244 cum
189 3204 282 3245 uxore
294 3193 323 3246 et
342 3189 421 3260 lib‘03
451 3191 559 3247 deinde
586 3190 647 3260 agit
672 3189 782 3261 gratias
808 3193 868 3246 Deo
896 3189 934 3245 de
988 3186 1146 3242 amorem?
1161 3185 1265 3242 sedsic
1280 3185 1816 3259 soloDeoiruendumest,quiasolus

105 3273 192 3332 bonis
206 3293 321 3344 eorum,
339 3278 556 3335 commendans
584 3278 676 3335 fidem
705 3282 734 3335 et
760 3277 934 3334 charitatem
988 3277 1066 3331 Deus
1080 3279 1202 3348 propter
1215 3291 1245 3331 se
1260 3273 1429 3344 diligendus
1445 3278 1504 3343 est;
1520 3275 1674 3348 quomodo
1688 3290 1760 3345 ergo
1775 3274 1816 3330 di-

47 3391 54 3401 ·
105 3380 220 3433 eorum,
236 3373 340 3439 postca
351 3368 556 3425 Philemonem
574 3367 720 3435 obsecrat,
748 3383 817 3423 cum
840 3366 867 3422 ci
881 3366 934 3422 im·
989 3365 1028 3421 cit
1040 3364 1200 3438 Apostolus
1215 3365 1255 3421 ad
1273 3364 1497 3421 Philemonem:
1516 3369 1557 3421 lta
1571 3369 1608 3434 te,
1624 3364 1724 3432 trater,
1734 3364 1816 3420 iruar

104 3468 209 3526 perare
222 3461 331 3526 posset,
347 3462 380 3513 ut
403 3457 542 3515 onesimo
556 3461 669 3530 pareat,
695 3460 723 3512 et
737 3456 846 3527 gratias
875 3459 933 3512 lteo
987 3454 1018 3510 in
1032 3453 1167 3510 Domino.
1186 3454 1307 3510 Salutio.
1325 3457 1388 3510 Nou
1402 3454 1473 3510 dicit
1499 3454 1680 3528 simpliciter,
1705 3469 1761 3524 ego
1788 3459 1815 3510 te

104 3546 184 3612 agat,
199 3543 272 3615 quia
298 3545 388 3601 talem
411 3545 496 3600 illum
518 3545 638 3616 recepit,
668 3549 701 3601 ut
727 3560 789 3600 nou
815 3561 933 3601 servum
987 3542 1076 3599 frater
1095 3542 1176 3598 lruar
1190 3561 1196 3608 ;
1209 3542 1261 3598 scd
1274 3541 1398 3598 additin
1408 3542 1546 3615 Domino,
1558 3559 1611 3616 per
1620 3543 1677 3599 hoc
1688 3543 1817 3599 innuens

105 3630 259 3698 existimet,
275 3631 328 3687 sed
342 3632 568 3688 dilectissimum
592 3632 722 3690 tratrem.
751 3632 863 3689 Deinde
890 3634 932 3689 di·
987 3648 1018 3686 se
1032 3632 1124 3686 linem
1138 3631 1303 3687 dilectionis
1317 3630 1347 3686 in
1369 3632 1495 3687 Domino
1509 3632 1654 3706 posuisse.
1681 3633 1731 3688 Vel
1758 3632 1816 3688 lrui

104 3717 152 3785 cit,
179 3721 212 3774 ut
226 3723 310 3790 paret
338 3718 394 3774 sibi
420 3718 583 3792 hospitium
610 3718 740 3791 speranti
767 3718 806 3775 ad
833 3719 930 3792 ipsum
987 3719 1094 3774 dicitur
1108 3719 1230 3775 uticum
1244 3719 1378 3792 quadam
1393 3719 1597 3791 delectatione,
1614 3726 1642 3777 et
1665 3721 1706 3777 sic
1719 3725 1817 3794 potest

103 3806 214 3864 uenire.
988 3808 1034 3862 hic
1050 3808 1155 3880 accipi.

886 4147 1023 4241 xlv.

435 4415 504 4503 ΙΝ
562 4410 933 4505 EPISTOLAM
997 4410 1082 4502 Au
1139 4411 1478 4506 HEBRAEOS.

134 4667 339 4738 Muttisardum
352 4669 453 4739 (Hebr.
468 4674 499 4738 1),
514 4674 568 4728 etc.
583 4670 701 4740 Paulus,
725 4671 829 4729 doctor
842 4688 924 4743 egre·
939 4673 959 4729 C
981 4689 1043 4730 non
1051 4673 1142 4731 modo
1152 4689 1214 4730 non
1224 4673 1378 4746 proficere,
1389 4688 1493 4730 verum
1505 4673 1595 4730 etiam
1606 4673 1812 4748 01110010,ῳο-

101 4753 176 4824 gius,
186 4754 318 4824 gentium
333 4757 501 4829 Apostolus,
516 4758 713 4815 ministerium
722 4777 810 4816 suum
824 4760 927 4818 volens
981 4763 1122 4819 rumdam
1128 4763 1320 4818 Helsroeorum
1326 4761 1574 4819 existimationem
1585 4762 1813 4837 excludens,qui

99 4840 308 4899 honorificare.
323 4845 410 4899 Juxta
424 4845 507 4918 quod
520 4845 551 4901 in
567 4845 697 4918 Epistola
724 4848 763 4904 ad
777 4851 927 4906 Romanos
982 4850 1129 4908 Christum
1141 4849 1314 4906 confitentes
1328 4848 1438 4920 legales
1449 4849 1653 4907 observantias
1667 4852 1813 4909 tenendas

99 4929 155 4986 ait:
166 4928 306 4998 manusc
320 4930 439 5002 quidem
448 4932 608 5002 Apostolus
618 4937 750 5005 ‚centium
760 4936 928 5008 00101000-
981 4955 1045 4995 esse
1060 4937 1538 5011 putabant:etinhuncerr0re1n
1549 4940 1699 5013 quosdam
1710 4941 1810 5005 eham.

98 5018 428 5090 rificaboministerium
438 5029 683 5094 mauratentons,
696 5029 723 5082 si
736 5027 929 5098 pacomodoud
980 5027 1032 5102 qui
1049 5027 1086 5084 de
1101 5027 1261 5097 gentilitate
1276 5033 1415 5086 venerant
1438 5029 1477 5086 ad
1505 5030 1664 5098 Christum,
1682 5047 1737 5087 sua
1759 5047 1812 5086 au-

98 5111 300 5169 aemulundum
307 5127 465 5183 provocem
474 5130 595 5172 eumaem
610 5133 704 5174 ineam
717 5117 928 5189 (1100011110-
981 5116 1112 5174 ctoritate
1122 5117 1315 5186 induxerunt;
1325 5119 1392 5175 ideo
1403 5118 1564 5192 providens
1574 5120 1733 5193 Apostolus
1742 5135 1812 5190 gen-

98 5199 193 5257 clesiis
208 5201 400 5259 llebraeorum
414 5203 492 5260 hauc
508 5203 664 5276 epistolam
678 5205 879 5276 scribitageus
889 5205 926 5262 de
981 5205 1069 5274 tibus,
1084 5221 1121 5261 ne
1131 5204 1273 5278 deinceps
1284 5205 1314 5262 in
1326 5207 1406 5263 huuc
1421 5223 1551 5264 errorem
1558 5207 1750 5264 Hebraeorum
1760 5224 1811 5265 au-

98 5289 260 5348 emlnentia
274 5291 377 5349 Christi
389 5292 556 5350 secundum
567 5297 724 5366 utramquc
738 5297 886 5363 naturam,
899 5298 928 5352 et
980 5293 1112 5350 ctoritate
1122 5294 1287 5364 trahantur,
1296 5296 1415 5352 Judaeos
1425 5297 1594 5370 quoquead
1604 5296 1810 5354 aemulandum

97 5373 171 5444 legis
185 5378 318 5436 llosalcae
333 5380 487 5438 inutilitate
497 5400 504 5449 ;
516 5387 652 5439 astruens
667 5380 767 5438 multis
782 5382 879 5438 modis
895 5382 927 5438 fi·
980 5398 1157 5455 provocans,
1175 5383 1302 5452 gratiam
1322 5383 1372 5441 Ilei
1387 5385 1579 5442 commendat
1592 5402 1646 5459 per
1661 5385 1810 5443 Christum

98 5460 168 5518 dem
179 5465 248 5519 lesu
258 5467 362 5524 Christi
373 5469 488 5543 absque
497 5469 643 5540 legalibus
652 5470 786 5528 sufficere
797 5471 836 5527 ad
843 5470 927 5543 justi·
980 5488 1085 5528 verum
1097 5471 1268 5545 pontificem
1276 5473 1333 5530 hoc
1344 5479 1476 5548 tempore
1486 5474 1625 5532 fidelibus
1639 5476 1759 5546 tactam,
1772 5476 1811 5533 le-

66 5555 68 5558 ⁴
98 5547 170 5644 tiam
181 5553 209 5606 et
222 5551 557 5628 salutemtegaliavero
566 5563 635 5633 post
643 5559 926 5634 Christipassionem
981 5576 1049 5631 gem
1063 5560 1223 5619 osteudens
1236 5562 1437 5636 reprobatam.
1463 5564 1587 5622 Intentio
1603 5564 1704 5639 itaque
1732 5570 1810 5640 Apo·
