3832 6044
173 118 222 171 dit
369 111 522 167 Boeotis
541 113 586 166 DE
606 113 634 168 S.
650 110 797 166 violent]
817 110 891 165 Ol'l'.
908 110 996 164 PARS
1016 110 1037 166 l.
1053 135 1086 151 ν·
1107 110 1312 170 EXEGETlle.
1329 146 1362 155 ·-
1377 118 1409 170 ll.
1428 116 1461 171 tlt
1482 113 1691 171 saturnali.
1844 120 1891 174 tii!
1915 124 1916 177 l

171 221 286 315 'duplex
300 242 344 297 est
359 244 468 297 saneta
485 236 730 295 manifestationis
746 236 875 292 modost
893 259 905 286 ιι
920 239 1002 292 Nunc
1020 231 1042 286 Α
1059 236 1087 288 ct
1101 234 1292 293 subsistentia
1309 237 1411 295 omnia
1429 237 1588 294 subsistere
1602 238 1683 303 facit,
1704 237 1735 294 ιιι
1753 255 1792 293 co
1815 240 1892 311 qaod
1914 210 1916 288 l

175 329 298 389 tandem
312 329 351 387 ad
359 327 558 402 questionem
573 325 710 398 superius
718 325 867 397 olrjectmn
882 340 1005 396 respon·
1058 321 1139 379 illam
1162 325 1321 383 essentiam
1337 327 1489 400 appellant
1512 328 1667 400 cumipse
1684 331 1793 384 tamen
1808 345 1891 401 snprs

174 420 233 487 dot,
250 420 280 477 in
294 434 356 491 qua
370 415 577 473 continebatur
590 414 681 471 sacris
697 420 725 470 et
738 413 843 470 divinis
859 429 919 470 non
936 428 1004 469 con·
1058 430 1179 470 ornnem
1200 416 1357 482 rationem,
1373 421 1402 472 ef
1415 417 1606 484 intellectum,
1630 421 1660 473 et
1684 414 1891 472 essentiamia

174 509 326 569 venienter
339 506 369 563 in
383 521 468 562 sacro
486 504 605 578 eloquio
617 504 688 560 viles
704 509 732 561 et
747 504 878 574 atijecfas
894 501 1004 562 forma-
1058 519 1113 558 sua
1135 505 1289 574 majestate
1315 523 1370 561 nee
1395 505 1594 575 intelligibilis,
1613 522 1671 561 nec
1697 504 1891 578 comprobem

175 599 268 654 tiones
294 595 416 668 apponi,
447 594 565 653 dicens:
595 618 607 644 ιι
636 593 664 653 Si
690 594 767 666 qais,
796 591 1005 650 existimaverit
1059 591 1151 648 sibilis
1167 609 1259 665 supra
1270 595 1372 651 onrnia
1384 595 1573 652 subsistentia
1586 594 1744 652 subsistat.

174 699 281 743 causas
291 684 498 758 descriptionis
521 684 689 755 imaginum
704 683 865 751 deformes,
888 682 1005 740 »idest
1095 681 1250 755 Sequitur:
1276 708 1289 734 ιι
1321 688 1353 743 Et
1379 684 1467 757 quasi
1480 685 1582 741 firman
1605 701 1677 742 eum
1699 683 1890 760 immanuel

175 771 199 829 si
210 772 280 849 quis
293 773 505 832 existimaverit
516 773 675 840 deformes,
692 772 722 829 id
743 776 785 831 est
796 770 1004 827 inconvenien-
1057 769 1150 827 vitam
1172 776 1288 829 vocant.
1316 796 1330 823 ιι
1350 773 1512 831 Colendum
1540 774 1648 830 seilicet
1675 773 1888 831 beatitudinem

173 865 217 922 tos
239 879 303 922 esso
337 879 444 922 causas
479 862 667 920 describendi
696 861 852 930 imagines,
890 860 1002 927 (licens,
1058 859 1191 930 mysticae
1207 861 1389 931 traditiones,
1414 879 1483 919 oum
1503 862 1889 935 tamenipsasuperomne

173 951 365 1012 inhonestum
392 970 456 1010 esse
470 953 581 1020 referri,
607 952 638 1009 id
653 955 696 1008 εει
723 950 818 1023 aptari
840 950 881 1005 sio
903 954 1004 1022 turpes
1057 947 1160 1005 tuanen
1175 951 1211 1007 sit
1224 950 1325 1009 lumen
1339 956 1368 1009 ef
1382 968 1471 1024 super
1484 968 1606 1009 ornnem
1619 952 1715 1009 vitam
1730 952 1794 1008 vita
1805 951 1889 1011 subd

174 1041 366 1101 formationes
386 1041 581 1099 deiformibus
602 1046 631 1098 ει
658 1039 853 1097 sanctissimis
879 1038 1004 1110 disposi-
1058 1041 1124 1094 stat.
1139 1041 1192 1096 Tot
1205 1056 1286 1110 ergo,
1303 1057 1337 1097 ac
1352 1041 1441 1098 tantis
1462 1040 1560 1099 modis
1575 1058 1662 1098 sacra
1683 1041 1812 1113 eloquia
1825 1041 1888 1098 divi

174 1129 315 1198 tionibus,
346 1129 376 1187 id
403 1135 447 1188 est
475 1129 639 1188 ordinibus.
666 1128 695 1186 Si
718 1127 785 1199 quis
808 1127 943 1199 inquam,
964 1126 1005 1184 ita
1057 1144 1129 1185 uam
1156 1130 1344 1201 majestatem
1359 1130 1390 1188 in
1411 1131 1587 1202 figmatione
1614 1131 1763 1189 formant.
1797 1155 1811 1181 ιι
1827 1132 1888 1204 ipsis

175 1218 487 1287 existimaverimus
512 1217 633 1275 dixerit:
651 1240 664 1267 ιι
679 1216 722 1272 sd
738 1232 808 1274 oum
834 1214 942 1272 sufficit
962 1215 1005 1271 di·
1059 1217 1147 1275 mutis
1165 1218 1352 1277 mirabilibus
1375 1219 1602 1277 formationibus
1624 1220 1813 1278 castioribus
1835 1237 1887 1279 rue·

175 1324 240 1367 cero
253 1309 408 1381 quomodo
432 1308 544 1381 duplex
557 1312 600 1364 est
630 1310 739 1363 sanctie
758 1305 1005 1362 manifestationis
1058 1306 1206 1374 uentibus,
1221 1323 1316 1380 quam
1331 1313 1453 1375 caeterae,
1469 1310 1728 1382 quaeincongruro
1745 1309 1885 1375 videntur,

174 1398 302 1458 medus:
321 1423 335 1451 ιι
360 1398 392 1454 id
406 1403 451 1456 est
463 1397 670 1455 existimationi
683 1401 710 1453 et
732 1394 912 1469 oppositioni
929 1396 952 1466 ej
959 1413 1005 1452 us·
1058 1394 1086 1447 ct
1099 1392 1239 1463 indignae,
1251 1399 1280 1451 ct
1291 1395 1363 1469 ipsis
1390 1397 1477 1456 lautis
1493 1397 1685 1455 mirabilibus
1711 1397 1885 1457 formationi

174 1486 259 1547 modi
281 1487 462 1545 sufficienter
476 1487 674 1560 respondetur
688 1486 718 1543 iu
733 1501 779 1551 ec,
798 1484 881 1557 quod
895 1489 1003 1542 sanctis
1056 1480 1114 1536 bus
1130 1482 1265 1555 probatis
1286 1487 1515 1559 quoquomodo
1530 1487 1676 1544 excellere
1690 1492 1820 1546 caeteras
1835 1504 1885 1544 ma·

174 1576 431 1646 manifestationis,
456 1594 525 1650 qme
551 1576 584 1633 fit
612 1592 666 1648 per
693 1573 868 1647 Scripturas,
892 1572 1039 1654 dupleajfl
1059 1571 1173 1628 feriales
1195 1573 1396 1634 formationes.
1422 1600 1436 1626 ιι
1451 1581 1491 1639 tle
1511 1577 1535 1633 si
1547 1577 1679 1635 diceret:
1697 1578 1885 1642 Quamv’isad

174 1667 284 1726 modus
297 1684 362 1726 esse
377 1667 551 1724 ostenditur.
568 1690 581 1716 ιι
599 1669 680 1722 Unus
700 1663 823 1737 quidem
837 1661 923 1737 quasi
934 1677 1003 1717 con·
1056 1659 1138 1719 illam
1153 1663 1357 1723 excellentiam
1366 1666 1463 1723 omnis
1477 1667 1626 1734 formatio,
1636 1667 1684 1725 vel
1696 1674 1885 1740 repraesenta·

176 1773 315 1830 sequens,
341 1780 354 1809 ιι
379 1757 468 1815 idest
488 1755 669 1815 conveniens
691 1758 720 1810 ot
744 1752 862 1808 decens.
887 1750 916 1807 in
941 1767 1002 1823 quo
1057 1754 1097 1808 tio
1109 1752 1230 1811 inferior
1243 1755 1422 1825 inveniatur,
1452 1757 1491 1814 ad
1506 1758 1774 1831 comparationem
1795 1763 1885 1816 ιειιιιι

174 1846 261 1916 signa
270 1845 419 1918 signatam
427 1847 581 1904 veritatem
589 1838 1002 1918 perconsimilompropriefa·
1057 1841 1183 1898 aliarum
1198 1843 1413 1903 formationum
1435 1850 1496 1904 tam
1511 1846 1633 1919 pulcrae,
1649 1851 1681 1905 et
1697 1851 1763 1905 taur
1779 1848 1883 1906 deeora

174 1939 234 1994 tem
245 1940 424 2009 sequantur:
440 1938 561 2008 propter
572 1933 683 1991 similes
693 1931 838 1999 bnagines
848 1943 1002 1985 sacrarum
1056 1930 1249 1989 formationes
1264 1935 1407 1992 excellere
1427 1936 1603 2008 probautm·.
1621 1939 1700 1993 Cum
1716 1937 1835 1994 scilicet
1852 1938 1885 1994 di

173 2023 341 2094 figurarum
353 2023 604 2090 convenientium,
620 2022 650 2078 id
665 2026 709 2078 est
720 2016 947 2093 procedentium
962 2016 1000 2074 ad
1058 2018 1187 2078 vinitatis
1201 2028 1318 2091 natura,
1335 2024 1420 2092 ratio,
1437 2030 1466 2082 et
1487 2025 1660 2091 intellectus,
1677 2031 1708 2084 et
1720 2027 1854 2084 essentia
1864 2031 1885 2084 ef

173 2111 344 2171 faciendam
357 2111 638 2179 manifestationem,
655 2110 702 2165 vel
717 2105 955 2182 provenientium
971 2104 1001 2160 id
1055 2107 1167 2179 lumen,
1184 2115 1212 2166 et
1232 2110 1292 2168 vita
1305 2112 1487 2180 nominatur,
1506 2113 1644 2187 quamvis
1663 2117 1696 2170 et
1710 2115 1744 2171 in
1758 2115 1810 2172 his
1821 2132 1885 2188 quo

175 2204 218 2260 est
232 2204 371 2274 aptarum
398 2200 688 2274 etfroncordantinm
712 2215 782 2254 cum
807 2213 852 2264 oo,
867 2194 951 2267 quod
965 2194 1002 2251 si·
1055 2213 1114 2270 que
1127 2199 1356 2257 formationibus
1368 2201 1408 2260 ad
1418 2202 1599 2259 ineffabilem
1623 2205 1788 2261 veritatem
1800 2205 1886 2277 expri-

174 2289 326 2360 gnificant.
356 2315 369 2342 ιι
385 2291 464 2349 ltlter
478 2308 547 2349 vero
570 2291 680 2348 modus
699 2293 742 2345 est
756 2283 1000 2343 conformatusin
1054 2287 1886 2351 mendarnsimilitudoinmanifestationedeticiat.Undc

174 2379 308 2448 omnino,
336 2380 567 2454 inconsequens,
585 2402 598 2431 ιι
612 2380 642 2436 id
663 2383 708 2435 est
724 2378 903 2447 eiserepans
915 2377 944 2429 et
957 2371 1000 2427 in·
1056 2377 1110 2433 ait:
1126 2400 1139 2425 ιι
1157 2378 1376 2448 Deficientibus,
1393 2386 1421 2437 ei
1449 2384 1489 2439 sic
1503 2381 1607 2440 diviua
1626 2382 1665 2437 ad
1682 2385 1848 2440 veritatem
1858 2385 1887 2440 si·

173 2471 364 2537 convoniens,
389 2473 418 2526 et
437 2469 623 2535 indecorum,
646 2471 805 2541 propterea
822 2463 905 2537 quod
927 2461 999 2534 ipsa
1054 2466 1229 2524 militudiue.
1249 2492 1262 2518 ιι
1277 2471 1348 2541 ιρειε
1372 2469 1504 2528 videlicet
1530 2470 1799 2530 excellentioribus
1817 2473 1887 2532 simi·

171 2557 276 2630 figmae
299 2559 407 2631 etipsa
423 2558 508 2629 signa
529 2555 749 2614 manifestantia
763 2553 915 2610 veritatem
937 2565 1000 2609 non
1054 2555 1229 2613 titudinibus
1243 2562 1333 2616 etiam
1349 2560 1390 2616 sie
1409 2560 1625 2629 deficientibus,
1639 2560 1670 2618 id
1695 2566 1745 2619 est
1758 2564 1851 2621 etiam
1863 2565 1886 2619 ιι

172 2635 270 2706 dicere
284 2646 451 2704 videantur·
472 2649 533 2705 noe
547 2650 600 2714 est,
615 2645 697 2718 quoa
712 2645 796 2701 ste«
810 2639 999 2714 eropus-ars·
1054 2647 1137 2703 tanta
1159 2646 1332 2706 exsertantia
1355 2648 1562 2708 deficientibus
1584 2666 1602 2705 a
1624 2649 1732 2709 divina
1754 2652 1886 2711 simiaru-

173 2734 286 2793 simitcs
300 2735 467 2794 formarum
480 2736 621 2794 facturas.
640 2759 653 2786 ιι
1054 2732 1132 2801 allae,
1143 2734 1349 2794 deficientibus
1364 2737 1474 2796 scilieet
1488 2738 1527 2796 ad
1537 2739 1691 2799 veritatem
1709 2741 1887 2799 subauditur

209 2823 364 2898 Sequitur:
395 2848 409 2877 ιι
430 2829 531 2898 ltaque
560 2823 718 2880 colendam
744 2816 998 2894 superessentialis
1054 2824 1291 2895 exprimendam.
1305 2828 1399 2885 Omne
1414 2828 1503 2896 enirn,
1519 2828 1602 2900 quod
1617 2829 1666 2887 hic
1681 2831 1715 2887 in
1731 2832 1823 2901 siguo
1836 2837 1886 2899 eet,

172 2911 332 2972 divimtatis
345 2913 560 2973 beatitudinem
571 2910 857 2969 manifestativorum
867 2905 999 2979 eloquio·
1015 2938 1035 2995 ρ
1054 2911 1154 2967 rninus
1179 2917 1224 2970 est
1244 2930 1338 2987 quarn
1353 2917 1436 2989 quod
1460 2916 1517 2974 illio
1540 2917 1572 2974 ln
1599 2918 1724 2976 veritate
1739 2924 1797 2980 εει.
1812 2942 1828 2971 ιι
1842 2923 1887 2979 fst

171 3020 240 3061 rum
267 3004 401 3077 mysticis
421 3002 602 3069 traditiones,
628 2999 790 3073 aliquando
816 2996 941 3071 quidem
968 2999 1000 3052 ut
1054 3000 1160 3070 enim,«
1176 3003 1286 3061 scilicet
1295 3004 1397 3062 divina
1410 3009 1547 3073 aalma.»
1566 3021 1657 3078 super
1668 3023 1783 3067 onmes
1793 3025 1884 3069 essen·

171 3093 328 3163 rationem,
357 3099 386 3151 ει
408 3092 597 3160 ιιιιειιεειιιιιι,
621 3095 650 3148 ει
678 3093 837 3148 essentiam
864 3086 997 3152 laudaut,
1055 3090 1882 3168 tiam,etvitamnufloquidemlumtneehmcsfflmq,

172 3185 304 3244 divinam
326 3182 534 3251 rationalitem,
558 3186 586 3239 et
613 3182 790 3255 sapientiam
814 3179 878 3250 ejus
902 3175 998 3232 deela-
1053 3180 1084 3236 id
1099 3182 1313 3254 estfigarantc,
1339 3185 1385 3241 vel
1399 3186 1598 3258 exprimente:
1625 3189 1716 3245 etesi
1741 3189 1882 3247 excellens

171 3279 403 3344 rantes,otve1·e
418 3274 591 3331 existentem
606 3270 839 3336 subsistentiam,
851 3273 880 3325 et
894 3281 998 3324 eorum
1053 3270 1134 3326 οιιιιιι
1143 3274 1268 3340 ιειιειιε,
1278 3278 1307 3329 ει
1321 3274 1882 3347 intellectuineomparubiliterderelie

170 3382 239 3439 quse
267 3362 556 3431 suntsubsistentioe,
588 3377 712 3418 cansam
736 3376 848 3416 veram.
874 3381 886 3406 ιι
916 3360 955 3411 ,ιε
975 3352 998 3409 ει
1053 3360 1088 3413 tis
1101 3364 1273 3430 retrorsum,
1286 3363 1825 3440 siveinferiusasimiltudinoipsius.
1834 3369 1882 3425 tin·

171 3455 298 3511 diceret:
330 3454 404 3520 Quia
419 3452 530 3526 duplex
558 3456 603 3509 est
623 3450 733 3507 modus
752 3445 999 3505 manifestationis
1052 3447 1226 3522 deapparet
1245 3453 1267 3506 si
1279 3453 1343 3523 ejus
1366 3453 1528 3511 similitudo
1550 3453 1663 3511 ratione
1684 3459 1718 3512 et
1738 3456 1883 3514 intellectu

171 3540 299 3599 iussero
314 3542 450 3615 eloquio:
474 3543 548 3600 alter
561 3540 698 3599 videlieet
709 3554 762 3611 ρει
783 3537 997 3605 similiasigua,
1053 3539 1135 3593 tanto
1159 3541 1295 3612 superior
1324 3541 1478 3614 estquod
1497 3540 1537 3598 od
1564 3541 1629 3612 ejns
1651 3542 1879 3603 similitudinem

171 3629 245 3690 alter
258 3646 312 3702 per
324 3632 479 3691 dissimilia
504 3632 590 3701 signs
605 3630 759 3687 formatus.
786 3631 887 3698 ltaque
909 3625 999 3684 etiarn
1053 3627 1235 3698 aequandam
1261 3644 1315 3685 neo
1353 3631 1495 3699 ratio,nee
1527 3629 1694 3690 intellectas
1724 3632 1880 3691 incendere

170 3722 280 3782 divinae
307 3725 421 3781 naturae
455 3713 642 3791 majestatem
670 3719 735 3790 ipsa
764 3731 848 3772 sacra
880 3714 1000 3788 eloquia
1052 3718 1157 3786 potest.

171 3814 335 3889 aliquando
356 3809 545 3886 persimiles,
571 3807 734 3880 aliquando
761 3822 815 3880 per
839 3804 999 3863 dissimiles
1089 3804 1235 3876 Sequitur:
1250 3829 1264 3854 ιι
1281 3806 1450 3879 Aliquando
1464 3825 1534 3866 vero
1547 3809 1748 3869 dissimilibus
1761 3810 1879 3871 manile

170 3903 363 3960 formationes
376 3899 598 3970 repraesentant.
615 3898 667 3950 Per
688 3894 799 3951 similes
811 3895 935 3968 quidem
949 3894 1000 3952 ali·
1053 3889 1276 3949 stationibusab
1288 3894 1360 3966 ipsis
1372 3894 1500 3970 eloquiis
1509 3912 1599 3971 super
1608 3898 1768 3958 mundane
1783 3899 1878 3957 beds-

170 3989 295 4063 quando
325 4002 343 4042 a
368 3982 575 4056 corporalibus
601 3988 747 4057 sumptas,
772 3984 935 4057 aliquando
959 3986 998 4043 ab
1052 3981 1109 4047 tur,
1126 3994 1195 4038 cam
1209 3981 1400 4053 invisibium,
1411 3991 1440 4043 ot
1452 3985 1601 4045 infinitam
1611 3991 1639 4044 et
1653 3987 1875 4063 incomprehea

54 4147 61 4155 q
169 4073 417 4147 incorporalibus.
445 4075 469 4128 a
497 4071 711 4145 samosateus,
739 4073 815 4130 siout
842 4089 911 4131 cum
931 4089 998 4131 som
1052 4066 1368 4142 stauemsocanaous,
1380 4078 1409 4131 et
1420 4090 1500 4148 qus,
1512 4091 1548 4133 ex
1564 4074 1749 4149 quousnon
1757 4078 1829 4152 quio
1837 4079 1874 4135 so

170 4166 317 4224 rationem
327 4168 356 4223 ει
370 4161 568 4220 intellectum:
588 4179 606 4218 a
620 4163 837 4236 corporalibus,
853 4165 998 4237 quemad·
1053 4158 1104 4214 sed
1120 4161 1173 4233 qui
1186 4177 1248 4220 nou
1263 4166 1316 4230 εει,
1331 4164 1543 4234 significatur.»
1559 4169 1601 4224 Ac
1615 4166 1639 4223 si
1653 4166 1748 4227 dieat:
1764 4171 1827 4227 Non
1836 4181 1874 4224 so

170 4255 297 4314 modum
311 4270 380 4312 cum
391 4269 458 4310 eam
470 4251 572 4309 lumen
592 4255 621 4308 ct
635 4253 814 4326 sponderem
829 4257 995 4324 nominant,
1052 4247 1115 4304 lum
1128 4250 1274 4309 similibus
1290 4257 1319 4313 et
1339 4253 1551 4313 excellentibus
1576 4256 1872 4323 manifestationibus

169 4351 198 4405 et
222 4348 328 4403 catera
342 4359 410 4417 quas
429 4342 506 4399 fiunt
519 4341 559 4402 ad
573 4342 654 4398 hune
667 4344 801 4401 modum.
827 4346 996 4419 Aliquando
1011 4319 1034 4374 ⁰
1052 4339 1141 4410 auus
1149 4338 1187 4397 ad
1195 4340 1260 4412 ejus
1268 4341 1430 4414 imaginem
1440 4343 1650 4403 accedentibus
1661 4346 1872 4405 manifestares

170 4440 271 4494 autem
285 4450 339 4508 ρει
363 4431 521 4489 dissimiles
542 4430 735 4488 formationes
757 4433 889 4494 similiter
904 4439 943 4495 ab
954 4441 998 4499 in.
1051 4427 1663 4502 sodaliquaudoetiemmanifestationibus
1671 4435 1874 4501 dissimilibus,

170 4522 385 4599 corporalibus,
400 4520 447 4577 vel
461 4536 479 4577 a
494 4519 700 4593 corporalibus
714 4528 849 4596 sumptas
863 4527 997 4589 divinam
1050 4521 1079 4576 et
1093 4517 1132 4575 ab
1147 4520 1240 4592 lPSlffi
1254 4527 1361 4580 natura
1375 4524 1593 4596 Perflssllfllssssb
1608 4523 1738 4598 ⁰10qull⁵
1754 4548 1771 4579 s
1781 4539 1875 4599 ΝΜ

169 4617 308 4670 naturam
321 4608 520 4666 manifestant.
546 4608 590 4664 fh
604 4608 842 4684 incorporalibus
860 4617 994 4690 quidem,
1049 4609 1214 4677 mundane,
1232 4633 1246 4661 ιι
1260 4611 1291 4669 id
1303 4616 1348 4669 est
1359 4614 1484 4683 mystice
1496 4618 1526 4671 et
1539 4613 1782 4688 spirituatiter,et
1793 4629 1877 4688 super

169 4704 284 4755 utcum
297 4697 420 4764 cifram,
437 4696 533 4752 selum
555 4697 760 4769 ριιιιιιειιιιειιι
780 4705 996 4779 attribuunt;a
1049 4699 1140 4772 huius
1158 4700 1266 4758 mundi
1285 4700 1577 4775 Specieffllssudllssr·
1592 4704 1722 4769 Quando
1735 4706 1878 4778 mimir&

169 4784 374 4859 corporalibus
388 4800 469 4852 vcro,
490 4786 613 4857 quando
627 4786 666 4842 illi
682 4787 803 4860 formas,
820 4794 868 4849 vol
882 4796 995 4867 figuras
1049 4789 1468 4864 pulchrasformaslaudafur,
1479 4792 1645 4850 seeundum
1661 4795 1782 4867 speeies
1791 4795 1877 4868 hujus

168 4873 342 4943 bestiarum,
366 4871 413 4928 vel
435 4873 560 4929 aliarum
587 4878 788 4948 quarumlibet
806 4898 906 4940 rernm
932 4903 995 4945 eor·
1049 4879 1314 4950 mundilaudatur,
1328 4881 1359 4939 id
1380 4887 1426 4940 ost
1438 4883 1546 4941 dicitm·
1566 4883 1737 4941 secundum
1756 4883 1877 4959 aliquid,

168 4962 317 5038 poralium
332 4959 362 5016 in
378 4958 592 5032 significatione
602 4972 769 5038 apponunt.
781 4973 841 5027 floc
856 4976 900 5029 est
911 4991 993 5048 ergo,
1047 4971 1131 5043 quod
1146 4975 1189 5028 est
1201 4971 1301 5045 ipsum
1313 4986 1367 5045 per
1390 4971 1474 5047 quod
1494 4973 1644 5031 laudatur.
1667 4975 1800 5041 Ouarada
1812 4989 1879 5032 vero

168 5051 251 5126 qnod
265 5049 353 5107 dicit:
371 5072 385 5101 ιι
402 5053 502 5123 ltaque
515 5051 649 5124 mystice
659 5056 832 5115 traditiones
855 5064 994 5122 maniles
1048 5076 1103 5133 per
1112 5060 1271 5119 dissimiles
1283 5067 1311 5120 et
1321 5078 1378 5119 ase
1390 5061 1503 5121 alfenm
1516 5062 1708 5121 formationes
1724 5063 1878 5129 laudatve,

166 5144 328 5200 tetivorum
352 5139 540 5214 eloquiorum
554 5139 679 5199 laudant
698 5146 855 5205 colendam
870 5149 994 5210 beatifu·
1048 5151 1293 5224 supermundane
1306 5150 1461 5221 laudatur;
1473 5153 1628 5226 quoniam,
1645 5168 1701 5210 nec
1716 5152 1802 5211 idem
1817 5169 1880 5211 esse

168 5232 269 5289 dinem
303 5229 556 5302 superessentialis
594 5230 786 5303 divinitatis3
830 5237 993 5311 aliquando
1039 5241 1223 5308 ‹lieitrmnee
1238 5242 1404 5298 seeundum
1419 5242 1772 5316 ld,sedsupraidjtotum
1787 5243 1879 5310 aliud,

166 5321 290 5391 quidem
303 5324 336 5375 ut
351 5320 506 5382 rationem,
522 5324 551 5375 et
565 5319 753 5385 intellectum,
780 5330 808 5381 et
822 5330 991 5397 essentiam,
1047 5348 1101 5403 ρει
1114 5333 1196 5404 qrrod
1208 5333 1355 5389 landatur.
1373 5333 1529 5406 Peripteros
1544 5351 1616 5402 ειιιε
1631 5337 1880 5407 supermundane

59 5460 62 5466 .
167 5407 353 5465 declarantes
367 5409 499 5466 divinam
516 5409 738 5468 subsistentiam
760 5415 825 5485 ejus
846 5434 912 5473 vere
936 5422 994 5477 exi·
1047 5421 1186 5476 laudatur
1200 5422 1239 5477 ab
1252 5423 1322 5495 ipsis
1337 5423 1464 5495 eloquiis
1478 5423 1709 5481 formationibus
1730 5425 1881 5483 dissimili·

167 5497 304 5563 sanum,
320 5502 349 5554 ot
370 5516 469 5557 veram
493 5515 616 5557 eausam
639 5502 835 5562 subsistentiae
857 5509 993 5568 omnium
1047 5511 1249 5585 busiitoqntis
1261 5513 1328 5568 <lieo
1344 5515 1402 5570 sive
1419 5515 1490 5587 tpsis
1501 5515 1731 5572 formationibus
1748 5519 1879 5576 vocanti·

167 5597 352 5658 ⁸0¹·mn‚quae
363 5594 441 5657 suut;
458 5612 473 5640 »
488 5590 632 5661 quoniam
647 5596 675 5648 et
688 5593 718 5649 in
729 5612 760 5653 se
772 5612 840 5654 vers
850 5598 991 5671 subsistit,
1048 5601 1106 5660 bus
1116 5619 1193 5673 carn,
1210 5603 1344 5663 divinam
1357 5605 1625 5675 scilieotnaturam,
1639 5606 1837 5677 invisibilem,
1853 5612 1882 5666 et
