3832 6044
184 126 235 178 723
499 116 651 173 hattonis
670 115 715 169 DE
736 116 764 170 S.
786 112 937 170 VICTOHH
957 110 1032 165 OPP.
1053 109 1141 165 PARS
1162 110 1181 164 l.
1209 138 1243 148 -
1265 107 1458 164 sxaunrlcn
1480 106 1596 161 DUBIA.
1845 105 1894 159 ‘trs

184 245 289 303 merito
297 241 498 314 increpatione
506 240 608 297 divina
616 235 1047 309 arguunturonidestcnimh
1064 249 1131 291 suos
1150 233 1255 305 eregit,
1271 234 1494 302 romanaerium
1514 245 1604 302 quam
1625 243 1728 286 aarum
1749 229 1786 285 de
1796 227 1897 298 popli

185 334 279 391 tribus
293 332 407 389 vicibus
422 334 531 387 terram
539 329 640 400 jacrdo
655 328 877 402 pe1·cuicro,nisi
891 325 1011 383 Trinita-
1066 327 1166 390 temne,
1180 327 1213 379 ut
1238 323 1385 381 Pharaoni
1408 322 1544 392 afferetur
1557 321 1584 388 (l
1590 320 1611 374 V
1623 321 1687 390 lieu.
1703 321 1821 384 xxxnr).
1845 318 1897 373 lla·

184 423 220 481 tis
235 422 327 478 fidem
341 418 511 476 carnalibus
525 417 699 474 insinuare?
717 418 774 476 Sed
789 434 858 473 cum
874 417 930 472 hoc
942 415 1011 469 dcc·
1064 412 1164 482 lignus
1178 412 1298 484 spiritus
1319 427 1449 484 pensum
1465 409 1523 465 sibi
1538 409 1647 465 servitii
1662 409 1707 464 sui
1730 407 1763 463 in
1787 406 1897 480 populo

184 517 230 570 tor
243 511 340 568 effecit
352 510 549 582 hominesque
564 508 603 565 ad
617 507 710 565 fidem
727 508 875 581 perduxit,
890 520 1011 562 necesse
1066 501 1304 574 carnaliexpetit,
1317 505 1350 579 pt
1364 505 1426 556 tam
1442 515 1532 555 sensu
1541 497 1763 571 quameloquio
1774 496 1897 569 ejusprr

183 606 227 658 est
241 604 274 657 ut
285 601 385 657 adhuc
399 598 488 656 instet
504 598 608 668 verbo,
619 599 715 655 donee
730 599 796 655 illos
811 599 916 655 doceat
925 595 1011 669 quin·
1066 589 1167 646 omnia
1195 590 1292 662 parati
1315 589 1373 646 sint
1399 587 1556 661 obsequio.
1583 586 1719 644 Joachim
1749 590 1897 660 praeapte

182 706 242 765 que
263 688 401 746 sensibus
424 688 559 762 corporis
585 688 647 761 (qui
668 704 721 761 per
742 687 915 761 quinarium
935 684 1011 741 desi·
1067 679 1229 735 Pharaonis
1252 694 1377 734 censum
1401 675 1501 747 exigit,
1515 677 1588 750 qnia
1615 676 1754 733 diabolus
1775 675 1896 750 persibi

182 778 321 846 guantur)
346 775 504 847 imperare,
529 774 677 847 bonisque
693 775 834 847 operibns
858 781 937 847 (qma
958 789 1012 846 per
1067 766 1183 823 deditos
1197 766 1356 835 magistros
1371 765 1410 820 ab
1425 780 1610 838 unoquoque
1626 763 1716 834 exigit
1730 763 1896 821 seeundum

182 862 335 920 senarium
350 880 512 920 numerum
527 864 745 935 exprimuntur)
758 863 1013 934 strnliunrimpen-
1066 856 1142 911 vires
1171 872 1241 912 siras
1263 855 1377 928 peccati
1402 871 1526 911 censum
1555 853 1612 909 sibi
1639 853 1763 922 solvere,
1797 853 1895 926 sicque

182 951 263 1019 dere,
293 967 349 1008 nec
377 968 439 1008 non
452 956 481 1008 et
496 951 650 1009 scientiam
666 952 852 1025 spiritualem
868 951 1012 1007 instanter
1067 945 1098 1000 in
1112 946 1248 1018 nequiter
1259 945 1400 1019 praelatis,
1421 948 1572 1018 preparat
1591 943 1735 1016 quotidie,
1759 942 1896 1017 perditio

182 1039 328 1108 meditari,
344 1056 437 1113 quam
462 1040 640 1113 septiformis
664 1041 758 1111 gratia
774 1041 897 1113 Spiritus
919 1039 1013 1096 sancti
1068 1049 1138 1089 nem
1152 1034 1303 1105 subjectis.

182 1128 213 1184 in
225 1128 382 1202 seripturis
398 1130 488 1186 sacris
499 1130 691 1197 constituitet
703 1131 742 1186 ad
757 1132 881 1187 humani
896 1129 1012 1200 generis
1119 1126 1185 1180 Car.
1202 1125 1310 1179 llllh'lll.
1328 1126 1366 1178 De
1378 1123 1481 1195 prima
1496 1122 1642 1180 obsidione
1656 1120 1844 1178 HierusaIrm.

181 1219 308 1276 salutem
321 1220 441 1289 gemino
456 1222 642 1277 Testamenta
657 1221 758 1277 edidit.
781 1221 834 1284 Qui
850 1226 950 1277 antam
965 1237 1011 1276 so·
1108 1214 1185 1270 Venit
1208 1213 1466 1270 Hahuelmdouosor
1481 1219 1515 1269 ut
1540 1212 1647 1268 ohnret
1663 1210 1854 1278 Hierusalem,
1872 1217 1894 1266 et

181 1307 243 1363 lam
257 1307 349 1363 fidem
363 1309 426 1363 sinc
450 1309 592 1380 operibus
607 1309 704 1379 bonis,
722 1315 750 1365 et
770 1310 961 1365 meditatione
973 1309 1014 1364 le·
1066 1303 1184 1373 “licerii
1195 1302 1326 1358 J0⁰⁶i⁸im
1338 1303 1393 1359 iili
1404 1302 1510 1358 Obviam
1527 1301 1694 1369 vmimlssms
1708 1305 1734 1358 ei
1749 1302 1819 1358 tulit
1831 1317 1892 1358 ⁰⁰¹²

182 1394 227 1466 gis
252 1395 304 1452 Dei
324 1394 381 1451 sibi
408 1395 544 1453 sufficere
559 1397 684 1454 credunt
711 1399 751 1455 ad
775 1399 912 1466 salutem,
935 1403 1012 1455 reete
1067 1406 1157 1446 aurea
1171 1406 1235 1463 qua
1250 1391 1351 1463 (ararat
1363 1406 1416 1447 rra
1430 1391 1569 1448 Salaenos
1583 1392 1612 1446 in
1625 1391 1731 1462 templo
1740 1390 1892 1458 Borrama

182 1488 367 1554 arguuntur:
382 1500 453 1541 nam
468 1501 530 1542 non
542 1491 620 1544 reete
635 1493 738 1558 agunt,
747 1488 828 1561 quia,
843 1488 1011 1545 seeundum
1069 1480 1220 1537 transtulit
1241 1481 1500 1538 Nabuchodonosor
1513 1496 1605 1537 omnes
1613 1481 1778 1552 principes.
1791 1484 1817 1536 et
1837 1481 1854 1553 s
1881 1510 1891 1522 ·

180 1572 342 1632 iacobum:
362 1574 451 1632 aaa
463 1577 528 1632 roa
539 1577 805 1645 operransmorma
820 1583 861 1634 est
877 1580 953 1647 trae.
971 1581 1011 1646 ιι).
1033 1570 1544 1639 13res,amaneum-zoaran
1566 1570 1744 1626 Hierusalem
1755 1571 1784 1624 ir
1800 1569 1888 1634 aaa·

321 1666 389 1721 cir,
405 1666 501 1721 xxxv,
516 1666 560 1722 De
571 1669 757 1736 projectione
771 1668 878 1724 Ιςναρι,
1073 1659 1163 1716 ionem
1179 1661 1206 1726 (l
1210 1662 1230 1715 V
1245 1662 1403 1730 ltcaxmvi·
1417 1659 1510 1730 Hujus
1523 1663 1585 1716 tam
1600 1656 1747 1715 deflendae
1759 1657 1889 1722 minna,

216 1749 350 1817 Projecit
361 1749 507 1806 Dominus
519 1766 604 1808 omae
617 1765 715 1808 semen
735 1753 841 1819 lsrael,
854 1758 882 1808 et
899 1753 1013 1823 nstituit
1069 1749 1142 1823 quia
1170 1749 1299 1805 multum
1324 1748 1512 1819 negligentiae
1538 1747 1632 1805 nostri
1660 1747 1806 1820 temporis
1830 1763 1890 1803 con·

182 1853 239 1906 eos,
260 1843 289 1894 ct
311 1838 439 1895 tradidit
466 1855 513 1896 eos
537 1841 569 1896 io
592 1855 685 1897 manu
713 1843 791 1912 repis
817 1843 1012 1911 Assyriorum
1069 1838 1155 1908 gran,
1184 1853 1245 1894 non
1272 1837 1379 1910 opinor
1406 1837 1581 1908 allegoriam
1608 1853 1672 1893 esse
1704 1835 1889 1895 rehcendnm.

184 1926 424 1999 (IVItea.xr11).
451 1930 511 1985 Rex
526 1929 726 2002 Assyriorum,
752 1931 841 1987 idest
862 1931 1011 1999 diadolus,
1069 1930 1189 1985 Constat
1212 1942 1344 1999 namque
1368 1926 1452 2000 quod
1469 1925 1651 1982 Hierusalem
1666 1930 1696 1983 et
1720 1930 1799 1982 terra
1812 1924 1890 1983 lsrael

183 2031 253 2072 cum
274 2015 405 2073 exercitu
426 2033 481 2072 suo
506 2018 654 2091 populum
679 2018 912 2076 ecclesiasticum
936 2020 1013 2077 obsi-
1068 2014 1216 2071 civitatem
1252 2013 1380 2083 Christi;
1403 2014 1434 2069 id
1470 2018 1514 2070 est
1539 2019 1675 2071 sanctam
1713 2013 1889 2080 Ecclesiam

183 2104 283 2162 dendo
309 2109 338 2163 et
364 2104 549 2163 devastando
575 2107 708 2180 quotidie
737 2109 837 2177 afficit,
863 2126 932 2166 oum
961 2127 1012 2167 eos
1068 2103 1202 2176 Babylon
1227 2108 1329 2160 autem
1349 2108 1378 2159 et
1392 2103 1523 2161 Chuldaei
1544 2103 1605 2159 sive
1625 2102 1776 2172 Philistaei,
1802 2103 1891 2161 cirita·

182 2199 304 2268 propter
329 2199 453 2267 peccata
477 2196 639 2253 commissa
671 2197 709 2253 de
737 2198 864 2271 propriis
892 2197 1013 2254 sedibus
1068 2199 1129 2251 tem
1152 2192 1274 2260 diaboli,
1287 2193 1319 2248 id
1342 2197 1385 2248 est
1399 2208 1522 2248 omnem
1536 2192 1749 2264 malignorum,
1776 2192 1892 2250 archo

183 2284 332 2352 evellens;
356 2284 446 2342 idest
471 2302 509 2342 ne
532 2287 690 2344 virtutibus
705 2293 733 2344 et
759 2288 901 2361 operibus
925 2286 1013 2344 bonis
1068 2283 1196 2350 minum,
1221 2281 1281 2338 sive
1304 2282 1481 2353 angelorum
1504 2281 1728 2339 multitudinem
1751 2281 1892 2359 designet.

183 2372 365 2431 transierim
380 2376 490 2431 terram
504 2374 644 2444 alienam,
660 2376 813 2447 regionem
826 2376 935 2434 scilicet
956 2375 1014 2432 dis·
1070 2371 1223 2446 Serviique
1262 2369 1351 2427 lsrael
1375 2370 1528 2428 Philistaeis
1559 2370 1620 2428 sive
1644 2371 1804 2441 Chaldaeis,
1831 2386 1894 2429 cum

183 2461 384 2521 simiiitidinis.
1068 2461 1172 2518 fideles
1192 2460 1304 2535 quique
1328 2460 1451 2516 nomine
1476 2464 1562 2517 tenus
1585 2459 1617 2517 in
1636 2459 1768 2519 Ecclesia
1791 2463 1896 2519 censis

362 2550 429 2605 Car.
444 2551 553 2607 xxxvl.
570 2552 612 2608 De
624 2551 833 2609 samaritanis.
1069 2555 1173 2619 tentes,
1196 2554 1337 2607 cretemm
1354 2549 1393 2606 ab
1410 2548 1585 2617 immundis,
1601 2548 1648 2605 vel
1671 2549 1836 2622 spiritibus,
1854 2545 1896 2605 rel

219 2636 408 2693 Samaritani
421 2652 488 2693 cum
501 2639 662 2695 Dominam
677 2641 818 2709 coierent,
829 2641 886 2696 diis
900 2656 1014 2711 quoque
1068 2638 1241 2696 hominibus
1255 2639 1382 2712 decepti,
1402 2641 1454 2696 aut
1468 2637 1607 2707 avaritia,
1630 2643 1682 2697 aut
1695 2638 1834 2707 luxuria,
1849 2640 1899 2696 aut

185 2725 247 2780 suis
261 2723 429 2782 sariebant
444 2726 473 2793 (l
478 2727 502 2781 V
517 2728 588 2797 lieo.
609 2735 677 2796 xvir)
702 2727 749 2784 isti
771 2727 941 2800 significant
953 2729 1012 2783 hre—
1069 2729 1153 2787 alteri
1175 2728 1295 2786 cuilibet
1317 2732 1441 2801 peceato
1466 2727 1575 2785 mentis
1602 2727 1679 2784 colla
1708 2727 1897 2785 submittunt.

184 2811 299 2882 reticos,
315 2812 368 2886 qui
382 2813 495 2870 habent
507 2815 649 2888 quadam
673 2822 861 2874 sacramenta
878 2833 1014 2873 commu·
1068 2817 1197 2874 adducit
1220 2821 1320 2874 autem
1342 2817 1620 2875 Nabuchodonosor
1642 2832 1745 2887 regem
1764 2817 1899 2875 Hierusa-

183 2902 235 2960 nia
256 2919 326 2960 cum
347 2907 450 2961 sancta
472 2904 601 2961 Ecclesia
616 2909 644 2961 et
667 2907 816 2979 quasdam
841 2911 1012 2963 sanctarum
1034 2905 1128 2996 clem
1143 2910 1171 2962 et
1187 2905 1341 2962 universos
1365 2904 1516 2979 principes
1538 2903 1785 2962 iortescxereitus
1797 2902 1836 2960 ad
1851 2901 1900 2959 de·

185 2991 405 3066 Scriptururnm
427 2993 587 3050 sententias
600 2999 678 3051 recte
701 2995 885 3066 intelliguut;
905 2996 957 3052 sed
973 3001 1014 3053 ta·
1070 3009 1135 3051 cem
1150 2992 1283 3050 milliain
1299 2993 1510 3068 captivitatem,
1533 3011 1604 3052 cum
1618 2998 1646 3050 et
1657 2990 1804 3063 magistri,
1817 2995 1848 3048 et
1860 2987 1898 3047 illi

184 3097 254 3138 men
268 3081 462 3139 nihilominus
482 3081 569 3140 idolis
584 3099 719 3142 errorum
743 3101 878 3154 suorum,
900 3084 946 3142 vel
960 3085 1014 3142 im·
1069 3083 1122 3157 qui
1136 3084 1166 3140 in
1180 3082 1258 3140 virili
1272 3083 1374 3140 animo
1389 3084 1516 3140 Domino
1531 3083 1650 3151 semine,
1673 3086 1702 3140 et
1715 3079 1898 3151 Decalogum

184 3171 367 3229 mundorum
384 3171 541 3245 spirituum
556 3166 696 3230 serliunt.
708 3173 849 3230 Videntur
861 3175 942 3231 onim
957 3174 1013 3231 sibi
1068 3171 1143 3243 legis
1155 3171 1280 3229 fideliter
1293 3172 1325 3228 in
1339 3172 1392 3228 liei
1403 3177 1431 3228 ct
1446 3171 1575 3244 proximi
1597 3188 1699 3228 amore
1720 3183 1898 3234 conservare

183 3259 322 3318 timorem
336 3260 386 3317 Dei
407 3265 485 3318 reete
498 3261 655 3329 custodire,
681 3278 751 3319 cum
767 3265 933 3320 secundum
949 3281 1013 3320 sen·
1069 3260 1258 3326 videbantur,
1274 3259 1393 3315 subdito
1407 3259 1468 3315 sive
1483 3258 1764 3326 nterehrisymunut,
1780 3274 1835 3314 seu
1850 3255 1900 3325 sd:

184 3364 253 3404 sum
276 3364 366 3404 suum
386 3349 500 3406 veritati
528 3366 559 3406 se
586 3353 693 3422 putant
717 3350 826 3408 favero.
854 3353 911 3409 Scd
942 3353 1013 3426 quia
1068 3348 1257 3405 versitatibus
1272 3347 1397 3416 subacti,
1414 3351 1466 3404 aut
1481 3347 1647 3419 majoribus
1670 3363 1700 3403 sc
1715 3345 1898 3407 facinoribus

184 3435 336 3492 cathohcoe
357 3436 428 3494 fidei
451 3437 596 3495 unitatem
619 3445 763 3512 spernunt
786 3440 906 3508 habore,
928 3442 1012 3498 mali·
1069 3437 1216 3510 polluunt,
1244 3441 1295 3494 aut
1323 3440 1400 3493 certe
1426 3435 1563 3493 incidunt
1579 3436 1610 3492 in
1634 3436 1782 3493 heresim.
1809 3438 1899 3493 mma

185 3537 314 3591 gnarum
329 3523 488 3596 spirituum
503 3526 705 3583 voluntatibus
717 3529 857 3586 veraciter
872 3547 903 3586 se
918 3531 1013 3586 mani·
1067 3536 1148 3594 vero,
1163 3526 1275 3599 quibus
1296 3529 1401 3582 contra
1421 3524 1578 3581 diabolum
1592 3528 1795 3598 repugnantes
1813 3523 1900 3581 liber-

184 3607 293 3666 restant
325 3610 542 3684 obtemperare.
571 3617 605 3671 Et
633 3630 695 3671 non
723 3616 821 3672 solum
846 3618 1013 3676 inventores
1069 3617 1160 3670 tatem
1175 3630 1192 3670 a
1207 3616 1267 3670 Deo
1281 3613 1368 3670 nohis
1383 3613 1528 3670 donatam
1538 3613 1817 3687 defendimus,quae
1831 3606 1899 3671 suni

184 3696 292 3754 erroris
305 3698 404 3772 primi,
420 3716 497 3773 quos
511 3706 611 3773 patres
634 3704 889 3762 Samaritanorum
904 3708 1014 3778 signifi·
1069 3701 1137 3770 alia,
1148 3701 1206 3757 nisi
1220 3701 1340 3775 eloquia
1356 3702 1584 3775 seripturarum,
1596 3701 1747 3776 inquibus
1762 3705 1794 3759 et
1806 3701 1898 3776 ipsius

185 3791 263 3857 cant,
272 3787 330 3846 hoc
344 3789 466 3857 iaciunt,
476 3794 504 3846 et
514 3806 658 3864 sequaces
669 3809 773 3850 aarum
785 3806 873 3868 (quos
883 3797 1012 3854 liliorum
1070 3791 1187 3848 Domini
1209 3795 1238 3847 ei
1260 3796 1433 3848 sanctorum
1457 3792 1522 3863 ejus
1536 3792 1690 3865 exemplis,
1715 3807 1779 3865 quo
1796 3791 1896 3849 ordine

184 3878 306 3935 nomine
329 3884 358 3936 et
380 3883 525 3952 nepotum
549 3897 705 3955 expressos
726 3883 929 3955 intelligimus)
956 3888 1013 3944 hoc
1069 3880 1148 3936 bella
1179 3879 1318 3936 vitiorum
1357 3880 1488 3938 debeant
1512 3881 1657 3955 superari,
1692 3880 1759 3937 luce
1789 3879 1895 3938 clarius

185 3967 318 4024 similiter
331 3972 434 4039 agunt.
1069 3969 1222 4027 discimus.
1244 3970 1292 4027 His
1312 3970 1402 4026 armis
1425 3969 1554 4028 Chaldaei
1575 3968 1751 4028 filioslsrecl
1771 3969 1893 4044 privant.

303 4060 371 4116 Cur.
384 4060 483 4116 llltVll.
498 4061 542 4118 De
560 4062 653 4129 dosia,
668 4068 696 4120 et
705 4061 803 4133 pltare
815 4066 895 4135 quod
1070 4075 1140 4116 cum
1173 4058 1297 4130 maligni
1325 4058 1444 4133 spiritus
1474 4059 1576 4116 animo
1601 4059 1736 4116 fidelium
1761 4075 1782 4116 a
1806 4073 1893 4116 sacra

514 4146 685 4203 celebravit.
1069 4148 1143 4220 legis
1157 4148 1359 4219 meditatione,
1376 4149 1530 4207 sesannia
1542 4148 1585 4206 illi
1606 4149 1726 4220 negotia
1739 4146 1893 4206 inserendo

219 4232 316 4303 Hierit
338 4233 436 4291 dusios
464 4233 546 4291 idolo
576 4241 663 4293 terra
684 4242 711 4293 et
737 4253 836 4296 orienes
869 4242 1015 4299 irrrmrma-
1069 4239 1231 4306 retardant,
1254 4254 1292 4294 ne
1305 4238 1351 4294 vel
1378 4238 1434 4312 ipsi
1449 4254 1515 4311 ‚per
1540 4239 1631 4310 hujus
1659 4238 1806 4296 exertium
1828 4234 1894 4294 resi·

184 4321 251 4389 tias,
265 4327 293 4378 et
304 4321 464 4380 catenavit
490 4324 615 4381 Domino
634 4325 732 4394 pltare
756 4329 785 4393 (l
790 4329 815 4383 V
826 4331 896 4401 Rea.
919 4335 1012 4398 xxrn).
1029 4295 1051 4348 ὓ
1070 4329 1166 4386 standi
1202 4328 1346 4386 fiduciam
1382 4333 1511 4398 sumant,
1543 4329 1587 4386 vel
1618 4329 1693 4386 alios
1725 4329 1811 4398 forte,
1845 4324 1893 4401 qni

184 4409 270 4474 Quod
283 4408 378 4466 iosias
394 4411 494 4482 ejectis
507 4411 594 4469 idolis
610 4417 638 4469 ct
652 4413 793 4469 omnibns
806 4415 1013 4485 immunditiis,
1070 4417 1207 4475 nesciunt
1219 4417 1326 4489 legem,
1343 4419 1381 4474 ad
1402 4417 1596 4475 restitcndum
1616 4418 1693 4476 vitiis
1713 4416 1893 4475 exhortando

184 4496 309 4555 domino
328 4497 422 4571 phase
445 4499 611 4556 celebrasse
634 4499 750 4571 legitur,
780 4502 931 4559 moraliter
958 4520 1014 4560 rios
1070 4513 1122 4564 aut
1146 4507 1335 4580 corripiendo
1350 4507 1525 4564 accendant.
1541 4506 1658 4564 Tollunt
1676 4506 1778 4564 fabros
1801 4520 1893 4563 armo

184 4585 280 4654 docet,
295 4590 327 4643 ut
340 4586 473 4660 primum
495 4604 659 4661 purgemus
674 4592 783 4645 terram
810 4591 907 4647 cordis
922 4593 1015 4649 nostri
1070 4613 1149 4666 rum,
1166 4613 1310 4664 cameos,
1332 4596 1385 4670 qui
1408 4613 1493 4654 sacra
1512 4597 1632 4670 eloquia
1655 4602 1767 4654 norunt
1779 4595 1811 4653 in
1836 4601 1895 4654 tan·

184 4673 224 4730 ab
246 4673 387 4731 omnibus
406 4676 491 4746 vitiis,
514 4678 709 4734 emendemus
729 4683 813 4735 actus
833 4685 951 4738 nostros
974 4683 1014 4738 ab
1070 4689 1135 4745 tum
1172 4685 1332 4742 sceleribus
1359 4685 1500 4753 obruunt,
1531 4691 1562 4742 ut
1598 4686 1695 4742 dicere
1724 4685 1809 4743 bona
1830 4697 1895 4759 qua

185 4763 268 4819 omni
287 4762 514 4836 iniquinamento
542 4772 734 4838 peccatorum
761 4774 789 4824 ct
813 4769 852 4825 ab
873 4772 1015 4844 operibus
1070 4774 1561 4847 didicerantprorsuserubescant.
1575 4775 1896 4833 Transierimtomnem

185 4850 319 4919 mortuis,
345 4855 377 4908 ut
389 4852 495 4908 servire
510 4854 660 4926 possimus
682 4859 741 4913 Deo
760 4857 884 4916 visenti:
909 4860 1010 4934 sicque
1071 4863 1224 4930 artificem,
1249 4866 1278 4919 et
1301 4862 1482 4920 inclusorem
1510 4864 1547 4919 de
1575 4863 1757 4922 Hierusalem
1785 4865 1818 4921 in
1847 4867 1896 4920 Bu·

185 4941 305 5010 gratim
331 4939 425 5013 phase
456 4942 583 5000 Domino
611 4944 806 5016 celebramus,
829 4965 884 5006 reon
906 4951 938 5005 ia
959 4953 1013 5020 [rr-
1071 4951 1224 5025 bylonem,
1240 4968 1310 5008 eum
1334 4968 1395 5021 eos,
1411 4953 1463 5027 qui
1487 4952 1648 5010 multifaria
1671 4955 1816 5010 virtutum
1829 4950 1895 5028 oper

183 5033 278 5087 mento
291 5031 409 5087 matitia
422 5036 449 5091 et
459 5033 658 5107 arguitionem
671 5035 700 5092 ia
714 5039 833 5108 aspersis
846 5039 1016 5097 sinceritatis
1070 5040 1183 5097 ratione
1193 5040 1330 5114 pluribus
1348 5042 1500 5116 prodesse,
1523 5047 1551 5098 et
1565 5041 1712 5099 civitatem
1727 5041 1780 5098 liei
1797 5047 1896 5100 eontn

184 5123 211 5179 ei
226 5119 355 5178 eerimts's
370 5121 396 5189 tl
407 5121 470 5180 Cor.
486 5126 529 5192 r).
1070 5128 1241 5201 eruptiones
1251 5129 1447 5186 tentationum
1453 5129 1897 5205 muniresolcbantaproposito

221 5212 288 5267 Chr.
314 5210 437 5267 Xllllvlll
469 5212 508 5268 He
527 5227 625 5278 censu,
648 5229 732 5286 quem
755 5216 837 5272 solvit
856 5218 978 5287 populas
1070 5217 1230 5274 deflectunt
1256 5221 1345 5290 atque
1373 5217 1537 5289 ingenium,
1565 5219 1647 5292 quod
1676 5219 1716 5276 ad
1741 5221 1896 5277 munimen

424 5303 566 5358 Pharaoni
579 5303 628 5359 suh
643 5304 781 5360 inachim.
1071 5311 1179 5363 sanctae
1193 5305 1328 5362 Ecclesiae
1352 5307 1525 5381 impendere
1538 5307 1714 5376 debuerant,
1739 5308 1780 5365 ad
1794 5309 1898 5368 volunr

216 5392 310 5446 t’irrnit
325 5395 440 5449 Pharao
454 5393 595 5449 domham
609 5393 922 5466 tuscolanensem
937 5399 1013 5452 terra
1070 5399 1159 5451 tatem
1185 5395 1284 5468 potius
1303 5395 1381 5473 regis
1404 5396 1542 5455 vitiomm
1566 5398 1740 5472 dispensare
1768 5397 1899 5473 compel

184 5478 298 5543 limata,
326 5496 359 5536 ne
383 5487 518 5551 regnaret
548 5482 577 5536 ia
600 5481 788 5552 Hierusalem,
817 5484 1013 5556 constituitque
1069 5483 1143 5540 lunt.
1160 5484 1245 5548 Quod
1266 5485 1289 5541 si
1302 5484 1465 5543 inclusores
1479 5503 1541 5545 non
1553 5489 1699 5546 ostiorum
1720 5487 1783 5545 sire
1798 5504 1899 5548 mrum

184 5563 315 5621 icarium
326 5581 427 5638 prora
444 5573 498 5649 arri
519 5586 748 5657 unumquenque
763 5572 919 5631 recaredum
935 5576 1013 5632 uires
1068 5590 1147 5644 rum,
1183 5575 1237 5632 sed
1263 5575 1329 5634 auri
1359 5593 1591 5663 germarumque
1623 5577 1829 5651 intelligimus,
1860 5578 1897 5639 sd
