3832 6044
65 95 135 157 1033

391 95 569 161 exrasttto
590 105 622 161 tu
644 103 828 162 alternati.
850 106 1007 162 (retest.
1032 71 1059 164 S]
1081 109 1243 164 utour’su.
1263 139 1298 148 —
1318 110 1381 164 tta.
1402 111 1448 166 Vl.

1710 116 1777 171 ibit

60 226 159 282 Deum
174 228 304 281 essentia
321 229 496 296 flectuntur,
512 237 539 285 et
559 232 596 286 ab
618 233 679 301 ipso
703 231 893 300 prer‘sectionis
911 235 933 286 h
949 233 1048 301 ploria
1063 234 1185 290 Domini
1191 250 1228 290 ec
1240 232 1377 290 loco'suo.
1389 235 1453 290 Atii
1467 249 1535 291 uero
1549 240 1576 290 et
1589 236 1675 293 illam
1690 240 1778 297 ualde

56 316 201 385 principe
216 317 461 373 excellentissime
474 319 687 390 [eccelsissime]
701 320 895 387 sanctificata

60 410 144 459 stud.
161 406 227 460 Hoc
241 421 312 475 erpo
334 413 360 460 et
378 408 505 477 tlseolopc
527 415 630 476 aperte
644 409 812 474 declarant,
828 424 895 477 sup-

58 493 175 562 positas
197 495 316 565 pridem
338 496 499 551 celestium
516 497 709 552 essentiarum
729 497 894 566 dispositio-

61 598 114 638 nes
127 585 346 652 superfirmatis
362 591 468 639 ornate
479 585 595 639 erudiri
608 586 729 653 deificas
745 586 895 642 scientias:

60 673 196 727 omnium
213 688 280 727 uero
293 674 415 728 altiores
431 675 468 728 ab
483 675 547 742 ipsso
563 674 731 746 diuinitate,
749 681 895 747 qttantum

10 793 16 805 ·
57 763 123 833 sas,
135 761 303 817 doctrinam
325 763 504 817 illuminari.
526 762 676 829 Qitasclom
700 765 777 821 enim
792 779 894 820 earum

60 851 259 906 introducunt
277 851 463 918 aptioribus
475 865 559 906 sacre
574 853 719 925 ereditas,
734 854 894 909 Dominum

61 955 124 995 esse
137 939 298 995 scelestium
313 940 498 1000 uirtutumet
510 942 616 1011 llepem
632 942 738 1012 gloriae
753 943 784 998 in
807 943 894 997 calos

62 1029 239 1084 humanitus
255 1034 405 1098 receptum
420 1030 513 1096 tl’sal.
534 1036 627 1099 xxru).
653 1030 802 1098 Qirasdam
826 1046 894 1087 uero

61 1118 148 1187 apud
168 1118 265 1186 ipsum
289 1118 389 1172 lesum
415 1125 590 1188 qrtarentes,
610 1125 636 1176 et
656 1135 713 1189 pro
728 1120 812 1176 nobis
833 1135 894 1174 sue

60 1207 176 1263 diuina
191 1207 317 1262 actionis
340 1208 494 1263 scientiam
511 1209 665 1280 discentes,
682 1214 709 1264 et
734 1224 782 1265 eas
797 1207 894 1278 ipsum

60 1298 164 1352 desum
175 1296 343 1352 immediate
355 1297 517 1368 docentem,
531 1303 558 1353 ct
570 1297 770 1368 pretor'piens
781 1298 821 1353 eis
835 1313 894 1353 ma·

10 1428 26 1459 =
62 1387 254 1455 nisestanlem
275 1401 360 1441 suam
388 1386 551 1441 brcrnanam
582 1387 803 1457 benignitatem.
829 1387 893 1457 Epo

10 1514 31 1547 ,.

62 1475 153 1540 enim,
165 1475 273 1545 iuquit,
284 1475 404 1543 disputo
409 1475 574 1545 jrcstitiam,
586 1482 612 1531 et
619 1476 770 1545 iudicium
780 1477 893 1532 satida·

950 322 1132 379 laudabdem
1149 331 1175 380 et
1192 325 1358 393 piissimam
1383 325 1550 381 reclamant
1574 325 1753 397 theologiam
1767 345 1778 383 .·

949 410 1089 480 Sanctus,
1104 418 1236 481 suiectus,
1245 418 1377 482 sartctus,
1388 413 1532 468 Dominus
1542 413 1621 468 Deus
1631 413 1778 485 Sabaoth,⁸

948 499 1038 567 plena
1058 502 1152 556 ontnis
1169 507 1250 556 terra
1269 503 1370 570 ploria
1384 502 1478 571 ipsius
1493 501 1630 571 (Erectus
1645 520 1652 570 ;
1666 503 1782 560 Erech.

948 603 997 655 ru,
1021 589 1079 644 Iso.
1103 605 1145 656 u;
1171 590 1262 659 hpoc
1280 592 1329 660 u).
1355 591 1419 645 llos
1439 595 1538 646 autem
1562 591 1777 649 eacelsissimas

949 678 1111 735 celestium
1126 679 1295 734 animorum
1309 679 1529 750 birinnotopias,
1536 681 1605 750 jam
1619 681 1738 752 quidem
1746 682 1778 738 iu

948 766 995 835 iis,
1012 783 1076 838 qun
1088 774 1158 822 sum
1180 768 1217 823 de
1231 762 1341 823 (lirinis
1357 769 1508 841 tairdibus,
1525 774 1672 841 quantum
1685 771 1780 840 possi-

950 854 1017 924 bile,
1030 857 1213 924 apendmus,
1230 862 1258 911 et
1268 857 1381 911 dictum
1396 862 1438 912 est
1453 857 1490 913 de
1504 857 1540 912 iis
1551 858 1583 912 in
1597 858 1670 930 iltis,
1686 874 1779 931 quau-

949 943 1059 997 tumad
1068 944 1530 1015 possusticienterEnquibusin
1542 947 1778 1004 recordationem

948 1032 1061 1101 sersttcit
1085 1032 1183 1087 dicere
1197 1037 1315 1088 tantum
1330 1033 1493 1089 secundum
1505 1049 1640 1103 prasens
1653 1041 1778 1108 tempus,

949 1120 1028 1191 qttod
1038 1120 1234 1191 theologicam
1248 1121 1403 1177 scientiam
1419 1121 1485 1192 ipsa
1497 1123 1599 1192 prima
1614 1123 1779 1195 dispositio,

948 1212 1094 1278 quantum
1104 1209 1167 1279 sas,
1181 1209 1356 1266 illuminata
1371 1216 1413 1265 est
1428 1224 1446 1266 a
1459 1211 1563 1266 diuina
1573 1211 1714 1283 bonitate,
1723 1226 1780 1281 per

949 1311 1049 1367 qiiom,
1073 1303 1217 1368 tanquam
1239 1299 1412 1368 deitomnem
1433 1299 1637 1356 hierarchiam
1658 1306 1686 1357 et
1710 1301 1779 1357 otiis

948 1385 1074 1454 seipsam
1095 1385 1202 1441 dende
1224 1386 1363 1457 tradidit,
1379 1388 1460 1442 illud
1470 1403 1527 1458 per
1550 1389 1722 1446 breuitatem
1736 1389 1779 1446 dt-

949 1473 1040 1529 cendo
1054 1475 1314 1547 subintroducens,
1328 1476 1425 1545 ipsam
1436 1476 1615 1548 piissimam,
1629 1483 1656 1534 et
1668 1493 1780 1535 summe

10 1613 31 1621 .,
63 1565 106 1619 ris
121 1564 190 1631 (lsa.
212 1565 299 1634 rxru).
314 1564 411 1618 Miror
425 1570 524 1619 aretem
538 1566 617 1636 quod
631 1572 658 1621 et
673 1566 834 1622 celestium
854 1581 894 1621 es·
909 1581 929 1635 B
950 1562 1144 1633 benedictam,
1160 1569 1186 1617 et
1197 1563 1318 1618 omnino
1335 1565 1517 1621 benedictam
1532 1565 1721 1622 diuinitatem
1728 1568 1779 1637 sas

64 1653 229 1707 sentiarum
242 1653 361 1723 primae,
377 1658 403 1708 et
420 1657 537 1708 tanttun
551 1654 641 1708 simul
654 1669 753 1710 omnes
777 1669 894 1724 supere·

65 1743 209 1798 minentes
239 1742 349 1797 divinis
379 1743 664 1813 illuminationibus,
697 1751 729 1799 ut
759 1745 895 1800 mediata

65 1833 242 1905 questiones
258 1837 426 1888 reverenter
445 1839 602 1903 appetunt.
615 1834 734 1890 Etenim
754 1849 814 1889 non
827 1834 896 1889 inde

66 1922 256 1990 intemopunt
270 1936 280 1974 .·
299 1920 397 1986 (luare
411 1926 463 1976 tua
484 1921 558 1991 [tibi]
580 1923 674 1977 rnbra
695 1922 896 1977 uestimento?

66 2009 158 2079 Apud
172 2009 283 2079 seipsos
296 2024 363 2065 uero
379 2009 545 2065 deliberant
560 2015 632 2065 ante
641 2011 839 2080 interrogare,
852 2026 895 2064 os·

67 2098 219 2154 tendentes
239 2098 368 2170 qtddem,
379 2098 459 2169 quod
473 2099 603 2169 discunt,
615 2105 640 2155 et
657 2100 792 2168 liddeum
807 2099 896 2155 scien·

67 2189 895 2258 tiamappetunt,nonuatemprusilientesperdiuinam

63 2277 281 2347 processionem
300 2277 429 2332 inditam
452 2277 713 2334 illuminationem.
730 2278 810 2333 Num
826 2294 895 2347 erpo

62 2367 166 2436 prima
181 2367 341 2422 caelestium
357 2366 563 2422 intellectuum
579 2366 762 2438 hierarchia,
776 2368 814 2422 ob
829 2367 895 2436 ipsa

61 2454 257 2525 perfectionis
270 2455 409 2524 principe
424 2455 623 2525 sortctidcato,
640 2470 697 2526 qtto
719 2456 751 2511 in
766 2470 830 2511 eom
843 2457 895 2511 irn-

64 2544 195 2600 mediate
208 2544 382 2601 ostenditur
395 2544 583 2600 secretissima
597 2545 788 2616 perpetiens,
800 2545 895 2601 mutto

10 2606 22 2637 ⁸
66 2635 191 2704 turnine,
207 2634 424 2704 anteperfecta
445 2634 707 2704 consummatione,
728 2635 896 2704 proportio·

67 2721 182 2777 naliter
194 2736 257 2778 earn
277 2722 404 2791 implens
416 2727 580 2792 purgatur,
600 2727 628 2778 et
649 2723 853 2793 illuminatur,
868 2729 895 2779 et

63 2810 243 2881 perficitur;
258 2810 339 2866 omni
357 2809 476 2882 quidem
488 2811 688 2866 minoratione
699 2826 790 2881 pura,
803 2811 897 2881 primi

68 2915 138 2954 uero
160 2900 281 2955 lerninis
302 2900 405 2970 plena,
426 2905 452 2956 et
472 2900 571 2969 pnimo
591 2899 664 2954 datu
680 2900 847 2970 contritione
868 2907 895 2956 et
914 2932 934 2987 C
950 2926 1111 2999 seraphim,
1127 2931 1155 2982 0,
1166 2927 1331 2997 cherubim,

67 2988 193 3043 scientia
206 2988 394 3057 participans
403 2989 549 3059 perfecta.
567 2988 825 3057 Commeltendens
845 3005 896 3045 au-

67 3081 127 3131 tem
142 3076 178 3143 (et
193 3076 247 3131 boc
266 3076 393 3132 dixerim
404 3076 543 3146 fortassis
559 3092 618 3131 reon
634 3077 802 3148 immerito),
818 3078 897 3148 quod

67 3171 96 3219 et
107 3164 252 3234 prrrpalio
267 3169 320 3234 cst,
335 3170 363 3219 et
377 3164 570 3234 illuminatio,
586 3170 613 3219 et
625 3164 771 3234 perfectio
786 3165 896 3221 cliuinie

65 3253 201 3308 sanctie
224 3253 396 3323 assumptio.
424 3254 633 3324 [perorandum
655 3253 772 3324 quidem
796 3260 897 3323 utpote

61 3358 204 3413 purgans
219 3343 379 3399 secundum
395 3342 529 3398 ordinem
540 3343 770 3398 inditascientia
781 3345 896 3414 persec-

66 3438 169 3489 tarum
184 3433 401 3502 doctrinarum,
413 3432 589 3487 illuminans
601 3437 698 3488 autem
712 3433 778 3503 ipso
792 3433 896 3489 clioirra

66 3524 236 3594 copnitione
252 3538 308 3592 per
327 3537 416 3594 quemn
431 3527 458 3577 et
469 3526 584 3591 purgat
597 3537 656 3577 non
671 3523 758 3590 pri-as
771 3528 897 3578 contem·

66 3613 214 3682 plantem,
230 3628 320 3683 quam
332 3611 507 3681 triariisestat
522 3625 578 3680 per
592 3610 730 3667 altiorem
744 3612 897 3667 illumina-

68 3702 189 3770 tionem,
198 3708 224 3757 et
237 3701 395 3771 perficiens
410 3699 518 3754 iterum
531 3700 594 3768 ipso
610 3700 721 3756 tuumne
735 3701 897 3756 secttndum

69 3788 897 3859 liabitumscientialucidissimarumdoctrinarumdpsa

68 3896 140 3951 erpo
161 3885 213 3951 est,
237 3884 383 3952 quantum
405 3878 445 3934 ad
468 3883 602 3935 nostram
616 3879 783 3950 scientiam,
795 3881 897 3949 prima

69 3970 232 4026 celestium
248 3969 441 4024 essentiarum
457 3967 622 4039 dispositio,
636 3968 667 4023 in
687 3968 817 4024 circuitu
831 3969 896 4039 Dei,

69 4067 96 4116 et
114 4060 195 4115 circa
210 4059 303 4114 Deum
323 4057 493 4115 immediate
514 4062 608 4127 stans,
625 4062 650 4112 et
666 4057 854 4128 simpliciter,
871 4063 898 4113 et

68 4152 254 4205 incessanter
268 4147 414 4204 circuiens
434 4153 576 4203 eternum
592 4148 657 4216 ejrrs
677 4146 843 4217 scientiam,
857 4161 899 4202 se-

69 4240 203 4298 cundant
229 4239 518 4309 excellentissimam,
544 4242 689 4309 quantum
714 4237 745 4292 in
770 4237 897 4310 angelis,

69 4343 185 4396 semper
205 4327 341 4384 mobilem
360 4327 596 4404 collocationem.
611 4326 724 4381 Μιιὶῖαε
740 4326 900 4397 quidem,et

72 4418 172 4474 beatus
188 4416 289 4472 uidens
301 4432 379 4485 pure
389 4415 663 4485 contemplationes,
680 4415 900 4487 simplosque,et

71 4506 241 4562 irrnrrediate
252 4506 388 4576 sulpores
407 4505 594 4575 illuminata,
603 4508 631 4559 et
641 4503 743 4558 die’ino
759 4504 900 4560 alimento

71 4596 316 4667 ruplemunda
328 4595 551 4666 artidemprimo
564 4593 637 4648 elata
647 4592 902 4665 susiane,solaque

70 4686 243 4757 domestica,
268 4691 295 4741 et
317 4684 429 4752 unifica
451 4684 562 4740 diuinae
585 4682 755 4753 resectionis
775 4684 900 4754 unitate,

71 4777 227 4848 mrdtaqne
241 4773 447 4831 communione
466 4774 530 4844 Dei,
546 4779 573 4829 et
588 4773 795 4842 cooperatione
809 4773 902 4845 dipna

71 4868 177 4935 effecto
189 4866 230 4922 ad
242 4880 317 4935 eam,
330 4869 362 4919 ut
375 4863 527 4933 possibile,
542 4862 740 4919 similitudine
757 4863 902 4919 bonarum

72 4954 286 5010 habitudinum
308 4959 334 5010 et
359 4953 529 5021 actionam;
554 4954 709 5024 multaque
731 4953 902 5009 diuinorum

70 5043 258 5112 superposite
275 5057 464 5111 coprroscens,
480 5047 505 5096 et
524 5041 635 5097 clitriruc
657 5041 796 5105 scientia,
812 5046 838 5096 et
861 5057 903 5096 co

69 5133 217 5205 petitionis
233 5133 263 5186 in
275 5131 521 5202 participatione,
532 5131 694 5186 nectendum
703 5131 782 5202 quod
791 5132 902 5201 sasest,

67 5225 169 5294 fercla.
183 5222 348 5290 Propterea
365 5225 392 5275 et
405 5221 509 5275 tutides
526 5220 619 5288 ipsius
634 5220 784 5290 tlteolapia
794 5220 841 5289 iis,
852 5219 904 5290 qui

70 5315 104 5366 in
120 5317 202 5365 terra
215 5315 295 5381 stent,
310 5309 456 5377 tradidit,·
474 5309 506 5362 in
521 5309 628 5379 cleribus
643 5308 824 5363 mirabiliter
842 5323 904 5362 trra-

70 5405 239 5472 nisestatur
271 5401 528 5457 eccellentissimo
549 5401 642 5468 iprsius
673 5400 903 5455 illuminationis

70 5493 246 5552 critinentia.
270 5492 334 5547 Alii
357 5491 435 5547 enim
450 5488 571 5562 nitidam
588 5491 650 5560 tjtts
670 5489 850 5546 sensibiliter
863 5489 904 5543 di-

70 5584 168 5643 cendo
184 5589 327 5656 tanquam
340 5597 398 5638 noc
413 5577 561 5708 expirarunt
577 5581 698 5636 reboant
714 5597 724 5636 .·
741 5579 904 5637 Benedicta

195 5657 318 5711 Pareae.
339 5655 425 5710 etex

948 1654 989 1705 est
1014 1651 1198 1706 benedictum
1223 1667 1283 1707 esse
1299 1667 1337 1708 ec
1351 1653 1444 1708 Deum
1460 1654 1672 1724 recipientibus
1689 1669 1780 1727 quon

949 1744 1011 1794 tum
1030 1739 1172 1808 possibile
1197 1741 1344 1811 coprrosci,
1369 1747 1396 1796 et
1419 1743 1543 1799 laudari
1566 1744 1777 1800 intellectibus.

948 1827 1012 1896 Ipsi
1031 1829 1108 1882 enim
1121 1834 1190 1883 sunt
1205 1834 1349 1900 tartonam
1362 1830 1520 1900 (informes
1541 1832 1639 1888 divini
1652 1833 1721 1905 loci,
1736 1833 1780 1888 di·

948 1915 1037 1984 viria,
1065 1920 1098 1969 ut
1113 1916 1231 1986 etoquia
1257 1916 1344 1971 nitent
1361 1917 1455 1984 (Psat.
1482 1935 1522 1989 rx,
1547 1936 1623 1987 serr,
1649 1936 1778 1990 enum

948 2003 1007 2058 Iso.
1025 2004 1110 2075 exer),
1127 2004 1244 2074 perietis.
1261 2005 1300 2058 El
1316 2004 1386 2074 quia
1398 2020 1502 2061 monas
1515 2012 1593 2063 estet
1607 2009 1709 2064 tenitas
1720 2015 1780 2065 tres

948 2091 1199 2161 substantialiter,
1216 2099 1244 2148 et
1261 2095 1518 2162 supercoelestibus
1533 2097 1667 2152 essentiis
1688 2112 1782 2168 iisque

949 2180 1109 2236 nouissima
1137 2187 1225 2236 terra
1257 2182 1419 2237 extendens
1446 2184 1607 2240 bonitatem
1635 2199 1720 2242 suurn
1746 2185 1779 2241 in

949 2269 1140 2339 omniaque
1163 2274 1243 2338 sient,
1264 2269 1498 2341 prouidentiam,
1524 2277 1669 2343 toriquam
1684 2274 1780 2329 omnis

949 2357 1082 2413 essentia
1094 2357 1367 2427 superprincipale
1377 2359 1576 2430 principium,
1591 2366 1619 2416 et
1634 2375 1737 2432 causa,
1753 2367 1781 2417 et
1864 2375 1872 2390 *

949 2447 1183 2514 onmiumsuper
1205 2447 1403 2502 essentialiter
1427 2447 1666 2505 immensurabili
1687 2450 1781 2505 conti-

950 2535 1052 2590 nentia
1066 2534 1289 2604 circumligans.

1275 2707 1453 2763 expositio

987 2837 1108 2911 Septimi
1131 2838 1235 2911 capitis
1260 2838 1360 2895 titulus
1385 2843 1450 2896 est:
1477 2842 1517 2896 De
1539 2839 1781 2915 interpretatione

1345 2933 1374 2985 et
1398 2929 1574 2986 thronorum
1591 2949 1598 2998 ;
1615 2935 1643 2988 et
1665 2931 1703 2988 de
1722 2931 1782 3006 pri·

949 3031 1009 3082 ma,
1026 3030 1095 3087 quse
1109 3031 1215 3079 eorum
1236 3019 1289 3082 est,
1312 3015 1489 3074 hierarchia.
1514 3021 1677 3092 Postquam
1700 3019 1781 3076 enim

949 3103 1135 3160 enumeravit
1145 3103 1265 3159 ordines
1276 3103 1442 3160 celestium
1451 3105 1781 3175 hierarchiarum,nuue

950 3191 987 3247 de
1000 3191 1251 3263 interpretatione,
1268 3195 1297 3247 et
1315 3190 1531 3260 significatione
1546 3194 1782 3263 cognominatio

949 3296 1024 3336 num
1038 3283 1163 3336 tractare
1177 3279 1327 3351 incipit.Et
1341 3279 1474 3351 primum
1481 3280 1519 3337 de
1533 3281 1635 3354 iis,qui
1644 3281 1782 3355 inprime

950 3374 1020 3425 sunt
1034 3368 1202 3424 hierarchia
1216 3367 1391 3441 computati,
1419 3367 1450 3424 id
1465 3374 1508 3426 est
1522 3369 1560 3426 de
1575 3370 1737 3444 seraphim,
1753 3376 1782 3429 et

951 3457 1115 3526 cheridiim,
1134 3463 1162 3514 et
1175 3457 1289 3514 tluonis
1312 3457 1480 3514 seeundum
1501 3459 1715 3533 proprietatem
1729 3477 1781 3534 ap·

950 3545 1118 3619 pellationis
1131 3545 1270 3602 uhtumm
1285 3562 1389 3602 eorum
1404 3546 1625 3606 demonstrans.

986 3694 999 3718 «
1017 3673 1099 3726 Hune
1114 3685 1170 3725 nos
1191 3669 1337 3743 recepturi
1359 3675 1531 3728 sanctarum
1545 3671 1780 3732 hierarchiarum

950 3760 1097 3816 ordinem.
1116 3782 1129 3809 n
1146 3762 1239 3827 ltunc,
1255 3759 1361 3833 inquit,
1379 3760 1516 3817 ordinem
1531 3765 1704 3819 sanctarum
1718 3763 1779 3821 hie·

950 3848 1146 3917 rarchiarum,
1159 3864 1251 3922 quem
1265 3848 1403 3922 superius
1417 3848 1558 3919 diximus,
1568 3866 1624 3906 nos
1634 3850 1783 3925 recepturi

951 3943 979 3995 et
993 3937 1189 4012 approbaturi
1204 3956 1210 3994 :
1227 3961 1241 3988 «
1258 3938 1388 3995 Dicimus
1406 3963 1418 3988 ιι
1434 3944 1651 4013 consequenter
1668 3962 1683 3992 s
1698 3940 1782 4015 quod

951 4043 1057 4084 omnes
1086 4027 1251 4082 coelestium
1278 4027 1481 4086 intellectuum
1505 4029 1783 4100 cognominationes

951 4114 1547 4188 declarationemhahentuniuscujusque
1555 4119 1707 4176 deiformis
1715 4136 1784 4194 pro·

952 4201 1093 4277 prietatis.
1109 4223 1123 4252 »
1148 4204 1258 4258 Omnes
1272 4202 1353 4257 enim
1367 4203 1645 4273 cognominationes
1667 4212 1785 4264 saneto·

914 4287 936 4342 l)
952 4307 1021 4348 rum
1033 4289 1246 4359 intellectuum,
1262 4288 1294 4345 id
1308 4294 1353 4346 est
1367 4289 1535 4363 spirituum,
1552 4291 1785 4350 declarationem

953 4380 1066 4437 habent
1088 4378 1244 4437 deiformis
1271 4377 1459 4453 proprietatis
1478 4379 1716 4454 uniuscujusque
1739 4397 1786 4437 or-

954 4469 1042 4526 dinis.
1059 4468 1287 4539 cognominatio
1315 4467 1448 4524 declarat
1468 4468 1551 4541 quod
1573 4467 1731 4543 proprium
1744 4468 1787 4526 illi

954 4563 1008 4625 est,
1024 4561 1052 4614 et
1065 4557 1227 4628 singulare,
1244 4574 1298 4631 per
1312 4554 1516 4635 ercellentiam
1540 4557 1612 4615 doni
1627 4557 1657 4614 in
1680 4557 1786 4615 deifor-

955 4648 1056 4705 mitate
1073 4647 1226 4703 collatum.
1242 4647 1345 4703 Omnis
1359 4646 1439 4702 enim
1456 4647 1552 4717 gratia
1566 4647 1606 4705 ad
1620 4647 1671 4704 Dei
1686 4648 1787 4705 simili-

956 4737 1090 4796 tudinem
1105 4736 1242 4793 antinum
1251 4735 1411 4803 reformat;
1427 4739 1457 4794 et
1470 4740 1571 4794 tamen
1585 4737 1668 4812 quod
1678 4737 1709 4795 in
1721 4738 1788 4813 ipsa

956 4843 1017 4884 una
1031 4826 1129 4884 lorma
1149 4824 1273 4896 singulis
1288 4825 1430 4882 collatum
1452 4830 1496 4883 est
1518 4827 1685 4902 proprium,
1714 4827 1789 4885 sicut

956 4916 1118 4973 discretum
1131 4915 1216 4972 estin
1225 4931 1361 4986 munere,
1374 4915 1415 4972 sic
1430 4916 1663 4976 discernendum
1679 4922 1743 4975 orat
1756 4917 1787 4972 in

957 5005 1166 5079 appellatione.

995 5132 1131 5205 Sequitur
1146 5151 1152 5189 :
1168 5156 1182 5183 t
1194 5134 1228 5190 Et
1240 5134 1364 5208 quidem
1375 5138 1512 5191 sanctam
1527 5131 1678 5203 seraphim
1693 5127 1789 5186 nomi-

957 5221 1119 5290 nationem,
1136 5238 1205 5295 quce
1229 5223 1420 5279 ltebraeorum
1435 5223 1515 5286 sunt,
1531 5219 1667 5286 scientes,
1680 5222 1732 5274 ant
1745 5217 1789 5273 in·

958 5310 1117 5366 sentientes
1131 5310 1391 5377 manifestassent
1409 5305 1623 5372 calefacientem
1636 5321 1704 5360 eam
1717 5321 1789 5361 vero
1856 5348 1862 5359 .

958 5399 1125 5465 ‹elreruhim‚
1136 5396 1358 5452 multitudinem
1370 5393 1508 5458 scientiae,
1516 5397 1568 5446 aut
1582 5391 1730 5470 lusionem
1745 5410 1790 5451 sa·

958 5488 1086 5561 pienum.
1101 5486 1241 5552 Dicimus,
1271 5483 1376 5557 inquit,
1400 5481 1483 5555 quod
1505 5497 1611 5537 omncs
1626 5480 1790 5542 scelestium

959 5572 1452 5644 intellectuumcognominationes
1481 5570 1712 5703 declarationegran
1739 5577 1790 5633 ha-
