3832 6044
321 107 473 167 ausonis
491 105 537 162 DE
558 103 585 162 S.
605 100 753 160 vtevoua
772 98 847 157 OPP.
867 93 956 153 PARS
975 95 996 150 Ι.
1013 122 1047 135 -·
1062 91 1267 152 emeriten.
1284 125 1318 137 -
1332 98 1352 152 1.
1373 97 1408 151 ΙΝ
1431 97 1459 152 S.
1481 96 1708 153 SCRIPTUHAM.
1820 99 1873 153 360

158 117 209 172 359

194 237 269 305 Onia
284 236 428 292 inruente
449 232 533 297 Sion,
549 234 576 287 et
600 229 630 284 in
644 224 834 284 Hierusalem
856 221 914 280 ecit
928 220 986 277 sot·
1003 220 1027 276 Α
1042 218 1137 276 tionis.
1162 220 1244 276 Unde
1266 220 1424 294 Apostolus
1441 239 1447 276 :
1466 220 1640 291 Quicunque
1663 220 1810 290 baptizati
1827 236 1873 275 su-

158 325 237 383 uatio
251 325 327 381 sieut
341 323 419 379 dinit
432 319 587 383 Dominus,
608 320 636 371 el
651 315 681 369 iu
697 311 832 382 residuis,
848 304 920 382 quos
930 310 987 364 Do·
1039 325 1105 366 mus
1120 311 1151 364 iu
1167 309 1288 367 aaran
1302 312 1383 377 lesu,
1401 311 1431 366 in
1447 316 1541 367 morte
1554 310 1647 380 ipsius
1664 310 1808 378 baptizati
1827 326 1874 365 su-

157 413 255 468 minus
269 412 419 469 vocaverit
433 407 517 479 (leel.
529 404 579 476 nr).
591 403 667 470 thia
681 416 745 458 ecce
757 401 789 456 in
796 399 898 455 diebus
913 399 985 469 illis,
1039 416 1104 456 irtus
1120 399 1231 473 (Galat.
1248 400 1296 471 vr).
1313 403 1385 457 Item
1397 399 1496 456 idem:
1512 400 1576 470 Eoo
1585 400 1673 466 einim,
1685 399 1790 471 inquit,
1802 400 1872 469 stio-

157 506 186 559 et
213 502 397 568 intempore
422 496 474 551 illo
498 508 565 549 curn
590 493 760 547 convertero
785 487 987 557 captiuitatem
1040 493 1122 544 mata
1149 489 1218 544 lesu
1239 488 1362 559 Cluuii,
1387 490 1418 544 in
1447 503 1572 558 corpore
1598 502 1660 543 ineo
1693 487 1872 556 circmuferc

157 588 238 644 ludo
251 592 278 644 et
293 584 492 653 Hierusalem,
511 577 697 651 conqreqabo
711 591 810 633 ornnes
833 579 986 645 periisset
1040 575 1147 647 (leid).
1165 575 1215 632 llic
1229 577 1373 632 Dominus
1389 576 1428 633 ad
1440 580 1570 648 Moysem
1587 593 1593 631 ε
1612 575 1686 631 Cum
1697 575 1815 646 uiderit,
1831 575 1873 631 in-

157 675 302 731 deducum
315 688 363 729 eas
373 672 405 728 in
413 671 522 728 vallem
532 666 678 737 iosaphat.
686 681 697 723 .·
705 670 732 721 et
740 658 909 732 disceptabo
920 677 987 718 cccru
1040 665 1113 738 quit,
1130 667 1254 736 artqetus
1265 668 1441 738 saraquinem
1452 669 1482 722 in
1496 665 1733 736 superliminari,
1745 671 1773 722 et
1782 681 1873 735 super

156 763 198 820 eis
211 761 254 816 ibi
264 775 355 832 super
364 760 479 830 populo
493 772 566 822 cneo,
579 761 606 812 et
619 752 867 812 lroetudt'ittiemea
879 750 987 819 lsrael,
1041 760 1201 826 utrucmque
1212 762 1337 825 nostae,
1361 756 1550 812 transcendet
1565 757 1670 812 ostium
1685 766 1697 826 ,·
1717 760 1743 811 et
1759 771 1818 811 riou
1834 757 1871 809 si-

156 866 229 922 quos
243 850 447 920 disperserunt
471 848 501 902 in
516 844 697 915 nationibus,
713 848 740 898 et
765 847 876 898 terram
892 855 986 896 incon
1040 849 1090 900 net
1101 859 1306 914 percussorem
1322 846 1441 916 inoredi
1464 845 1564 900 clarnos
1582 849 1705 915 oestrus,
1720 849 1747 900 et
1764 843 1872 900 ludere

103 982 105 989 .
157 939 334 1008 diuiserunt,
349 942 376 994 et
391 951 481 1005 suuper
490 934 639 1005 populum
659 947 754 989 meum
769 932 912 987 miserunt
927 944 988 985 sor·
1041 932 1150 1001 (Ecod.
1175 933 1233 1007 sn).
1256 933 1327 989 ilinc
1348 933 1492 989 Dominus
1510 949 1563 1006 per
1585 933 1787 990 Ezechielem:
1805 933 1871 990 Om-

157 1028 275 1085 tem.Ht
284 1030 452 1098 posuerunt
463 1039 593 1095 puerum
608 1020 859 1093 inprostilulum,
869 1020 988 1089 etptcet-
1040 1037 1117 1093 neris,
1133 1021 1240 1095 inquit,
1261 1038 1352 1092 super
1363 1038 1449 1093 quem
1464 1023 1573 1080 uideris
1592 1023 1686 1095 Tliau,
1703 1039 1739 1080 ue
1753 1023 1870 1080 occidus

159 1118 220 1173 lam
235 1116 435 1173 uerididerunt
450 1130 509 1185 pro
525 1113 594 1169 virro
615 1118 647 1167 ut
662 1111 802 1167 biberent.
819 1106 988 1181 Capitulum
1042 1100 1158 1180 (Ezecli.
1175 1112 1224 1183 rx).
1239 1114 1272 1168 Et
1286 1112 1445 1185 Apostolus
1461 1114 1608 1185 porrectio,
1624 1112 1729 1186 inquit,
1747 1128 1825 1183 peric
1838 1114 1868 1167 in

156 1205 214 1262 hoc
229 1205 312 1278 prius
326 1202 477 1261 moraliter
487 1200 701 1268 discutiamus3
717 1197 824 1255 deinde
839 1197 879 1253 ad
892 1211 989 1269 opaca
1040 1202 1187 1272 sanquine
1207 1202 1405 1273 rnicridantur,
1422 1206 1450 1258 et
1468 1203 1532 1259 sirie
1551 1203 1707 1274 satiquinis
1728 1203 1871 1272 effusione

157 1294 316 1365 allegorice,
333 1300 361 1351 ct
381 1292 555 1366 tropologiae
566 1290 701 1364 jucunda
715 1293 913 1346 transeamus.
940 1288 988 1341 Ju-
1041 1307 1101 1348 non
1110 1293 1145 1361 fil
1161 1292 1293 1348 remissio
1308 1291 1410 1363 (Hebe.
1426 1292 1476 1362 rx).

158 1383 216 1439 daei
237 1384 268 1442 in
292 1382 436 1439 hocloco
457 1379 633 1453 promittunt
654 1377 719 1445 sibi,
744 1377 805 1434 imo
827 1374 987 1440 somniant,
1078 1380 1216 1454 seqnitur
1231 1397 1238 1436 z
1255 1384 1287 1437 ai
1301 1381 1475 1454 disceptabo
1491 1398 1561 1437 eum
1575 1381 1616 1438 eis
1631 1381 1682 1449 ibt,
1711 1381 1820 1438 seilicet
1835 1381 1866 1437 in

157 1471 284 1544 quadiu
299 1469 403 1527 ultimo
414 1474 549 1542 tempore
559 1466 822 1538 congregabuntur
833 1481 851 1521 a
861 1462 987 1519 Domino
1041 1469 1117 1525 troile
1131 1469 1283 1543 iosaphat.
1304 1472 1358 1526 Pro
1373 1469 1556 1545 populopsuo
1575 1473 1603 1526 et
1616 1469 1797 1536 haereditate,
1812 1486 1868 1542 pro

158 1565 187 1618 et
199 1558 379 1617 reducentur
392 1558 424 1614 in
438 1556 629 1614 Hierusalem.
642 1559 699 1613 Nee
710 1554 844 1611 felicitate
859 1551 988 1609 «contenti
1005 1581 1026 1636 Β
1042 1557 1140 1614 causis
1156 1557 1323 1630 subjunctis
1339 1561 1442 1615 contra
1461 1562 1562 1629 gentes
1585 1557 1728 1614 Dominus
1752 1557 1869 1630 discep-

157 1650 259 1724 ipsum
278 1650 372 1703 Deum
394 1646 455 1702 suis
480 1645 621 1702 matribus
643 1647 847 1701 Romanorum
867 1640 944 1697 filios
960 1644 988 1696 ct

157 1738 235 1794 filias
249 1739 387 1792 asserunt
398 1735 586 1803 traditurum,
601 1737 634 1790 ut
643 1732 776 1789 vendant
785 1748 836 1787 cos
850 1746 913 1786 non
922 1731 987 1784 Per-

140 1891 142 1895 ,
159 1826 208 1893 sis,
222 1829 251 1882 et
264 1823 459 1897 AEthiopibus,
476 1827 505 1880 et
519 1821 633 1878 certeris
647 1834 715 1894 quse
734 1819 838 1875 sicinae
853 1820 922 1873 sunt
935 1833 986 1873 na-

158 1911 299 1980 tionibus,
316 1911 369 1968 scd
384 1910 505 1980 Sabaeis,
522 1910 600 1983 genti
614 1907 829 1974 remotissimas,
845 1905 917 1980 quia
931 1906 986 1961 Do-

158 2000 258 2058 minus
271 1999 389 2056 locntus
403 1999 448 2068 sit,
464 1999 546 2072 quod
559 1996 663 2073 populi
677 1996 722 2051 sui
737 1994 897 2051 ulciscatur
910 1993 986 2065 inju-

158 2089 244 2146 riam.
268 2090 335 2144 Hoec
359 2087 409 2156 illi,
431 2092 460 2143 et
484 2086 578 2144 nostri
598 2084 807 2157 judaizantes:
830 2080 883 2155 qui
906 2079 985 2136 mille

159 2194 287 2236 anorum
301 2192 429 2248 regnum
443 2175 474 2232 in
485 2176 595 2233 tuden
607 2173 663 2231 sibi
676 2172 788 2230 finibus
801 2170 985 2246 pollicentur,

158 2268 320 2322 etauream
335 2264 527 2333 Hierusalem,
543 2267 572 2321 at
584 2261 773 2320 victimarum
788 2258 985 2330 sanguinem

159 2358 187 2412 et
200 2354 287 2424 libas,
303 2371 338 2412 ac
352 2356 486 2428 nepotes,
500 2357 529 2410 et
538 2351 658 2410 delicias
672 2349 871 2418 incredibiles,
882 2352 911 2404 ct
920 2362 987 2423 por-

159 2447 204 2501 tas
219 2458 408 2517 gemmarum
421 2442 560 2501 varietate
574 2441 736 2499 distinctas.

194 2537 288 2592 Locus
306 2534 354 2590 bic
374 2534 458 2606 juxta
482 2547 640 2604 anagogen
663 2528 855 2587 difficillimus
881 2531 934 2596 est,
960 2529 988 2582 et

159 2623 354 2697 multiplicem
373 2622 519 2695 recipiens
540 2620 790 2694 explanationem,
813 2620 846 2674 ut
860 2617 915 2674 sub
931 2620 988 2674 tro·

158 2712 280 2788 pologia
294 2711 396 2768 omnia
410 2711 470 2776 illa,
492 2727 559 2785 quse
574 2709 745 2794 dictasunt,
762 2707 925 2764 referamus
948 2706 987 2761 nd

157 2815 226 2874 quse
240 2802 341 2856 Petrus
356 2803 385 2856 et
407 2799 515 2855 Paulus
535 2797 662 2872 apostoli
675 2796 846 2865 retulerunt,
871 2796 928 2852 hoc
943 2797 987 2851 est

157 2889 281 2962 quando
295 2904 404 2963 passus
427 2891 471 2945 est
492 2887 636 2945 Dominus
650 2890 679 2944 et
697 2885 864 2944 resurrexit.
886 2888 986 2958 Neque

158 2976 238 3034 enim
252 2977 316 3034 fieri
331 2980 427 3051 potest
441 2981 473 3033 ut
492 2976 654 3050 superiora,
669 2976 700 3032 in
720 2980 852 3049 tempora
873 2973 986 3047 passio-

157 3066 214 3136 nis,
231 3072 259 3124 et
272 3084 340 3141 ques
356 3070 521 3141 sequuntur
535 3066 565 3122 in
579 3066 627 3123 dio
645 3064 749 3139 judicii
762 3063 962 3135 intelligamus
978 3081 984 3129 ;

157 3157 289 3215 maxime
303 3175 373 3215 cum
395 3162 537 3232 sequatur
553 3175 560 3214 ε
577 3155 652 3224 Quia
675 3172 742 3213 eece
754 3155 786 3211 in
800 3153 906 3211 diebus
919 3154 985 3222 illis,

157 3252 186 3306 et
198 3248 372 3322 intempore
386 3248 447 3318 illo,
461 3279 495 3290 —
510 3252 538 3305 et
550 3248 604 3305 istc
618 3246 782 3304 versiculus
796 3244 988 3319 praecedenti·

156 3337 214 3394 bus
228 3338 368 3396 interiora
378 3343 566 3407 connectens
581 3354 642 3394 nmo
652 3336 986 3408 dicatcnnctatempore

156 3422 365 3500 perpetranda.
391 3428 509 3484 Dicatur
530 3443 600 3497 ergo
617 3445 623 3482 :
640 3430 672 3481 ln
686 3429 787 3482 monte
811 3425 890 3491 Sion,
913 3423 986 3480 etin

157 3515 339 3573 Hierusalem
354 3517 408 3573 erit
430 3516 559 3574 salvatio
574 3515 650 3572 sicut
663 3514 736 3571 anit
760 3514 912 3581 Dominus,
929 3517 983 3569 etc.

157 3604 276 3662 Residui
297 3608 366 3661 sunt
383 3604 525 3677 Apostoli,
549 3604 705 3676 caeterique
726 3602 873 3676 discipuli.
903 3602 985 3659 Unde

156 3693 248 3750 isaias
264 3712 270 3750 ε
287 3695 354 3750 Nisi
366 3695 510 3751 Dominus
520 3693 653 3751 Sabaoth
667 3694 832 3764 reliquisset
848 3692 932 3749 nabis
943 3709 985 3750 se-

156 3800 223 3840 men
238 3784 319 3856 (lsai.
334 3786 434 3852 1t,etc.
453 3783 532 3840 Sicut
547 3781 690 3839 Dominus
700 3781 782 3838 dixit.
800 3780 863 3849 Ubi,
875 3781 922 3837 vel
932 3798 985 3855 per

156 3887 248 3945 quem
269 3871 413 3928 Dominus
435 3869 535 3926 dixit?
554 3873 608 3928 Per
625 3870 732 3927 isaiam
749 3888 755 3925 :
771 3870 816 3927 De
837 3869 918 3942 biom
942 3871 986 3926 in·

1041 1649 1098 1714 tat;
1115 1645 1187 1719 quia
1201 1644 1270 1702 inde
1285 1649 1387 1716 gentes
1399 1644 1546 1717 judicium
1560 1645 1724 1719 suscipiunt
1742 1646 1868 1702 claruim-

1041 1734 1139 1803 tioniS,
1155 1733 1234 1790 unde
1253 1733 1284 1789 in
1299 1734 1453 1808 sequentia
1465 1733 1598 1790 facinora
1612 1733 1788 1789 inciderunt.
1808 1737 1868 1788 Hoc
1899 1776 1901 1781 .

1040 1823 1242 1880 testimonium
1258 1823 1297 1878 ad
1315 1822 1487 1879 tlolotanas
1511 1827 1539 1879 ct
1562 1823 1715 1878 litereticos
1737 1821 1866 1894 respicit,

1041 1911 1094 1985 qui
1104 1911 1249 1985 populum
1266 1910 1382 1967 Domini
1394 1911 1578 1977 seducentes
1594 1911 1694 1983 ipsum
1719 1910 1866 1983 populum

1039 1999 1137 2074 partiti
1152 2003 1261 2056 suntet
1275 2005 1383 2056 terram
1405 1999 1482 2055 illius
1505 1999 1681 2066 dividentes,
1706 1999 1866 2072 multisque

1041 2103 1109 2145 eam
1123 2087 1198 2145 inter
1212 2105 1242 2144 se
1267 2089 1417 2147 erroribus
1446 2094 1627 2162 separantes
1656 2088 1695 2144 ad
1720 2088 1866 2144 culturam

1041 2176 1190 2235 idolorum
1204 2178 1466 2253 compellerentur
1480 2179 1532 2234 alii
1548 2178 1678 2234 colerent
1689 2181 1803 2245 lovem,
1818 2177 1867 2233 alii

1040 2267 1196 2336 Phoebum,
1211 2268 1260 2324 alii
1273 2271 1431 2336 lunonem,
1440 2268 1488 2324 alii
1498 2268 1668 2336 Minervam,
1678 2266 1865 2337 Hubiginem,

1042 2355 1183 2424 hnulrim,
1200 2356 1393 2424 crocodilum,
1408 2361 1436 2412 et
1449 2356 1533 2424 ibim,
1549 2361 1684 2424 noctuas,
1702 2355 1865 2428 accipitres,

1042 2449 1071 2501 et
1083 2445 1222 2502 ciconias.
1239 2445 1369 2502 Haeretici
1383 2461 1504 2519 qnoque
1519 2449 1628 2502 terram
1641 2444 1767 2513 Domini,
1780 2445 1810 2500 id
1825 2450 1868 2500 est

1043 2533 1204 2591 Ecclesiam
1217 2533 1388 2602 diviserunt,
1404 2539 1433 2590 et
1444 2550 1534 2607 super
1547 2533 1693 2607 populum
1716 2533 1867 2590 ecclesias-

1040 2622 1132 2679 ticum
1155 2627 1264 2680 sortem
1287 2624 1441 2692 miserunt,
1471 2623 1594 2696 quando
1616 2639 1666 2681 eos
1682 2623 1865 2690 seducentes,

1040 2713 1069 2764 et
1079 2708 1117 2764 ed
1127 2708 1275 2765 haeresum
1287 2725 1417 2766 errorem
1427 2708 1618 2777 deducentes,
1632 2709 1716 2765 Arius
1730 2709 1864 2777 amianas,

1043 2797 1188 2855 sabellius
1213 2797 1407 2866 sabellianae,
1436 2801 1534 2855 Manes
1561 2798 1746 2866 blanichams,
1763 2803 1791 2854 ct
1818 2796 1867 2853 alii

1006 2933 1026 2990 C
1041 2886 1115 2943 alios
1130 2885 1236 2943 erroris
1251 2886 1297 2943 sui
1311 2885 1473 2961 discipulos
1488 2887 1632 2943 iecerunt.
1655 2886 1793 2959 Sequitur
1809 2905 1815 2942 ι
1834 2889 1867 2941 Et

1039 2982 1205 3049 posuerunt
1218 2992 1345 3050 puerum
1355 2978 1385 3033 in
1395 2977 1604 3050 prostibulum,
1621 2977 1787 3050 etpuellam
1797 2991 1866 3033 ven-

1040 3066 1181 3123 diderunt
1194 3083 1249 3140 pro
1258 3066 1329 3122 vino
1339 3071 1370 3122 nt
1381 3066 1527 3124 biberent.
1539 3067 1589 3124 Hic
1602 3067 1685 3123 alit-er
1695 3073 1864 3140 utrumque,

1041 3156 1213 3214 haereticum
1230 3156 1339 3213 scilicet
1353 3161 1380 3213 et
1398 3157 1596 3225 idololatram,
1613 3173 1702 3232 snper
1717 3158 1810 3214 tribus
1821 3174 1866 3214 ar-

1042 3246 1105 3317 guit
1120 3265 1126 3302 :
1144 3246 1181 3302 de
1195 3246 1328 3312 avraritia,
1346 3247 1383 3302 dc
1397 3246 1515 3304 luxuria
1529 3246 1604 3304 ctde
1629 3247 1707 3318 gula.
1736 3250 1775 3304 Dc
1797 3263 1866 3303 avri-

1042 3334 1118 3403 ritia,
1134 3335 1205 3408 quia
1220 3351 1310 3409 super
1323 3335 1471 3409 populum
1497 3336 1615 3393 Domini
1641 3343 1750 3392 sortem
1775 3336 1863 3392 misit.

1041 3427 1081 3483 De
1095 3424 1222 3493 luxuria,
1237 3425 1309 3498 quia
1323 3441 1451 3498 puerum
1463 3426 1620 3500 prostituit.
1637 3429 1676 3482 De
1692 3426 1771 3496 gula,
1794 3426 1866 3499 quia

1041 3530 1096 3588 pro
1109 3514 1177 3571 vino
1192 3514 1324 3589 puellam
1338 3514 1481 3572 vendidit.

1075 3608 1259 3661 Abascantos.
1275 3607 1400 3677 Uterque
1411 3619 1549 3677 puerum,
1565 3603 1796 3660 ecclesiasticum
1812 3605 1866 3660 sci-

1040 3693 1107 3750 licet
1121 3694 1278 3768 populum,
1294 3694 1353 3750 fide
1366 3709 1486 3766 purum,
1502 3710 1554 3767 spe
1575 3698 1698 3760 rectum,
1723 3693 1865 3749 charitate

1039 3784 1199 3852 sincerum,
1215 3783 1353 3840 suasione
1367 3781 1500 3852 maligna
1514 3787 1542 3839 ot
1567 3782 1763 3855 promissione
1786 3781 1865 3838 irau-

1039 3872 1162 3931 dulcata
1174 3873 1333 3946 decipiens,
1359 3869 1515 3927 idololatra
1538 3871 1568 3928 in
1597 3870 1798 3943 prostibulum
1813 3888 1865 3944 po-

156 3961 230 4032 quit,
245 3961 336 4018 enibct
352 3962 410 4031 teu,
426 3965 454 4017 et
469 3959 589 4017 verbum
603 3961 724 4017 Domini
745 3959 782 4016 de
794 3960 984 4017 Hierusalem
1039 3961 1265 4026 suitidolorum‚
1279 3963 1307 4016 et
1328 3958 1483 4016 haereticus
1507 3959 1537 4016 in
1566 3960 1719 4031 trigarium
1743 3960 1862 4015 inclusit

156 4047 238 4120 (lsai.
253 4053 295 4116 u).
311 4051 344 4104 Et
353 4063 407 4122 per
416 4048 621 4106 Psalmistom:
637 4051 754 4121 Ditiqit,
768 4049 873 4122 inquit,
886 4051 985 4106 Domi·
1037 4066 1180 4107 errorum.
1197 4052 1231 4105 Et
1244 4048 1376 4121 puellam
1388 4049 1587 4106 vendiderunt
1601 4066 1656 4123 pro
1670 4050 1740 4106 vino
1769 4055 1800 4105 ut
1823 4050 1865 4105 bi-

155 4153 212 4194 nus
231 4143 331 4207 postas
351 4139 424 4194 Sion
444 4154 534 4209 super
554 4139 654 4195 omnia
675 4138 872 4196 tabernacula
891 4139 983 4197 rocol
1036 4140 1140 4197 herent
1155 4157 1161 4195 z
1178 4138 1250 4212 quia
1264 4137 1398 4196 animam
1413 4138 1512 4196 adium
1529 4140 1588 4196 tide
1610 4144 1752 4208 teneram,
1776 4139 1864 4195 mori-

155 4227 248 4300 (Psat.
266 4227 389 4300 ansusi).
404 4226 541 4301 Sequitur
556 4245 563 4284 :
581 4227 656 4294 Quia
670 4244 738 4285 ecce
752 4228 782 4285 in
797 4227 903 4285 diebus
915 4228 980 4296 illis,
1037 4228 1095 4285 bus
1109 4226 1278 4293 delicatam,
1294 4227 1452 4286 idololatra
1467 4229 1554 4285 donis
1578 4234 1606 4285 et
1627 4229 1782 4302 promissis
1803 4245 1866 4284 cor-

155 4320 209 4373 etc.
226 4320 258 4372 ln
272 4315 378 4373 diebus
398 4316 546 4390 siquidem
567 4317 725 4390 passionis,
748 4321 777 4374 ct
796 4318 983 4374 resurrectio·
997 4287 1021 4345 ὓ
1037 4333 1191 4392 rumpens,
1221 4317 1378 4374 hereticus
1404 4324 1552 4375 venenato
1578 4318 1741 4397 verborum
1767 4318 1864 4374 colore

154 4405 283 4463 niseum
298 4405 495 4480 captivitatem
509 4406 748 4476 Dominuslnda,
764 4407 983 4464 etHierusalem
1037 4406 1283 4479 circumveniens,
1312 4408 1495 4479 segmentis
1523 4406 1690 4480 sophisticis
1708 4408 1862 4474 seducens,

155 4495 316 4563 convertit;
332 4512 402 4552 cum
424 4496 533 4553 scilicet
557 4497 595 4553 de
614 4496 682 4553 filiis
705 4497 831 4553 Abrahae
845 4496 982 4567 eligendo
1036 4496 1284 4570 mancipaverunt
1298 4513 1365 4554 eam
1381 4496 1492 4552 ‘lraercsi
1520 4495 1566 4551 vel
1594 4496 1776 4565 idololatria,
1791 4496 1865 4554 acei-

155 4581 211 4639 sibi
233 4583 346 4657 aliquot
364 4584 489 4652 vocavit,
514 4585 650 4641 vocando
672 4584 851 4656 justificavit,
878 4601 982 4640 omnes

155 4676 257 4741 gentes
278 4671 308 4727 in
331 4671 408 4728 valle
430 4674 573 4747 iosaphat
596 4675 809 4746 congregando
836 4675 981 4743 deduxit,

1037 4585 1152 4659 pientes
1167 4585 1204 4642 de
1216 4585 1368 4658 triumpho
1382 4585 1407 4655 ej
1413 4602 1446 4640 us
1458 4583 1563 4641 vinum
1577 4584 1693 4641 lentie.

1074 4677 1244 4732 Messenen.
1270 4677 1339 4730 Duae
1373 4677 1441 4729 sunt
1470 4673 1637 4746 spirituales
1662 4674 1862 4747 captivitates:

154 4760 227 4834 quia
241 4759 349 4817 scilicet
360 4762 441 4834 justa
455 4763 618 4832 etgratuita
628 4764 840 4832 misericordia,
857 4767 931 4822 alios
941 4765 984 4835 se-

155 4850 275 4907 cucuso
289 4852 498 4910 misericordia
512 4855 543 4910 iu
557 4855 686 4925 qtoriam
698 4870 711 4926 ,·
724 4855 799 4911 alios
810 4857 902 4924 iustu
911 4870 982 4912 oasa

154 4939 208 4996 ira
222 4940 253 4995 iu
268 4940 432 5014 interitum,
448 4948 476 4999 ct
489 4945 698 5000 contumeliam
718 4943 811 5015 (Itorn
828 4943 876 5015 rx).
891 4942 982 5016 Moysi

154 5028 235 5086 enim
249 5028 342 5087 divit:
361 5031 523 5088 disercior
545 5033 596 5090 cui
617 5033 748 5104 volume,
771 5038 799 5088 et
818 5033 982 5089 misericor-

154 5117 234 5176 diam
244 5120 395 5190 praestabo
417 5123 467 5177 cui
479 5121 639 5178 miserebor
652 5120 760 5192 (Euod.
777 5120 886 5192 xxxin).
902 5123 981 5177 losa-

154 5207 226 5280 phat
247 5209 398 5279 judicium
423 5211 545 5265 Domini
566 5209 783 5280 interpretatur,
814 5224 867 5275 per
898 5209 980 5282 qtrod

153 5283 307 5373 damnatio
321 5296 519 5371 reproborum
542 5296 723 5367 designatur.
738 5300 770 5352 ln
785 5301 918 5369 tempore
931 5297 981 5368 iai-

155 5388 201 5440 tur
215 5387 415 5443 conversionis
439 5388 600 5445 electorum
619 5386 797 5461 reprobatur
822 5386 981 5443 multitudo

1038 4765 1193 4837 captivitas
1206 4763 1315 4820 scilicet
1326 4762 1412 4831 luda,
1429 4762 1459 4819 id
1474 4768 1517 4820 est
1533 4763 1726 4821 corilessionis
1739 4783 1746 4832 ;
1758 4769 1787 4821 et
1797 4781 1865 4838 enp-

1038 4852 1135 4910 tivitas
1148 4851 1340 4920 Hierusalem,
1356 4851 1386 4907 id
1401 4857 1444 4909 cst
1459 4852 1726 4926 contemplationis.
1737 4855 1864 4920 Quando

1038 4941 1249 5014 contemplatio
1265 4940 1440 5014 captivatur,
1458 4942 1555 4998 statim
1566 4942 1668 4999 anima
1679 4943 1756 4998 curis
1767 4943 1865 5016 impu-

1038 5036 1154 5105 gnatur,
1169 5031 1295 5104 negotiis
1310 5031 1662 5106 occupatur,tumultibus
1673 5037 1701 5089 et
1710 5032 1864 5089 desideriis

1036 5121 1141 5178 illicitis
1156 5119 1319 5178 infestatur.
1336 5121 1462 5187 Quando
1477 5139 1548 5178 sero
1571 5121 1718 5179 consessio
1728 5122 1820 5179 tendit
1834 5121 1864 5178 in

1037 5210 1248 5283 captivitatem,
1264 5214 1334 5265 turxc
1349 5210 1448 5266 infelix
1460 5211 1488 5266 in
1505 5211 1642 5267 tenebras
1657 5211 1809 5267 deseendit
1823 5211 1864 5271 si-

1036 5300 1145 5371 tiorum
1158 5305 1186 5355 ct
1200 5300 1415 5373 desperationis
1428 5301 1636 5357 caittmitatem.
1657 5303 1736 5357 Titne
1752 5301 1862 5357 ‹liemo-

1037 5404 1089 5444 nes
1105 5393 1214 5446 terram
1229 5390 1355 5458 Domini,
1367 5391 1461 5458 idest,
1477 5390 1596 5447 fidelem
1624 5390 1757 5447 anirnam
1785 5389 1862 5443 vitiis¹

152 5471 314 5547 impiorum
330 5493 337 5543 3
353 5476 424 5549 qnia
438 5477 469 5534 in
487 5477 610 5536 articulo
625 5482 654 5535 ct
667 5477 808 5552 mysterio
821 5476 981 5536 cominius
1034 5477 1187 5545 dividuum
1198 5495 1287 5553 super
1300 5479 1593 5555 populumvirtntvun
1604 5484 1863 5553 peccatornmsor-

152 5560 301 5636 passionis
315 5577 406 5625 causa
420 5571 448 5624 et
462 5583 582 5630 summa
598 5567 700 5630 salutis
714 5570 830 5629 constat
843 5571 871 5627 ot
885 5566 981 5641 perdi-
1034 5571 1095 5628 tem
1106 5568 1235 5628 mittunt.
1251 5571 1330 5628 Tunc
1346 5583 1481 5642 priorum,
1498 5568 1592 5637 idest,
1607 5568 1764 5642 puritatem
1776 5582 1862 5624 men·
