3832 6044
171 127 222 180 tot
358 125 511 181 hunonis
530 126 575 181 DE
596 127 623 181 S.
644 125 792 183 vicione
811 127 978 185 capenas
997 129 1017 185 1.
1038 154 1072 168 -
1091 126 1293 183 execution.
1314 157 1348 167 -
1368 130 1402 184 IN
1423 128 1451 184 S.
1473 127 1699 185 scurrilitas.
1823 130 1877 186 loa

173 245 277 317 gignit,
292 247 403 306 invidia
427 248 582 322 quiaquia
603 262 763 306 commune
787 249 924 308 omnium
947 249 1001 307 bo·
1017 237 1112 317 A'tur,
1124 265 1178 323 per
1191 248 1341 308 luxuriam
1355 248 1548 307 conculcatur
1559 253 1589 307 at
1601 249 1632 305 in
1653 250 1750 309 lutum
1777 250 1883 323 redigi-

173 350 248 392 num
259 334 380 405 diligere
393 336 497 404 noluit,
522 339 600 392 recte
614 351 695 393 nunc
709 337 781 394 boni
807 336 896 396 alieni
908 337 1001 396 livore
1056 343 1103 396 tur
1119 358 1125 395 :
1141 339 1183 397 ita
1198 340 1301 411 utjam
1312 338 1402 398 miser
1410 337 1508 397 dicere
1519 339 1629 413 possit:
1641 339 1757 409 lnfiens
1772 356 1837 397 snm
1851 340 1881 398 in

173 425 308 484 tabescit.
333 428 431 493 Quam
444 426 578 498 proiecto
597 425 700 484 abente
728 427 871 486 felicitatis
886 444 1001 486 succes·
1057 429 1126 485 timo
1138 429 1298 501 profundi,
1314 435 1342 486 et
1356 434 1470 487 nonest
1484 429 1662 486 substantie.
1685 429 1758 487 Veni
1770 431 1802 487 in
1816 432 1883 488 attt-

175 530 226 572 sus
236 528 299 572 uon
312 518 421 583 ureret,
436 512 461 571 si
475 514 613 584 illumin
627 532 689 589 quo
702 533 791 573 omne
816 517 930 574 bonum
946 520 1000 587 est,
1057 518 1190 576 tudinem
1204 519 1337 577 montet
1352 525 1509 590 tempestas
1518 518 1712 578 demersttme
1726 519 1881 592 (Pactu).

174 619 228 673 ρει
238 619 373 662 amorem
396 605 571 678 possideret.
600 609 658 663 Nec
672 607 752 665 enim
780 607 911 664 alienum
924 623 942 663 a
971 623 1002 663 se
1056 608 1192 679 Cumque
1202 606 1272 664 huic
1285 607 1358 665 limo
1371 607 1513 679 profundi
1525 606 1644 665 animus
1660 607 1749 667 luerit
1762 607 1882 677 infixus,

172 693 321 766 judicaret
333 693 449 750 bonum
460 693 589 762 alterius,
602 695 626 750 si
637 711 726 752 suum
741 695 781 752 ibi
795 695 939 766 diligeret,
950 694 1002 751 ubi
1057 698 1085 750 et
1095 693 1158 750 luto
1172 695 1422 769 coinquinationis
1446 699 1475 753 ct
1487 695 1684 753 immunditie
1712 696 1882 765 obvolutus,

175 786 204 840 et
218 799 316 850 suum,
333 783 491 839 etaltcrius
502 782 618 840 bonum
629 783 718 840 simul
728 785 903 858 possideret.
920 787 1003 842 Nunc
1056 782 1140 839 avelli
1161 798 1356 857 nequaquam
1383 788 1489 857 potest,
1511 784 1714 841 nisiadillum
1739 785 1883 842 clametet

175 885 247 941 ergo
261 875 409 944 quantum
424 886 455 927 sc
468 887 521 943 ρει
535 871 693 929 elationem
717 877 820 930 contra
835 876 1002 931 Creatorem
1057 871 1122 943 ejus
1137 871 1281 929 auxilium
1295 872 1447 944 postulet?
1463 875 1503 930 lle
1523 889 1585 946 quo
1599 874 1763 943 Psalmista,
1787 874 1883 947 loqui-

176 958 297 1025 axtollit‚
314 962 430 1016 tantum
444 973 498 1032 per
511 958 635 1018 livorem
646 961 703 1018 sub
717 962 855 1034 proximo
864 960 944 1018 cadit
957 979 963 1028 ;
976 963 1005 1017 et
1057 963 1114 1028 tur,
1130 960 1232 1016 dicens
1247 960 1451 1031 :Respectans
1473 964 1645 1031 exspectavi
1656 963 1826 1035 Dominum,
1857 969 1884 1018 et

88 1084 89 1087 =
176 1052 324 1123 quantum
334 1049 375 1104 ibi
390 1047 531 1106 fallaciter
541 1049 671 1120 erigitur,
683 1051 1004 1108 tantumhicveraoiter
1056 1048 1186 1105 intendit
1199 1049 1281 1106 mitit.
1298 1050 1338 1106 Et
1353 1051 1507 1107 ecandtvn
1518 1066 1621 1121 preces
1636 1065 1725 1120 mens,
1739 1057 1767 1108 et
1780 1052 1884 1109 ederit

175 1138 387 1212 precipitatur.
405 1138 461 1195 Sed
474 1154 572 1212 neque
599 1139 647 1196 hic
674 1140 775 1198 sistere
788 1144 886 1214 potest
913 1140 1004 1197 semel
1056 1138 1152 1194 mede
1167 1138 1236 1195 ἱειιι
1250 1139 1423 1209 miserete,et
1438 1139 1475 1196 de
1490 1139 1552 1197 tuto
1563 1140 1649 1210 fecis
1662 1140 1755 1210 (Psat.
1771 1144 1884 1208 xxxxv),

177 1230 275 1300 coepta
285 1227 435 1300 corruptio
448 1242 536 1284 :mox
546 1228 627 1284 enim
637 1232 670 1285 ut
683 1228 720 1286 da
731 1229 883 1302 superbia,
893 1228 1004 1285 invidia
1057 1226 1214 1297 Propterea
1238 1239 1309 1295 ergo
1336 1225 1399 1298 ipse
1414 1240 1469 1281 nos
1496 1241 1582 1283 orare
1608 1225 1718 1295 docuit,
1744 1231 1776 1284 ut
1790 1231 1885 1284 totum

173 1319 248 1373 nata
261 1314 357 1382 fuerit,
372 1314 449 1372 iram
463 1315 530 1389 ipsa
539 1316 577 1373 de
600 1331 632 1373 se
645 1316 738 1390 parit;
753 1319 825 1392 quia
839 1318 929 1375 miser
943 1316 1005 1376 aui·
1057 1313 1173 1369 bonum
1187 1316 1323 1370 nostrum
1334 1313 1374 1371 ab
1387 1314 1452 1387 ipso
1463 1314 1509 1383 sil,
1524 1320 1557 1373 ut
1570 1319 1599 1372 ei
1608 1315 1691 1389 quod
1705 1314 1845 1389 petimus,
1858 1319 1886 1370 ei

175 1419 244 1461 mus
254 1407 413 1476 propterea
424 1404 490 1475 jam
504 1404 560 1460 sibi
579 1404 636 1478 ipsi
649 1405 686 1462 de
701 1422 756 1464 sue
782 1406 1004 1480 imperfectione
1058 1400 1142 1476 quod
1156 1405 1288 1474 petentes
1302 1402 1476 1476 accipimus,
1503 1403 1568 1476 ejus
1592 1404 1717 1472 donum,
1743 1419 1806 1461 non
1818 1418 1887 1460 nos-

176 1493 321 1561 irascitur,
338 1493 454 1567 quiade
464 1493 546 1552 bono
557 1494 677 1552 alterius
691 1510 745 1569 ρει
759 1496 933 1555 charitatem
943 1511 1005 1552 non
1059 1494 1138 1548 hum
1177 1490 1317 1549 meritum
1349 1507 1414 1550 essa
1452 1492 1661 1566 intelligamus.
1689 1492 1788 1550 Prima
1813 1508 1886 1565 ergo

175 1583 301 1641 letatur.
317 1585 412 1655 Atque
426 1582 494 1640 ideo
508 1583 540 1640 id
551 1584 652 1653 eiam,
665 1586 749 1658 quod
763 1585 863 1654 habet,
875 1586 933 1660 ipsi
945 1584 1005 1642 die
1023 1597 1043 1652 B
1059 1579 1161 1654 petitio
1176 1584 1280 1639 contra
1292 1582 1465 1656 superbiam
1487 1585 1540 1652 est,
1556 1598 1617 1657 qua
1645 1585 1704 1640 lieo
1729 1582 1860 1639 dicimus
1878 1601 1884 1638 :

176 1669 285 1746 plicare
308 1669 419 1744 incipit,
442 1672 587 1745 quoniam
601 1672 631 1730 in
647 1672 705 1730 alio
720 1674 761 1742 id,
787 1675 870 1748 quod
893 1673 1003 1731 habere
1057 1670 1269 1740 Sanctificetur
1287 1686 1395 1729 nomas
1417 1677 1511 1728 tunm.
1528 1673 1588 1729 lloc
1602 1671 1682 1730 anim
1709 1671 1840 1745 petimus
1854 1676 1887 1728 ut

175 1774 238 1818 non
248 1762 353 1832 potest,
370 1760 514 1831 agnoscit.
539 1760 595 1826 Qui
608 1776 678 1834 ergo
702 1777 756 1835 per
776 1762 950 1820 charitatem
973 1762 1003 1819 in
1058 1757 1108 1815 det
1122 1757 1210 1815 nobis
1224 1757 1327 1816 timere
1341 1763 1371 1815 et
1383 1759 1519 1817 venerari
1532 1775 1645 1819 nomen
1657 1775 1756 1828 suum,
1783 1763 1886 1833 quate·

176 1850 238 1908 ileo
252 1852 347 1906 totum
367 1848 478 1906 habere
490 1849 594 1923 potuit,
611 1849 642 1908 id
670 1850 770 1919 etiam,
784 1851 867 1925 quod
880 1867 933 1925 per
945 1850 1004 1908 ela-
1058 1861 1116 1904 nus
1137 1846 1164 1903 ei
1189 1861 1243 1920 per
1265 1847 1464 1906 humilitatem
1482 1848 1609 1921 subjecti
1635 1849 1738 1917 ειιιιιιε,
1767 1849 1819 1922 qui
1831 1864 1885 1922 per

176 1940 379 1998 tiencmextra
390 1942 483 1997 Deum
491 1940 603 1998 habere
613 1940 788 2009 conabatur,
801 1918 1004 2015 perinvidi'am
1058 1935 1230 2010 superbiam
1244 1935 1406 1995 rebelleset
1421 1945 1614 1996 contumaces
1625 1938 1801 1996 exstitimus.
1813 1939 1884 1996 lluic

177 2028 300 2087 stiram
314 2028 439 2086 amittit:
463 2030 544 2102 quia,
574 2034 736 2104 postquam
750 2045 804 2103 per
831 2029 1004 2102 superbiam
1058 2025 1190 2098 petitioni
1201 2025 1289 2082 datur
1303 2025 1557 2099 donumspintus
1572 2027 1686 2084 timoris
1711 2028 1837 2097 Domini,
1853 2032 1886 2084 ut

179 2120 275 2176 ileum
288 2117 405 2185 amittit,
422 2133 476 2191 per
496 2117 641 2177 invidiam
655 2118 753 2192 perdit
774 2119 957 2192 proximum,
976 2122 1005 2175 et
1058 2113 1158 2172 illaad
1173 2130 1224 2172 cor
1238 2114 1361 2172 veniens
1374 2115 1513 2174 virtutem
1522 2116 1553 2174 in
1568 2132 1605 2172 eo
1619 2121 1699 2174 creat
1712 2116 1884 2174 humilitatis

177 2207 318 2281 perirem
338 2206 542 2280 semetipsum.
559 2207 634 2273 Quia
647 2208 735 2280 igitur
749 2207 890 2265 omnibus
918 2207 1005 2266 amis-
1059 2201 1282 2276 quesuperbioe
1292 2201 1434 2260 morbum
1443 2204 1884 2277 sanettquatenusadregnum

178 2297 218 2352 sis
233 2295 307 2354 nihil
321 2301 456 2369 superest
469 2296 549 2354 unde
561 2297 799 2367 gaudeatinielix
813 2297 1003 2365 couscientia,
1060 2292 1214 2360 coelorum,
1230 2291 1313 2365 quod
1327 2293 1452 2364 augelus
1473 2293 1623 2366 superbus
1636 2310 1690 2366 per
1711 2293 1885 2351 eiectionem

177 2401 231 2460 ρει
245 2385 393 2443 tristitiam
406 2385 438 2443 in
466 2386 626 2461 semetipsa
649 2386 805 2455 colliditur,
821 2391 850 2444 et
871 2403 940 2460 quse
968 2386 1005 2443 de
1059 2379 1196 2454 perdidit.
1213 2380 1305 2438 homo
1317 2381 1439 2438 humilis
1452 2383 1608 2455 pervenire
1630 2383 1731 2456 possit.
1749 2382 1886 2441 Secunda

178 2474 276 2534 alieno
285 2475 368 2532 bono
387 2475 435 2548 pie
449 2475 544 2532 letari
570 2476 676 2545 uoluit,
692 2476 730 2533 de
752 2491 806 2533 suo
833 2476 913 2534 malo
925 2477 1005 2548 juste
1058 2467 1161 2542 petitio
1175 2471 1219 2525 est
1232 2472 1336 2530 eontra
1349 2467 1505 2539 invidiam,
1519 2485 1581 2544 qua
1595 2469 1719 2528 dicitur:
1734 2471 1886 2528 Adveniet

177 2564 336 2622 cruciatur.
352 2566 421 2621 Post
449 2563 623 2637 superbiam
647 2580 728 2636 ergo,
752 2569 781 2623 et
797 2563 952 2633 invidiam,
977 2568 1006 2622 et
1058 2573 1183 2628 reditum
1208 2562 1302 2614 illum·
1327 2560 1463 2627 Regnum
1488 2559 1636 2633 Siquidem
1659 2560 1709 2616 Dei
1737 2563 1782 2616 esi
1805 2559 1887 2616 Salus

177 2652 349 2723 iramque
371 2650 526 2708 bominem
554 2651 693 2724 spoliant,
722 2652 864 2710 continuo
892 2652 1005 2710 tristitia
1059 2645 1318 2718 hominum;quia
1331 2650 1402 2703 tunc
1418 2648 1495 2703 Deus
1523 2647 1554 2705 in
1573 2647 1745 2705 hominibus
1757 2663 1886 2719 regnare

178 2738 321 2812 sequitur,
333 2754 402 2812 qum
412 2738 560 2796 nudatum
575 2738 716 2810 flagellat.
731 2739 784 2797 Cui
807 2739 915 2798 deinde
939 2756 1005 2798 suc·
1058 2734 1175 2804 dicitur,
1190 2734 1315 2809 quando
1326 2735 1384 2808 ipsi
1398 2735 1535 2794 homines
1552 2738 1611 2794 lieo
1637 2737 1847 2809 subjiciuntur,
1859 2742 1888 2793 et

178 2826 256 2885 cedit
269 2826 483 2899 avaritiaque
496 2826 679 2898 flagellatum
690 2827 769 2900 ejicit
780 2846 786 2896 ;
796 2828 877 2902 quia,
888 2827 1005 2886 interno
1058 2823 1150 2882 modo
1163 2823 1190 2882 ei
1204 2823 1387 2882 adherendo
1406 2840 1460 2898 ρει
1472 2824 1563 2883 fidem
1576 2830 1605 2883 et
1618 2829 1687 2899 post
1711 2826 1886 2886 inhaerendo

178 2914 290 2988 gaudio
306 2915 428 2984 amisso,
444 2914 515 2973 ioris
529 2915 764 2975 consolationem
777 2933 910 2991 querere
925 2934 1005 2976 com·
1024 2928 1113 3010 μοι·
1138 2911 1278 2985 speeiem.
1308 2912 1365 2980 Qui
1399 2928 1469 2985 ergo
1493 2913 1575 2987 petit,
1615 2919 1648 2971 ut
1682 2930 1811 2985 regnum
1835 2917 1887 2972 Del

177 3003 306 3079 pellitur.
321 3007 426 3062 Postea
439 3005 553 3062 accedit
567 3005 647 3077 gida,
663 3022 731 3080 quae
744 3008 872 3079 ejectum
880 3008 1004 3077 seducit,
1060 3001 1201 3059 adveniat
1223 3001 1270 3058 ille
1289 3002 1422 3075 proiecto
1445 3001 1572 3061 salutem
1586 3004 1693 3076 querit
1709 3004 1885 3073 hominum;

177 3093 250 3168 quia
264 3093 398 3151 animam
418 3093 613 3152 exterioribus
640 3094 805 3153 inhiantem
819 3096 877 3153 hoe
900 3095 1006 3155 vitium
1059 3106 1095 3147 ac
1119 3106 1172 3164 per
1196 3090 1253 3148 hoc
1279 3091 1354 3167 dum
1378 3106 1434 3164 pro
1455 3092 1609 3149 communi
1633 3091 1769 3150 omnium
1792 3092 1886 3149 salute

177 3182 325 3256 imprimis
335 3182 422 3256 quasi
437 3199 453 3240 e
467 3181 564 3240 vicium
578 3186 695 3241 tentans
705 3199 759 3257 per
772 3183 873 3258 ipsum
886 3189 1006 3242 natura·
1059 3179 1199 3252 postulat,
1224 3179 1325 3237 livoris
1339 3179 1444 3237 ιιιιιιιιι
1459 3196 1491 3236 se
1513 3181 1674 3253 reprobare
1691 3181 1886 3239 demonstrat.

175 3271 237 3328 lem
266 3272 432 3346 appetitum
472 3272 513 3329 ad
550 3287 707 3330 excessum
733 3271 824 3331 illicit.
855 3275 1006 3332 Postremo
1061 3268 1133 3326 Huic
1156 3268 1290 3342 petitioni
1305 3268 1394 3326 datur
1422 3269 1542 3343 spiritus
1561 3269 1687 3344 pietatis,
1700 3274 1733 3327 ut
1759 3270 1824 3344 ipse
1848 3271 1888 3328 ad

177 3361 348 3434 supervenit
374 3361 502 3429 luxuria,
518 3377 586 3434 quse
601 3362 758 3420 seductum
785 3361 928 3420 violenter
947 3378 1006 3419 ser·
1060 3374 1112 3416 cor
1125 3357 1256 3426 veniens,
1272 3358 1312 3416 ad
1326 3358 1540 3429 benignitatem
1547 3358 1620 3417 illud
1633 3359 1777 3418 accendat
1792 3376 1798 3415 :
1815 3375 1888 3434 qua-

176 3449 260 3506 vituti
286 3449 422 3520 subjicit;
456 3449 536 3522 quia,
573 3453 735 3523 postquam
767 3465 838 3507 caro
864 3466 917 3525 par
944 3467 1007 3510 cra·
1062 3451 1147 3505 tenus
1161 3448 1200 3505 ad
1215 3447 1355 3504 eamdem
1368 3448 1461 3505 homo
1482 3450 1598 3505 oeternoe
1624 3448 1804 3506 haereditatis
1818 3465 1887 3522 pos-

176 3536 283 3610 pulam
306 3535 493 3594 inflammata
514 3541 567 3605 cst,
591 3538 730 3596 ardorem
758 3539 889 3597 libidinis
904 3555 1006 3614 super·
1061 3536 1234 3605 sessionem,
1255 3537 1294 3594 ad
1315 3552 1409 3610 quam
1436 3536 1511 3595 alios
1537 3537 1692 3610 pervenire
1718 3538 1808 3611 cupit,
1823 3538 1887 3611 ipse

175 3624 343 3683 venientem
370 3625 528 3694 emollitus,
553 3630 643 3698 atque
680 3627 826 3686 enerviter
858 3627 1006 3686 resolutus
1060 3627 1223 3701 perveniat.
1237 3626 1331 3684 Tertia
1344 3625 1501 3700 petitioast
1514 3629 1617 3684 contra
1640 3627 1727 3697 iram,
1742 3643 1803 3702 qua
1816 3627 1889 3686 dici·

176 3711 296 3771 animus
310 3712 428 3769 vincere
452 3728 514 3769 non
524 3717 630 3786 potest.
654 3713 747 3772 Servit
765 3714 854 3786 igitur
883 3716 1006 3773 saevissi·
1061 3720 1107 3774 tur
1119 3735 1125 3773 ι
1137 3717 1208 3775 Fiat
1223 3718 1362 3774 voluntas
1378 3722 1441 3787 tna,
1458 3718 1534 3772 sicut
1548 3719 1580 3773 tn
1595 3719 1679 3788 eoelo,
1694 3724 1722 3775 et
1746 3719 1776 3773 in
1792 3723 1885 3774 terna.

176 3818 225 3860 mc
249 3800 414 3860 dominatio
441 3815 527 3857 mens
562 3801 687 3875 turpiter
715 3802 856 3871 subacta;
881 3809 919 3874 et,
949 3806 1006 3863 nisi
1059 3809 1123 3864 Non
1138 3806 1218 3865 enim
1232 3805 1293 3861 vult
1307 3805 1497 3872 contendero,
1525 3806 1578 3878 qui
1591 3806 1662 3863 dicit
1676 3824 1682 3862 ι
1696 3808 1768 3864 Fiet
1782 3808 1887 3865 cotan·

177 3894 299 3949 exorata
335 3888 492 3947 subveniat
531 3889 691 3948 salvatoris
717 3891 821 3965 pictas,
863 3909 924 3952 non
953 3895 1007 3951 erit
1061 3901 1108 3952 tos
1123 3900 1176 3953 tna
1192 3912 1199 3950 ε
1215 3893 1333 3950 sedsibi
1348 3893 1466 3967 placere
1480 3893 1592 3951 indicat
1610 3894 1757 3968 quidquid
1782 3895 1887 3951 volun·

173 3977 238 4051 jam
251 3977 332 4035 unde
356 3975 481 4049 captivae
497 3976 635 4035 servienti
654 3978 765 4036 amissa
784 3980 954 4039 restituatur
973 3981 1006 4039 li-
1059 3987 1105 4040 tas
1119 3981 1180 4051 liei,
1209 3981 1268 4038 sive
1294 3981 1325 4039 in
1353 3999 1395 4052 se,
1411 3983 1516 4043 sivein
1536 3983 1601 4041 aliis
1628 3984 1795 4041 secundum
1810 3984 1888 4040 arhi-

175 4067 284 4125 bertas.
1059 4071 1149 4128 trium
1190 4087 1251 4127 sure
1293 4071 1474 4143 dignationis
1511 4072 1673 4146 dispensat.
1709 4073 1781 4130 lluic
1813 4087 1885 4143 ergo

176 4177 243 4234 Car.
261 4178 305 4232 lll.
321 4207 355 4217 -
371 4176 481 4246 (initas
496 4176 595 4233 sancti
607 4177 741 4248 Spiritus
767 4178 852 4235 dorsis
869 4185 928 4235 tres
940 4182 1004 4249 pri·
1058 4159 1191 4233 Petitioni
1210 4161 1298 4219 dimi
1327 4160 1447 4234 slmitiis
1471 4160 1609 4228 Sciessiiffls
1623 4166 1656 4218 Ut
1679 4162 1742 4234 iPse
1767 4162 1806 4220 ad
1834 4177 1886 4218 ⁰⁰?

209 4262 265 4305 mac
277 4249 440 4305 Domtntcae
449 4249 593 4306 orationis
605 4250 763 4318 petitiones
778 4251 977 4320 respondeant
992 4267 1004 4309 .·
1057 4249 1188 4317 veniens,
1205 4250 1322 4307 erudiat
1335 4250 1419 4321 illud,
1430 4255 1458 4307 et
1472 4251 1628 4308 salubriter
1643 4256 1837 4324 compungat,
1854 4255 1887 4307 ut

209 4324 239 4376 ⁶2
252 4319 359 4390 quibui
373 4320 451 4376 viliis
466 4320 655 4378 medeamur·
1022 4307 1045 4362 ὓ
1058 4338 1233 4397 sciathomo
1248 4339 1373 4407 malum,
1385 4340 1467 4413 quod
1478 4340 1597 4413 patitur,
1607 4355 1708 4396 exsua
1719 4339 1808 4414 eulpa
1818 4355 1886 4413 pro·

211 4425 487 4499 Sequunturitaque
496 4431 611 4499 septem
617 4426 771 4499 petitiones
778 4432 880 4485 contra
889 4433 1002 4502 septem
1057 4428 1174 4486 venire:
1192 4429 1304 4511 siquid
1318 4433 1419 4487 autem
1432 4428 1505 4485 honi
1518 4429 1656 4487 habuerit
1670 4445 1706 4487 ex
1720 4429 1885 4487 miscricor-

173 4515 245 4574 vitia
258 4514 563 4590 :quibusilleoratur,
572 4515 777 4584 utsubveniat,
789 4516 841 4591 qui
851 4532 907 4573 nos
917 4533 1002 4576 orare
1057 4517 1107 4575 dia
1122 4518 1172 4575 liei
1182 4518 1353 4592 procedere,
1370 4532 1405 4574 ac
1419 4533 1473 4590 per
1486 4519 1543 4575 hoc
1556 4518 1660 4587 discat,
1672 4518 1770 4575 sivein
1784 4517 1882 4586 malis,

173 4604 364 4675 docentibus.
376 4607 428 4672 xi),
444 4608 472 4660 ct
484 4603 1002 4678 quodorantibusspiritumbonum
1055 4623 1124 4681 quae
1137 4607 1270 4674 sustinet,
1286 4606 1388 4663 sivein
1399 4606 1497 4674 bouis,
1512 4622 1580 4679 qum
1591 4607 1762 4674 nonhabet,
1780 4612 1883 4664 contra

174 4691 214 4749 ad
228 4691 607 4750 sanandavulueranostra
618 4692 692 4751 etad
707 4693 884 4752 solvendum
892 4695 1001 4767 jugum
1056 4700 1224 4756 Creatorem
1238 4712 1300 4754 uon
1323 4696 1420 4763 irasci,
1435 4695 1488 4752 sed
1511 4697 1680 4769 peremnia
1707 4696 1883 4769 patientiam

173 4778 351 4853 captivitatis
367 4783 476 4836 nostrae
491 4780 616 4837 daturus
638 4787 724 4851 esset,
750 4783 928 4858 repromisit.
944 4785 1001 4843 Sed
1055 4787 1205 4844 exhibere.
1217 4786 1332 4860 Optime
1347 4801 1418 4859 orgo
1432 4801 1486 4859 per
1508 4786 1771 4859 compunctionem
1786 4787 1883 4844 cordis

172 4883 238 4938 nos,
255 4872 419 4941 numquam
447 4869 487 4928 ad
510 4870 752 4943 explanationem
766 4874 875 4931 harum
902 4873 1002 4933 venia·
1055 4876 1133 4948 (quae
1147 4874 1253 4948 spiritu
1267 4875 1395 4932 scientie
1413 4879 1565 4948 operante,
1592 4875 1714 4933 interius
1736 4891 1773 4933 ex
1787 4875 1884 4934 humi·

172 4973 251 5027 mus,
266 4957 350 5031 prius
359 4958 499 5016 volumus
507 4959 673 5018 aliaadhuo
682 4961 1002 5020 similitudinedemon-
1054 4963 1134 5020 litate
1149 4962 1290 5028 nascituri
1314 4963 1358 5020 ira
1373 4968 1401 5020 et
1426 4962 1591 5035 indignatio
1613 4963 1706 5020 animi
1730 4965 1882 5035 mitigatur

173 5053 265 5107 strare
280 5050 469 5123 quantumin
484 5049 571 5108 nobis
592 5051 813 5123 corruptionem
829 5052 1009 5126 supradicta.
1054 5052 1126 5125 quia
1140 5067 1312 5109 econverso
1327 5052 1447 5110 stultum
1469 5053 1514 5109 ira
1538 5052 1691 5120 interiecit,
1714 5054 1838 5128 quando
1851 5054 1881 5109 in

170 5137 242 5195 vitia
255 5142 455 5209 genereut3ut
468 5141 581 5211 quanto
595 5138 788 5211 periculosior
802 5139 929 5210 languor
955 5156 1001 5197 os·
1055 5139 1186 5197 adversis
1213 5157 1266 5213 per
1289 5140 1480 5213 impatientiae
1507 5141 1610 5199 vitium
1624 5142 1761 5212 agitatus,
1792 5147 1881 5215 atquc

171 5228 311 5296 tenditur,
321 5232 402 5285 tanto
413 5227 508 5298 magn
528 5227 697 5284 necessaria
706 5228 854 5285 medicina
864 5245 1002 5302 compro·
1055 5233 1192 5297 cecatus,
1213 5229 1259 5286 vel
1283 5229 1398 5286 malum
1425 5229 1509 5302 quod
1533 5230 1643 5303 patitur
1666 5246 1697 5286 se
1725 5230 1879 5293 meruisse,

171 5315 267 5374 betur.
284 5321 337 5375 Per
351 5316 523 5390 superbiam
539 5317 628 5387 igitur
645 5333 697 5374 cor
711 5316 841 5384 inflatur,
852 5333 906 5391 ρει
927 5317 1000 5374 invi·
1052 5315 1099 5374 vel
1121 5317 1238 5375 bouum
1263 5318 1346 5391 quod
1376 5317 1467 5374 habet
1494 5334 1547 5390 per
1574 5319 1699 5390 gratiam
1729 5318 1880 5389 accepisse

171 5401 254 5460 diam
265 5405 379 5473 arescit,
392 5405 528 5477 perirem
536 5409 646 5479 crepat,
660 5421 713 5478 per
725 5404 1000 5462 tristitiamconteri-
1052 5422 1115 5463 non
1134 5405 1278 5478 agnoscit.
1303 5408 1383 5462 Hauc
1399 5406 1547 5473 virtutem,
1569 5406 1656 5463 idest
1676 5406 1880 5477 compunctio-

172 5493 229 5557 tur,
237 5495 265 5547 et
277 5492 363 5564 quasi
373 5493 403 5548 in
425 5493 581 5567 pulverem
599 5494 752 5564 redigitur,
768 5508 822 5566 per
846 5493 1000 5551 avaritiam
1052 5510 1133 5561 nem,
1150 5493 1212 5550 sive
1226 5493 1371 5562 dolorem,
1388 5495 1546 5567 praemium
1560 5492 1769 5550 consolationis
1783 5493 1880 5564 sequi-

171 5576 360 5652 dispergitur,
377 5596 429 5653 per
443 5583 546 5651 gulam
561 5582 690 5654 inlicitur
704 5587 733 5640 et
745 5583 832 5656 quasi
847 5582 1000 5641 humecta·
1052 5583 1220 5658 tur,utqui
1235 5599 1266 5640 se
1280 5583 1327 5641 hic
1341 5586 1446 5659 sponte
1472 5597 1574 5641 coram
1590 5585 1650 5639 lieo
1671 5596 1724 5655 per
1745 5580 1879 5638 lamenta
