3832 6044
105 143 157 198 783
432 135 583 192 uuuouts
598 134 643 188 DE
659 134 687 189 S.
703 129 852 188 VlCTORE
867 128 941 184 ΟΡΡ.
957 127 1046 183 PARS
1061 128 1081 182 l.
1107 156 1142 167 -
1169 126 1360 183 exuemus
1373 126 1489 181 ructu.

105 261 194 321 nobis
208 260 308 317 hodie.
323 263 395 315 Ecce
411 273 472 315 non
487 256 602 313 solliciti
617 272 722 312 sumus
736 256 774 312 de
788 253 931 320 crastiu03
951 256 975 308 Α
990 251 1060 320 ficit,
1075 251 1187 309 recedit
1199 251 1239 308 ab
1255 249 1402 308 columen
1415 248 1554 316 veritatis,
1565 251 1667 305 etnon
1683 251 1735 305 sta·

105 351 284 411 hodiernam
310 351 427 404 tentum
448 345 555 418 stipem
584 345 722 418 petimus.
749 348 859 401 Panem
881 358 934 398 no·
989 357 1025 399 ea
1040 358 1167 415 semper.
1179 344 1338 414 Propterea
1348 340 1411 396 dies
1422 340 1486 411 ejus
1501 343 1657 396 transeunt
1670 342 1704 395 et
1729 356 1735 393 a

106 447 201 500 strum
215 436 426 513 quotidianum
439 435 580 492 danobis
604 434 702 491 hodie.
732 433 876 491 Nolumus
903 437 935 488 ut
989 430 1065 487 dunt
1078 428 1256 503 postlumen
1272 427 1410 496 tenebrae,
1433 427 1557 500 quando
1572 443 1626 500 per
1639 427 1735 500 culpe

105 529 190 605 apud
228 542 285 584 nos
314 540 428 582 manna
454 528 540 581 tuum
576 527 734 597 putrescat.
764 521 934 593 colligimus
988 517 1059 575 ritas
1086 516 1279 591 relinquitur;
1295 520 1405 590 etpost
1430 515 1568 572 tenebras
1595 531 1723 572 rursum

105 620 254 694 quantum
269 612 438 682 sufficit,'ct
455 628 512 669 nos
526 611 657 685 amplius
681 627 743 667 non
767 608 934 680 colligimus
989 606 1050 675 lux,
1065 606 1304 679 quaudoanima
1318 605 1482 678 inpeccato
1492 605 1596 676 jacens
1611 620 1665 678 per
1695 620 1735 676 gr,

104 707 163 764 nisi
176 709 290 780 quanto
305 703 347 760 uti
366 718 539 776 possumus.
553 705 663 757 Panem
678 703 814 757 nostrum
838 698 934 770 quoti-
988 694 1570 765 1111111101111011301111131111,
1586 693 1651 750 dies
1677 699 1735 763 est,

104 796 231 853 dianum
251 793 293 851 de
318 791 406 848 nobis
429 790 536 860 bodic;
562 790 729 846 secundum
756 791 934 862 praesentem
988 784 1306 859 illuminaturquando
1319 784 1453 841 visitatur
1465 802 1472 851 ;
1484 783 1532 840 hic
1546 783 1735 841 hodiernus«

105 882 365 950 illuminationem,
395 879 497 952 praebe
523 878 729 936 reiectionem.
740 880 892 944 Quantum
903 875 935 930 il-
989 874 1029 930 do
1042 873 1323 946 resectioqnaeritm,
1349 873 1585 946 quiapucventa
1611 889 1666 946 per
1694 889 1735 943 gn

105 970 268 1043 luminasti,
283 974 401 1027 tantum
421 967 529 1037 rcfice;
545 972 694 1040 quantum
717 964 825 1022 dedisti
848 964 933 1029 scire,
988 965 1091 1021 anima
1104 964 1144 1020 ad
1156 964 1338 1021 desiderium
1354 963 1506 1020 excitatur.
1529 966 1563 1020 Et
1575 968 1649 1021 nota
1672 980 1735 1038 quo

105 1066 223 1120 tuntum
234 1061 277 1117 da
291 1058 422 1129 (litigem.
439 1056 583 1114 Nolumus
598 1055 724 1128 utapud
737 1071 793 1111 nos
816 1053 934 1111 dilectio
988 1053 1035 1109 nis
1048 1051 1097 1109 hic
1111 1051 1304 1125 quotidianus
1314 1052 1432 1120 dicitur,
1444 1051 1517 1124 qnia
1531 1051 1702 1109 secundino
1717 1068 1735 1109 n

106 1154 159 1208 tua
179 1149 243 1207 sine
267 1145 389 1204 scientia
410 1145 543 1215 excedat,
568 1143 641 1217 quia
663 1143 746 1216 quod
772 1143 934 1200 secuudum
988 1157 1056 1197 rum
1067 1139 1265 1215 spiritualium
1278 1140 1536 1197 illuminationum
1549 1140 1669 1197 reiectio
1699 1140 1735 1198 in·

104 1241 260 1297 scientium
274 1253 335 1295 areo
349 1235 447 1306 agitur
468 1235 564 1302 (Rom.
580 1233 619 1305 x),
635 1230 867 1304 reprehensibile
879 1234 933 1297 est,
988 1229 1154 1287 dulcedinis
1180 1230 1403 1304 multiplicatur.
1442 1229 1703 1287 Considerandum

105 1327 195 1385 etiam
210 1327 234 1383 si
249 1342 286 1383 ex
300 1323 361 1382 zelo
374 1321 494 1395 justitiae
513 1319 582 1377 oriri
607 1319 934 1391 videatur;p1optercu
988 1319 1143 1394 quomodo
1156 1321 1221 1376 haec
1247 1319 1348 1393 petitio
1362 1335 1417 1393 pro
1444 1319 1516 1377 sitio
1543 1319 1653 1375 acediae
1682 1335 1735 1376 san

106 1420 283 1488 arguuntur,
298 1413 351 1487 qui
368 1411 466 1468 zelum
488 1409 661 1466 habuerunt
682 1422 744 1463 non
768 1405 934 1462 secundum
989 1409 1157 1482 supplicare
1168 1409 1285 1478 dicitur,
1299 1409 1330 1466 in
1344 1424 1406 1481 qua
1420 1424 1481 1464 non
1496 1408 1662 1478 fastidiens,
1688 1409 1735 1466 sec

107 1505 270 1574 scientiam3
284 1503 338 1578 qui
351 1501 430 1558 ultra
443 1497 692 1556 illuminationem
704 1495 876 1568 protrahere
885 1510 933 1550 vo·
979 1497 1067 1578 ‘ricus
1081 1503 1110 1555 et
1125 1498 1300 1556 desiderans
1315 1514 1400 1554 orare
1427 1502 1622 1555 memoratur.
1640 1497 1701 1555 Sed
1729 1515 1735 1553 a

106 1596 226 1652 luerunt
235 1590 435 1650 reiectionem.
452 1590 541 1644 Nocte
552 1585 746 1643 comederunt
756 1583 868 1652 cibum,
881 1581 934 1655 qni
949 1606 969 1661 Β
988 1588 1062 1644 alum
1076 1592 1130 1656 est,
1145 1587 1294 1662 quodnisi
1308 1604 1394 1644 mens
1404 1587 1516 1644 orantis
1528 1587 1611 1660 prius
1627 1604 1684 1661 per
1692 1603 1735 1659 gra

106 1699 169 1740 non
182 1682 281 1740 nisiin
293 1681 342 1737 die
352 1677 518 1736 sumendus
533 1675 638 1732 iuerat.
665 1673 735 1729 ldeo
761 1677 935 1729 erraverunt
988 1678 1028 1733 ad
1038 1677 1220 1734 desiderium
1245 1676 1317 1733 boui
1342 1676 1467 1733 excitata
1480 1680 1566 1744 essct,
1590 1693 1735 1750 nunquur

107 1770 300 1831 etebriitacti
314 1772 392 1835 sunt,
406 1771 514 1823 utnon
539 1762 736 1831 intelligerent
762 1761 835 1833 quid
857 1760 934 1817 tace·
988 1768 1232 1841 persequendum
1242 1767 1358 1824 malum
1373 1783 1462 1823 suum
1477 1766 1711 1824 convalesceret.

106 1867 181 1919 rent.
195 1863 315 1933 Propter
329 1859 387 1913 boc
401 1870 512 1929 panem
524 1856 661 1908 nostrum
670 1849 881 1923 quotidianum
894 1851 934 1907 da
989 1856 1067 1912 circo
1081 1872 1117 1912 eo
1129 1856 1286 1924 desiderio,
1303 1873 1365 1929 quo
1378 1872 1432 1929 per
1446 1855 1572 1926 gratiam
1583 1860 1691 1914 contra
1706 1873 1735 1914 m

107 1949 194 2007 nobis
207 1947 296 2005 hodie
309 1965 316 2015 ;
331 1946 371 2001 da
386 1959 506 2016 panem,
522 1943 563 1998 da
582 1940 791 2009 retectionem3
807 1940 934 1997 verbum
989 1962 1078 2001 suum
1092 1946 1283 2014 accenditur;
1311 1945 1419 2001 eodem
1442 1945 1639 2018 postmodum
1652 1962 1712 2019 pro

106 2042 192 2095 tuum
206 2035 326 2092 reiectio
353 2032 460 2091 animoe
476 2035 529 2088 est.
544 2032 613 2088 Non
628 2029 708 2085 enirn
723 2031 754 2086 in
770 2031 833 2087 soto
853 2046 935 2100 purae
988 2034 1135 2090 desiderio
1146 2035 1282 2090 sanando
1293 2038 1358 2091 orat
1368 2052 1375 2103 3
1387 2033 1458 2107 quia
1468 2033 1525 2089 nisi
1535 2033 1731 2106 aliquatenus

106 2127 179 2183 vivit
193 2125 289 2196 borao,
304 2123 356 2181 scd
368 2124 401 2178 iar
415 2121 497 2178 oartui
509 2119 607 2191 ver'bo,
635 2119 715 2190 qued
736 2120 872 2189 procedit
898 2120 935 2176 dc
989 2123 1117 2196 perdidit
1131 2123 1260 2192 sentiret,
1274 2123 1358 2196 quod
1367 2123 1477 2195 patitur
1490 2138 1550 2178 non
1577 2122 1704 2182 doleret.
1721 2127 1735 2180 1

106 2230 157 2272 ore
170 2215 227 2271 Dei
251 2212 372 2281 (Mutela.
393 2215 443 2280 11).
472 2214 549 2279 Ergo
574 2208 671 2282 pascit
697 2208 834 2278 verbnm,
860 2209 936 2266 sicut
988 2227 1043 2268 nec
1058 2217 1161 2268 eontra
1175 2211 1348 2286 superbiam
1361 2227 1446 2267 orare
1463 2215 1569 2284 potest,
1583 2210 1642 2268 nisi
1655 2212 1735 2286 qui*

106 2303 203 2376 pascit
215 2301 311 2375 panis,
340 2299 486 2373 quoniam
500 2299 602 2372 ipsum
626 2296 751 2354 terbum
764 2302 809 2354 est
835 2298 932 2371 panis.
988 2301 1135 2358 desiderio
1145 2300 1453 2358 humilitatembabet.
1467 2305 1524 2357 Nec
1539 2305 1646 2358 contra
1665 2301 1735 2358 invia

106 2396 150 2451 Da
163 2407 235 2463 ergo
244 2391 370 2450 verbnm
382 2394 478 2457 tuum,
493 2392 526 2444 ut
538 2387 655 2445 reficias
674 2387 791 2443 artimus
805 2393 932 2446 nostras.
988 2390 1044 2446 nisi
1056 2391 1108 2464 qui
1123 2391 1229 2448 saltem
1252 2390 1283 2446 in
1296 2390 1404 2447 affectu
1430 2389 1647 2460 benignitatem
1676 2406 1735 2464 pos

106 2482 184 2550 Quid
195 2486 240 2538 est
257 2480 384 2537 verbum
411 2483 497 2535 tuum
505 2478 519 2534 ‘l
534 2476 652 2534 veritas.
679 2475 754 2534 Mitte
780 2476 934 2535 veritatem
990 2480 1035 2538 Sic
1048 2481 1278 2538 mansuetudine
1293 2480 1487 2548 contraitum,
1497 2480 1539 2535 sic
1551 2480 1704 2538 desiderio
1719 2497 1735 2538 c

104 2576 189 2629 tuam
204 2571 297 2627 incer
310 2573 457 2636 nostrum,
473 2571 507 2623 ut
520 2565 636 2623 reticius
658 2582 723 2623 nos,
739 2567 815 2624 Mitte
829 2567 934 2624 verita·
987 2569 1125 2626 acediam
1139 2569 1363 2643 supplicamus;
1385 2573 1488 2625 contra
1502 2569 1661 2626 avaritiam
1689 2585 1735 2627 ora

104 2667 165 2719 tem
178 2667 207 2718 et
220 2676 290 2718 eum
304 2659 426 2716 veritate
449 2658 633 2714 charitatem.
648 2657 752 2714 Veniat
772 2657 869 2726 Filius,
886 2674 933 2714 re-
986 2658 1164 2729 indulgendi
1177 2657 1324 2716 desiderio
1352 2657 1546 2715 accendimru
1559 2675 1566 2724 ;
1581 2661 1688 2715 eontra
1719 2672 1735 2729 g

103 2751 166 2809 niet
180 2766 250 2808 eum
262 2748 332 2806 lilio
346 2747 472 2825 Spiritus
487 2750 608 2804 sanetus
624 2764 631 2814 ;
646 2745 737 2802 ambo
751 2745 883 2815 veniant,
900 2751 933 2803 ut
989 2747 1201 2820 supplicantes,
1213 2745 1401 2804 continentiae
1420 2745 1553 2820 appetitu
1580 2745 1735 2805 inflamma

103 2840 222 2898 reiectio
236 2839 273 2895 sit
283 2837 383 2912 plena,
398 2835 544 2893 illuminet
556 2834 674 2904 veritas,
699 2834 813 2892 reficiat
837 2835 931 2892 chari·
985 2839 1137 2893 Postremo
1151 2835 1208 2893 nisi
1234 2852 1321 2894 amor
1348 2835 1489 2893 castitatis
1504 2834 1533 2890 in
1556 2833 1710 2893 desiderio

102 2935 158 2988 tas.
175 2933 249 2987 Nam
263 2928 329 3001 ipsa
354 2925 481 2993 dilectio,
507 2925 573 2998 ipsa
586 2929 631 2980 cst
659 2923 788 2981 reiectio.
819 2929 930 2982 Panem
946 2960 968 3018 c
984 2942 1074 2984 nemo
1088 2932 1192 2983 contra
1212 2930 1313 2999 turpes
1326 2924 1451 2982 luxuriae
1475 2924 1690 2982 delectationes
1714 2943 1735 2984 o

102 3024 239 3077 nostrum
279 3015 490 3092 quotidianum
513 3014 555 3071 du
579 3013 667 3070 nobis
701 3013 802 3070 bodie.
831 3015 930 3074 Videte
984 3017 1215 3083 nemiundcret3
1230 3015 1313 3089 prius
1328 3030 1399 3085 ergo
1425 3013 1599 3082 excitamur,
1614 3020 1650 3071 ut
1674 3014 1735 3073 veli

102 3107 176 3182 quid
189 3106 288 3164 dicat:
308 3108 420 3162 Panem
445 3108 582 3160 nostrum
600 3100 811 3175 quotidianum
825 3103 866 3161 da
879 3120 931 3162 no·
984 3110 1088 3180 postea
1102 3121 1235 3174 oramus,
1249 3109 1282 3161 ut
1296 3104 1426 3178 amplius
1451 3104 1612 3177 possimus,
1629 3103 1712 3163 sicut
1731 3126 1735 3161 a

100 3197 148 3254 bis
162 3195 262 3254 hodie.
288 3199 320 3252 ln
346 3193 394 3251 die
422 3192 562 3266 praesenti
597 3190 787 3249 relectionem
813 3194 928 3266 quaerit.
984 3199 1047 3251 tum
1063 3199 1108 3251 est
1123 3213 1129 3251 :
1147 3195 1324 3265 Concupivit
1340 3195 1519 3251 aniaucmca
1544 3193 1735 3265 desiderare,

100 3285 167 3343 Dies
182 3285 263 3342 enim
276 3282 441 3341 hodiernus
452 3297 585 3355 praesens
603 3284 657 3349 est,
674 3279 750 3336 sicut
774 3282 929 3339 bestemus
982 3286 1136 3353 flectiones
1149 3291 1216 3341 tuas
1231 3285 1263 3340 iar
1286 3284 1367 3340 omrai
1381 3289 1512 3352 tempore
1526 3282 1621 3355 (Psoi.
1638 3284 1735 3358 ext-m]

100 3373 276 3446 preteritas,
290 3371 436 3429 crastinus
464 3370 592 3427 tuturus.
608 3372 712 3435 Quaere
726 3368 807 3427 diem
832 3369 927 3439 intus;
983 3389 1173 3447 ergopanem
1186 3377 1321 3429 nostrum
1331 3371 1542 3445 quotidianum
1552 3371 1693 3428 danobis
1706 3372 1735 3430 lu

100 3461 125 3516 si
139 3461 219 3517 intus
232 3459 423 3516 reiectionem
436 3459 585 3529 agnoscis,
595 3458 676 3514 intus
699 3458 794 3516 habes
807 3475 927 3532 punem,
983 3464 1033 3533 da,
1047 3479 1120 3521 nam
1135 3463 1172 3520 dc
1184 3462 1339 3535 praeteritis
1354 3460 1464 3532 gratias
1479 3460 1662 3531 egimusne
1677 3477 1735 3535 prs

100 3548 181 3606 intus
195 3548 285 3604 diem.
299 3551 375 3604 Nam
387 3548 425 3603 de
440 3546 576 3602 exteriori
592 3561 670 3619 pane
688 3552 717 3603 ct
730 3547 767 3603 de
794 3549 929 3605 exteriori
982 3551 1198 3625 supplicamus.
1227 3551 1385 3617 Quomodo
1400 3549 1500 3606 futura
1523 3546 1672 3619 eveniant,
1687 3567 1735 3608 no

99 3636 147 3694 die
162 3634 312 3709 (quamvis
323 3639 352 3690 ei
374 3635 415 3690 illi
442 3651 461 3690 ἃ
475 3636 535 3690 ὓθῡ
550 3635 609 3691 Sint
633 3637 661 3689 et
688 3649 707 3689 a
734 3637 794 3690 lie0
809 3634 929 3707 petendi
983 3646 1078 3698 strum
1091 3646 1136 3697 est
1149 3657 1281 3714 quaerere
1296 3640 1349 3696 sed
1364 3644 1449 3696 tuum
1471 3644 1514 3696 est
1528 3639 1698 3712 providere.
1714 3644 1735 3699 lt

99 3725 168 3795 sint)
183 3740 264 3782 nunc
287 3722 397 3791 siletur,
423 3725 545 3795 propter
571 3721 766 3778 intentionem
787 3722 926 3780 melioris.
981 3745 1043 3786 non
1053 3744 1197 3799 rogamus
1211 3746 1266 3802 pro
1284 3728 1432 3795 0rastino;
1448 3728 1500 3802 qui
1515 3732 1615 3784 utrum
1631 3728 1724 3786 nobis

100 3818 202 3882 Quaere
213 3829 284 3884 ergo
296 3811 376 3869 intus
388 3811 479 3879 diem,
495 3826 596 3883 quaere
610 3810 691 3867 intus
716 3827 837 3884 panem.
853 3815 928 3869 Nam
981 3814 1134 3871 cedendus
1149 3814 1194 3881 sit,
1207 3814 1403 3884 ignoramus3
1430 3828 1586 3886 speramus
1603 3817 1717 3882 tamen,

100 3902 125 3958 si
139 3902 187 3960 ille
202 3902 255 3976 qni
269 3899 398 3958 reficitur
412 3899 491 3956 intus
503 3903 557 3967 est,
569 3898 648 3954 intus
663 3904 774 3973 estquo
787 3900 925 3969 reficitur,
981 3902 1063 3959 niam
1079 3903 1176 3960 necin
1192 3902 1241 3960 illo
1257 3902 1344 3960 nobis
1358 3901 1474 3973 largitio
1486 3904 1536 3958 tua
1550 3901 1654 3970 decrit,
1671 3903 1735 3960 siu

99 3990 179 4047 intus
206 3993 250 4046 est
274 3988 398 4062 quando
425 3987 564 4045 relicitur.
595 3986 708 4045 Clamat
733 3988 780 4044 hic
794 3989 927 4046 esuriens
981 3997 1025 4049 tas
1038 3993 1194 4062 tuafuerit,
1216 3998 1249 4051 ut
1262 3993 1398 4049 adillum
1412 3990 1634 4065 perveniamus.
1664 3991 1735 4067 Scri1

99 4082 128 4135 et
140 4077 248 4152 quaerit
260 4077 451 4135 reiectionem
466 4075 512 4133 sui
523 4091 561 4132 nc
589 4074 716 4132 deficiat.
742 4076 857 4134 Clamat
866 4077 927 4134 ani-
980 4083 1093 4156 quippe
1108 4088 1173 4140 est:
1190 4084 1275 4140 ,lesus
1290 4082 1426 4139 Obrutus
1440 4080 1506 4137 laea-i
1520 4086 1548 4137 et
1558 4080 1656 4150 dedic,
1673 4083 1735 4153 ipre

98 4182 159 4234 ma,
173 4166 296 4239 ipsaest
320 4165 464 4233 esuriens,
477 4168 507 4221 et
532 4164 649 4221 utinam
672 4164 791 4235 esuriat,
814 4168 844 4222 et
869 4165 927 4223 hoc
980 4172 1208 4241 aaecataanetr.
1225 4172 1295 4244 xm).
1313 4171 1403 4241 igitur
1428 4184 1538 4243 panem
1552 4173 1693 4227 nostrum
1715 4186 1735 4245 q

99 4255 219 4324 11111111,
233 4255 317 4329 ‘luo‘l
342 4272 411 4311 eum
426 4253 513 4328 plene
540 4245 682 4326 1111111111,
707 4253 837 4326 amplius
864 4270 926 4311 non
980 4260 1105 4317 alianum
1115 4261 1156 4318 da
1169 4259 1352 4318 nobishodie
1369 4277 1376 4316 ε
1392 4258 1445 4332 qui
1455 4257 1570 4324 creasti,
1586 4274 1688 4332 pasce,
1698 4274 1735 4334 qo

97 4343 217 4402 esuriat·
232 4347 308 4416 Ergo
323 4342 425 4400 anima
438 4341 539 4398 esurit.
555 4341 633 4406 Quid
645 4346 689 4397 est
702 4341 837 4399 esuriret
851 4343 927 4400 desi·
980 4348 1048 4406 disti
1059 4349 1186 4418 initium,
1197 4354 1303 4423 praesta
1317 4348 1544 4404 nutrimentum.
1561 4349 1636 4403 Nam
1648 4347 1673 4403 si
1687 4351 1735 4404 tut

97 4434 213 4492 derare.
225 4435 322 4491 Esurit
331 4433 443 4502 anima,
459 4431 610 4489 desiderat
632 4430 743 4489 anima.
760 4431 837 4498 Quid
850 4433 926 4491 desi·
979 4437 1028 4507 ris,
1040 4439 1080 4496 ad
1093 4455 1185 4513 quem
1195 4436 1412 4511 respiciemus?
1426 4440 1527 4509 ltaque
1539 4451 1652 4508 panem
1674 4440 1735 4495 nost

97 4523 203 4581 derat?
218 4539 340 4597 panem.
354 4524 449 4589 Quem
464 4520 597 4593 pancm‘?
618 4519 782 4578 veritatem.
804 4525 859 4579 lste
882 4528 927 4581 est
979 4527 1189 4601 quotidianum
1200 4525 1340 4584 danobis
1356 4525 1454 4582 hodie.
1539 4556 1545 4561 ·

97 4611 185 4685 panis
199 4612 279 4682 eius3
291 4612 373 4667 hunc
385 4625 497 4682 panem
511 4608 569 4667 alia
583 4612 719 4667 creatma
733 4627 850 4668 sumere
863 4626 924 4668 non

97 4703 204 4771 potest,
220 4698 277 4755 nisi
291 4699 355 4756 sola
372 4698 526 4756 rationalis
551 4702 710 4772 propterea
724 4699 766 4756 ait
778 4716 796 4755 :v
814 4702 925 4756 Panem

97 4791 245 4844 nostrum.
260 4787 306 4843 Ad
319 4788 404 4844 hunc
415 4787 608 4857 iactisumus‚
620 4788 751 4845 adhunc
774 4789 864 4846 creati
878 4805 925 4846 su·
1013 4792 1136 4847 Dimitte
1150 4788 1233 4846 raetis
1247 4789 1345 4846 dedito
1369 4794 1472 4845 uestra
1484 4788 1560 4844 sicut
1575 4791 1603 4843 et
1617 4803 1673 4844 nos
1687 4786 1735 4845 dia

98 4892 176 4934 mue.
189 4879 347 4950 Propterea
360 4877 466 4951 inquit,
482 4877 523 4934 da
536 4877 609 4951 quia
620 4877 726 4935 creasti
735 4894 800 4948 uos,
817 4883 850 4936 ut
861 4879 924 4937 sine
978 4895 1043 4936 mur
1051 4879 1232 4936 debitoribus
1245 4879 1365 4934 uostris.
1375 4880 1441 4934 llaec
1452 4881 1496 4934 est
1505 4875 1610 4949 quinta
1619 4874 1735 4948 petitio,

98 4965 245 5040 paneisto
272 4981 335 5024 non
358 4965 505 5023 vivamus.
535 4969 646 5024 Panem
672 4970 810 5024 nostrum
829 4967 925 5041 quoti-
978 4966 1337 5026 contraritiumavaritiaa
1352 4965 1523 5040 opponitur.
1537 4967 1735 5038 conceperat«

96 5053 223 5115 diunum
237 5054 377 5112 danobis
390 5054 490 5112 hodie.
521 5054 598 5120 Quid
619 5059 673 5124 est,
687 5053 851 5111 hodietln
875 5054 924 5112 die
978 5059 1082 5133 spiritu
1097 5057 1278 5116 desiderium
1288 5054 1592 5128 indulgendiquitam
1605 5054 1735 5113 fideliter

96 5144 246 5221 praesenti.
271 5143 424 5212 intendite,
452 5143 554 5199 anima
580 5142 733 5200 rationalis
763 5142 805 5199 ita
825 5148 925 5201 creata
978 5147 1121 5205 didonem
1134 5146 1284 5222 proponit,
1309 5145 1423 5201 dimitte
1435 5144 1512 5200 sicut
1534 5141 1726 5202 dimittimus.

96 5234 410 5306 iuerat,utaveritatc
431 5231 648 5289 illuminaretur
659 5237 687 5288 ct
701 5231 802 5289 lumen
830 5232 924 5307 ipsius
978 5237 1058 5293 enim
1072 5235 1168 5309 parati
1184 5251 1289 5290 sumus
1315 5233 1476 5301 dimittere;
1490 5231 1558 5288 ideo
1574 5247 1680 5290 secure
1708 5245 1735 5291 ct

96 5326 227 5383 veritatis
250 5325 281 5380 in
309 5341 345 5381 ea
372 5339 531 5396 nunquam
556 5322 783 5391 obscuraretur;
800 5322 824 5377 si
852 5339 923 5393 ergo
977 5325 1087 5381 tionem
1096 5324 1285 5397 suscipimus
1297 5327 1338 5378 Tu
1352 5321 1446 5393 gratia
1459 5326 1510 5377 tua
1520 5322 1585 5391 jam
1598 5321 1735 5378 cordum

96 5414 223 5469 stetisset
236 5414 266 5469 in
280 5413 393 5468 lumine
419 5412 559 5480 raritatis,
586 5428 664 5467 unus
689 5409 729 5466 illi
756 5410 821 5466 dies
846 5417 923 5468 esset
976 5407 1735 5481 tetigisti‚utindulgentiamdiligamus.idcircosenti

97 5502 127 5554 ct
140 5499 187 5555 ille
199 5499 263 5555 dies
277 5507 405 5557 aeternus
425 5505 511 5570 esset,
527 5516 588 5556 non
610 5500 727 5557 habeus
748 5500 922 5558 hesternum
975 5501 1088 5558 bonam
1104 5500 1338 5557 misericordiam
1350 5503 1379 5556 ct
1392 5499 1530 5572 cupimus
1545 5498 1697 5570 adjurari,
1707 5503 1735 5557 ut

99 5586 327 5647 voleraatinum.
356 5595 440 5648 Nune
466 5593 567 5648 autem
594 5589 699 5664 qrriaa
724 5589 845 5650 veritate
872 5592 922 5649 de·
975 5587 1735 5667 plercpossimusquodprobamusttnimusnamqu

979 4657 1058 4718 Car.
1074 4655 1145 4717 Xll.
1162 4653 1207 4715 De
1221 4654 1328 4735 quairta
1338 4653 1486 4735 petitione
1512 4662 1616 4713 contra
1631 4652 1734 4714 aaaru
