3824 6052
53 156 108 209 62ῑί
150 190 153 197 -
398 155 624 220 QUAESTIONES
644 159 676 213 ΙΝ
698 156 886 213 aristatas
904 156 1017 211 rcum.
1039 106 1126 212 *rm
1146 155 1253 212 nptsr.
1273 156 1320 211 Ab
1340 156 1441 212 HEBR.
1571 167 1579 177 ‘
1659 172 1661 178 '
1719 161 1772 214 aas

54 277 79 331 si
91 276 224 334 Christus
243 275 409 333 decimatus
424 278 500 334 sicut
512 281 590 347 Levi,
615 279 770 352 quomodo
781 278 890 353 probat
907 281 932 334 Α
947 278 1040 334 titiani
1055 278 1220 334 habebant:
1232 279 1279 335 len
1289 278 1369 335 enim
1386 277 1492 335 delicta
1506 279 1711 348 ostenditnon
1722 279 1775 335 ab·

53 364 215 437 Apostolus
237 364 437 421 sacerdotium
460 367 565 422 Clnisti
583 367 749 423 sacerdotio
774 366 890 422 levitico
947 366 1036 422 stulit.

54 455 156 525 rnajus
171 470 236 509 esse
253 470 258 506 :
274 454 405 527 pcrhoc,
426 455 597 527 quorlorrlo
620 455 890 523 leviticusinlevi,
936 516 945 532 ‚
982 456 1110 520 Qt'asrre
1127 457 1235 510 LXXllt.
1256 455 1305 510 Ad
1333 456 1587 525 interpellandum
1598 470 1658 525 pro
1679 453 1774 527 notis,

55 543 94 599 sit
112 543 280 599 decimatus
295 543 324 599 in
339 543 516 601 Abraham?
533 545 654 602 Solutio.
669 548 761 602 Erant
768 545 892 618 quidam
947 546 1001 599 ete.
1017 543 1161 608 Quaeritur
1173 543 1327 617 quomode
1342 543 1473 600 Christus
1485 543 1714 616 interpelletpro
1723 557 1777 599 no-

55 638 84 688 et
105 632 179 689 torte
204 633 303 688 adhue
330 636 399 688 sant
421 632 553 689 <licentes
580 650 702 691 earnem
729 633 832 691 Christi
853 633 893 689 ab
946 631 993 686 bis
1008 632 1021 687 ‘l
1038 631 1158 688 solatio.
1173 632 1246 688 Dicit
1257 632 1406 704 expositor
1420 631 1503 704 quod
1516 629 1776 705 repraesentatione

54 722 153 778 hilam
167 737 261 794 usque
272 722 311 777 ad
322 721 466 792 virginem
476 721 633 793 integram,
647 728 675 779 ct
689 723 894 795 incorruptam
948 720 1003 789 sai,
1020 721 1103 794 quod
1114 721 1155 776 sie
1169 720 1395 792 intelligendum
1409 726 1453 776 est
1467 719 1549 792 quod
1559 719 1699 776 meritum
1709 734 1777 792 pas·

54 815 206 867 servatam
221 826 297 878 esse,
314 810 366 882 qui
390 825 449 866 non
466 816 535 868 sunt
558 811 709 868 audiendi.
737 811 804 868 Levi
821 826 893 881 ergo
948 809 1039 867 sionis
1053 827 1125 877 sure,
1141 826 1233 882 quam
1256 809 1288 864 in
1302 825 1357 865 sua
1368 808 1552 864 humanitate
1567 807 1710 876 exhibuit,
1720 820 1777 864 nos

54 907 100 957 cst
112 900 290 965 decimatus,
316 905 344 955 et
368 915 429 955 nou
446 900 587 969 Christus,
608 901 748 974 quamvis
769 904 893 973 uterque
948 898 1102 953 credentes
1116 897 1194 953 Patri
1214 896 1393 954 reconciliat.

53 990 98 1046 ibi
115 988 213 1055 luerit,
228 988 301 1061 quia
321 987 388 1043 Levi
411 987 479 1043 inde
499 990 646 1045 contraxit
670 988 750 1045 unde
766 988 894 1044 decima·
984 988 1113 1053 ernsrre
1134 988 1241 1042 LXXlV.
1267 987 1325 1053 Qui
1338 1001 1398 1042 nou
1413 985 1500 1042 hebet
1514 985 1644 1056 quetidie
1656 986 1779 1042 uecessi-

55 1077 131 1134 tioai
145 1077 306 1148 subjacuit,
322 1077 407 1132 idest
420 1076 552 1148 eulpam.
565 1078 696 1135 Christus
709 1075 893 1134 autemnihil
948 1081 1038 1133 tatem
1051 1076 1154 1148 (Hebe.
1168 1076 1237 1147 riri).
1251 1074 1396 1139 Quaeritur
1407 1074 1445 1131 de
1460 1072 1612 1130 sacrificiis
1621 1072 1694 1143 legis
1703 1072 1779 1146 quid

53 1168 127 1223 inite
142 1166 296 1233 contraxit,
323 1165 403 1221 unde
420 1166 609 1222 decimationi
634 1167 709 1223 toret
730 1166 891 1237 subjectus,

52 1257 145 1327 crrjus
159 1271 229 1311 earo
243 1270 305 1310 non
333 1253 452 1322 rufinus,
470 1254 522 1310 scd
537 1255 666 1311 vulneris
694 1254 894 1310 medicamen·

53 1351 122 1401 turn
153 1344 221 1399 inde
248 1343 403 1399 contraxit.
433 1343 485 1401 Cui
512 1343 651 1400 solutioni
670 1344 710 1399 sic
738 1342 890 1413 obiicitur:

948 1164 1078 1221 utilitatis
1095 1163 1284 1221 contulerunt
1299 1182 1305 1219 :
1321 1163 1459 1236 nunquid
1474 1167 1665 1236 peccatoram
1677 1162 1779 1219 remis·

948 1252 1062 1308 sionem
1077 1254 1091 1309 ‘l
1107 1251 1228 1308 Salutio.
1244 1254 1299 1307 Pro
1313 1250 1496 1325 quibusdam
1509 1249 1639 1322 peccatis
1651 1262 1779 1323 pecean-

945 1345 990 1398 tes
1005 1341 1240 1414 prohibebantur
1251 1341 1291 1396 ab
1304 1340 1450 1410 ingressa,
1466 1343 1494 1395 et
1507 1354 1562 1412 per
1573 1336 1718 1395 sacrificia
1735 1337 1779 1394 sic

52 1438 130 1490 Tota
144 1449 223 1504 curo,
240 1448 307 1506 quor
322 1431 377 1487 luit
405 1431 435 1487 in
452 1435 532 1488 lsaae
554 1449 589 1488 ex
604 1432 758 1488 Abrabam
772 1432 893 1486 descen·
947 1430 1216 1488 reconciliabantur
1232 1434 1263 1486 ut
1276 1429 1376 1486 liceret
1389 1428 1431 1485 eis
1439 1426 1558 1500 ingredi
1572 1426 1603 1483 in
1613 1426 1776 1500 templum:

52 1523 103 1578 elit
118 1521 286 1577 secundum
301 1537 494 1577 communem
512 1520 620 1591 legem,
636 1520 746 1576 scilicet
756 1536 810 1592 per
824 1535 893 1575 con·
948 1535 1008 1575 non
1036 1524 1136 1575 autem
1158 1535 1212 1591 per
1226 1518 1316 1574 talem
1329 1516 1537 1574 remissionem
1559 1514 1673 1573 fiebant
1694 1512 1778 1586 digni

53 1610 276 1683 cupiscentiarn
289 1628 296 1671 ς
311 1610 363 1666 sed
374 1626 444 1665 caro
470 1610 573 1666 Christi
588 1610 643 1667 luit
656 1611 687 1665 in
702 1613 783 1666 lsaac
799 1627 806 1665 ε
822 1624 893 1678 ergo
913 1607 1008 1682 pulta
1022 1611 1142 1663 aeterna.
1751 1642 1758 1651 -

51 1717 130 1756 earo
155 1699 260 1756 Christi
289 1715 343 1771 per
375 1698 647 1772 concupiscentiam
677 1698 831 1755 deseendit
857 1713 893 1753 ex
984 1697 1114 1761 Qt'nsrro
1128 1697 1222 1750 LXXV.
1238 1695 1274 1750 Si
1297 1709 1469 1765 erposuper
1490 1698 1604 1750 tmem
1617 1697 1700 1761 esset,
1724 1704 1778 1747 aar

54 1790 220 1846 Abraham.
238 1789 359 1845 Salutio.
388 1793 451 1845 Xon
466 1793 510 1845 est
531 1788 703 1861 simpliciter
725 1787 893 1843 conceden-
948 1783 1179 1855 essetsaeerrtos,
1192 1787 1246 1838 eto.
1263 1781 1408 1847 Quaeritur
1430 1781 1585 1854 quomodo
1597 1781 1661 1836 hoec
1675 1776 1779 1835 intelli-

54 1881 135 1935 ‹lura
148 1878 231 1951 quod
258 1894 327 1934 caro
343 1877 447 1934 Christi
462 1893 514 1950 per
538 1877 809 1950 concupiscentiam
823 1875 893 1931 inrle
948 1873 1072 1945 ganda?
1088 1871 1209 1930 Salutio.
1224 1872 1317 1943 liujus
1329 1870 1450 1944 capituli
1461 1870 1557 1927 littera
1568 1869 1668 1925 minus
1688 1867 1779 1925 conli-

57 1969 102 2024 sic
118 1966 305 2024 descenderit
321 1967 398 2027 :hec
420 1967 500 2023 enim
521 1971 607 2034 esset,
621 1965 704 2039 quod
718 1982 772 2039 per
786 1981 893 2021 concu·
948 1978 1023 2018 nens
1048 1966 1100 2029 est,
1121 1965 1150 2016 et
1173 1959 1291 2016 decisa:
1321 1959 1449 2031 ideoque
1478 1956 1637 2029 caliginem
1660 1955 1777 2027 ingerit.

56 2055 237 2130 piscantiam
256 2056 340 2112 lieret
354 2071 423 2112 earo
439 2055 544 2113 Christi
560 2073 566 2124 ;
584 2060 681 2128 potest
703 2059 803 2110 tamma
825 2044 894 2109 con'·
949 2050 1031 2107 Unde
1046 2050 1179 2123 quinque
1199 2047 1357 2122 exponitur
1370 2046 1479 2113 modis,
1503 2045 1579 2102 siout
1594 2044 1722 2102 habetur
1747 2042 1779 2099 in

56 2145 126 2201 cedi
140 2161 193 2218 per
221 2144 420 2200 divisionem:
444 2143 585 2216 qaudam
600 2159 679 2211 care,
707 2147 811 2215 postea
825 2158 893 2216 qure
950 2139 1065 2209 glossis.
1091 2142 1164 2194 Nota
1179 2138 1209 2193 in
1231 2136 1315 2193 omni
1332 2134 1478 2192 sacrificio
1492 2139 1622 2208 quatuor
1646 2130 1781 2190 conside-

59 2235 115 2290 tuit
142 2233 246 2289 Christi
271 2233 438 2289 seeundum
468 2248 661 2288 communem
689 2231 797 2302 legem,
824 2231 893 2286 inde
948 2232 1051 2284 rantur
1075 2227 1185 2283 scilicet
1212 2225 1260 2282 eui
1283 2224 1433 2291 offeratur,
1450 2228 1479 2279 et
1499 2239 1518 2279 a
1538 2238 1600 2296 quo
1626 2221 1778 2289 oller-alm,

57 2322 224 2389 descendit,
246 2338 314 2395 qaae
329 2321 458 2394 aprime
473 2321 594 2376 homine
609 2320 758 2392 usquead
773 2319 893 2377 llariam

59 2413 118 2468 snb
131 2409 267 2482 originali
280 2411 334 2467 tuit
347 2414 480 2484 peceato.

96 2541 226 2603 ansrro
243 2541 315 2595 LXX.
345 2539 504 2594 Translate
527 2537 703 2603 sacerdotio,
719 2550 834 2592 neeesse
852 2540 893 2591 est

62 2630 134 2697 lepis
145 2628 214 2697 fieri
234 2628 471 2684 translationem.
496 2625 593 2690 Qureri
620 2629 718 2697 potest
739 2621 893 2697 quomodo

61 2717 100 2772 acl
131 2715 288 2772 sacerdotii
315 2715 539 2771 translationem
566 2713 733 2769 necessario
752 2716 894 2785 sequatur

61 2805 135 2874 legis
150 2804 312 2861 translatio,
342 2803 462 2861 Soluti0.
486 2802 561 2867 Quia
582 2801 662 2858 enim
686 2800 775 2857 simul
793 2800 832 2856 ab
847 2815 894 2855 eo-

62 2895 131 2950 ‹lcrn
158 2894 214 2949 sub
239 2893 345 2950 cadem
371 2893 531 2965 sponsione
561 2896 687 2964 utraque
709 2890 780 2946 data
801 2894 891 2945 sant:

62 2983 197 3057 quotide
217 2998 278 3038 uno
294 2982 443 3048 asseritur,
460 2981 539 3037 etde
555 2980 646 3036 altere
659 2979 827 3035 necessario
851 2978 893 3033 in·
913 2980 933 3035 C

64 3072 211 3142 telligitur.
227 3070 277 3127 l'el
291 3072 359 3127 ideo
375 3070 516 3126 translato
532 3068 707 3136 sacerdotio,
725 3066 894 3124 necessario

63 3160 241 3217 transfertur
254 3159 300 3216 lex
317 3180 324 3228 ·,
340 3159 411 3233 quia
423 3159 491 3215 ideo
510 3158 544 3214 fir
560 3156 711 3214 translatio
726 3155 892 3223 sacerdotii,

60 3249 146 3323 quod
169 3249 233 3320 ejus
259 3249 422 3305 ministerio
449 3265 537 3304 nemo
561 3245 781 3319 justificabatur
804 3249 832 3300 et
853 3243 894 3300 sio

61 3342 184 3411 propter
198 3355 284 3395 suam
297 3336 537 3393 insufficientiam
559 3341 588 3392 ct
601 3333 803 3390 infirmitatem
818 3336 895 3388 tran·

61 3426 173 3482 slatum
188 3431 232 3483 est
248 3446 254 3496 ;
275 3427 327 3481 sed
351 3426 398 3482 lex
413 3442 497 3499 reque
526 3422 708 3481 insufficiens
722 3426 750 3478 et
763 3419 893 3477 infirma.

62 3517 146 3572 [nile
159 3514 336 3588 Apostolus:
357 3515 443 3571 h'ilril
465 3515 506 3571 ait
523 3515 689 3585 perfectura
702 3511 832 3568 addrccit
847 3510 896 3566 lea

62 3605 191 3676 (Heba).
214 3605 325 3660 Eadem
341 3621 411 3675 ergo
426 3603 598 3659 necessitate
621 3600 795 3657 transfertur
818 3598 894 3671 ipsa.

61 3696 137 3760 Quia
150 3699 289 3751 neutrum
305 3710 376 3765 erge
391 3693 486 3766 potuit
501 3706 722 3761 consummare,
742 3687 895 3759 utriusque

60 3785 96 3839 lit
112 3783 268 3839 translatio
286 3801 291 3839 :
308 3782 391 3856 quod
414 3781 578 3852 figuratum
598 3780 628 3835 in
644 3778 796 3835 sacerdote
815 3780 843 3831 et
857 3774 896 3830 le·

61 3873 133 3940 vita,
150 3872 338 3943 languidum,
361 3872 412 3946 qui
425 3871 528 3927 incidit
540 3871 571 3926 in
586 3870 726 3936 latrones
743 3871 897 3923 transeun-

62 3963 144 4017 tibus
159 3967 187 4017 et
206 3961 443 4018 inisericordiam
467 3957 626 4015 curationis
647 3973 709 4013 non
724 3952 897 4012 conferenti-

949 2318 1022 2390 quid
1051 2315 1202 2381 alteratur,
1233 2318 1262 2370 et
1292 2329 1346 2386 pro
1372 2311 1483 2385 quibus
1518 2310 1668 2366 offeratur.
1696 2308 1780 2366 ldem

948 2408 1011 2480 ipse
1045 2421 1123 2461 anus
1152 2403 1305 2476 utriusque
1337 2401 1484 2457 mediator
1514 2414 1568 2473 per
1599 2396 1779 2456 sacrificium

949 2494 1031 2567 pacis
1046 2490 1240 2549 reconcilians
1254 2506 1310 2546 nos
1326 2492 1395 2556 beo,
1411 2503 1506 2544 unum
1520 2502 1590 2543 eum
1604 2484 1655 2542 illo
1677 2498 1780 2543 manc·

949 2587 1001 2649 ret,
1018 2582 1065 2639 cui
1090 2580 1243 2648 offerebat,
1257 2577 1396 2636 nnumin
1412 2592 1442 2632 se
1465 2576 1575 2632 iaceret
1587 2589 1643 2647 pro
1666 2572 1778 2647 quibus

948 2671 1112 2738 offerebat3
1127 2685 1206 2725 unus
1219 2668 1283 2741 ipse
1298 2670 1385 2734 esset,
1412 2665 1464 2738 qui
1485 2662 1629 2729 offerebat
1642 2665 1671 2719 et
1694 2661 1779 2735 quod

948 2760 1101 2817 efferebat.

985 2852 1113 2915 Qtnsrro
1128 2848 1235 2903 LXXVt.
1253 2845 1311 2913 Qui
1321 2843 1498 2914 exemplare,
1514 2846 1541 2897 et
1556 2839 1668 2895 umbra
1682 2838 1778 2895 deser-

950 2940 1046 3005 viant,
1062 2941 1116 2992 ete.
1144 2933 1290 3001 Quaeritur
1310 2932 1393 3006 quod
1409 2931 1456 2987 hic
1480 2929 1596 2986 dicatur
1614 2925 1777 3000 exemplar.

951 3026 1071 3084 solutio.
1087 3024 1197 3080 Veritas
1212 3023 1242 3079 ia
1263 3026 1365 3077 monte
1379 3018 1471 3091 Moysi
1485 3021 1604 3074 ostensa
1626 3014 1734 3071 dicitur
1746 3012 1780 3069 fi-

949 3131 1093 3186 gurarum
1104 3113 1190 3183 justa
1218 3127 1249 3166 se
1264 3109 1411 3165 laetarum
1431 3103 1594 3178 exemplar.
1616 3106 1687 3160 ltem
1705 3101 1779 3174 ipsas

949 3205 1053 3273 ligura
1081 3201 1220 3256 dicuntur
1245 3196 1399 3269 exemplar
1425 3192 1647 3264 veritatisque
1674 3192 1780 3262 postea

950 3291 1072 3365 impleta
1086 3294 1129 3345 est
1145 3306 1152 3344 ε
1168 3293 1196 3344 ct
1210 3287 1259 3345 sic
1273 3287 1345 3359 ipsae
1369 3284 1474 3355 figurae
1497 3280 1616 3336 diverso
1642 3280 1780 3351 respecta

950 3385 979 3437 et
992 3379 1163 3452 exemplum
1178 3381 1206 3432 et
1218 3373 1371 3447 exemplar
1399 3371 1457 3428 diei
1471 3373 1606 3447 possunt.
1623 3364 1781 3439 Exemplar

950 3469 1029 3526 enim
1053 3466 1172 3540 proprie
1197 3464 1304 3521 dieitur
1318 3462 1357 3520 ad
1372 3462 1457 3534 cuius
1480 3456 1704 3515 similitudinem
1729 3453 1781 3512 ali·

949 3559 1023 3632 quid
1035 3559 1067 3614 tit
1085 3577 1091 3626 ;
1107 3555 1288 3628 exemplum,
1304 3552 1387 3626 quod
1401 3549 1470 3606 inde
1486 3547 1619 3605 trahitur.

987 3650 1116 3715 Ornsrro
1132 3647 1252 3701 LXXth.
1276 3644 1366 3709 Num,
1381 3642 1408 3696 si
1425 3639 1506 3696 illud
1513 3638 1601 3708 prius
1616 3635 1707 3705 calpa
1731 3647 1781 3691 aa·

952 3743 1056 3807 cassel,
1072 3740 1127 3792 etc.
1142 3738 1244 3791 Xonne
1258 3732 1306 3789 lea
1320 3730 1412 3796 bona,
1428 3731 1531 3783 saneta
1546 3729 1574 3782 et
1585 3741 1604 3780 a
1619 3727 1678 3780 beo
1689 3720 1781 3779 data?

952 3826 1106 3901 quomodo
1119 3839 1190 3893 ergo
1205 3838 1267 3879 non
1276 3823 1365 3876 vacat
1378 3835 1396 3874 a
1410 3816 1500 3890 eulpa
1514 3815 1528 3870 'l
1545 3812 1666 3871 Salutio.
1682 3813 1725 3868 Ea
1734 3825 1781 3867 ra·

953 3918 1031 3974 tione
1045 3915 1151 3972 dicitur
1166 3917 1250 3969 vetus
1278 3912 1489 3967 testamentum
1508 3922 1527 3961 a
1547 3902 1637 3976 eulpa
1649 3916 1712 3958 non
1730 3915 1782 3957 ra·
1890 3942 1893 3947 .

952 4022 1030 4073 care,
1046 4021 1108 4077 qua
1133 4002 1240 4057 dieitur
1259 3999 1307 4054 lex
1321 3997 1396 4054 iram
1420 3993 1548 4068 operari,
1565 3990 1684 4058 seilicet,
1709 3988 1783 4062 quia

62 4052 214 4123 t›us(Lac.
231 4053 269 4123 l)-
952 4112 1014 4152 nen
1028 4093 1178 4166 justificat,
1202 4095 1231 4146 et
1243 4088 1314 4161 quia
1341 4084 1475 4159 praecipit
1501 4080 1583 4156 quod
1610 4095 1672 4136 non
1687 4079 1784 4152 potest

101 4179 232 4242 Quasrro
255 4179 339 4233 LXXt.
364 4177 557 4245 illoriifesturu
584 4179 625 4228 est
643 4177 742 4227 eutem
765 4169 845 4240 qriod
858 4168 895 4223 de
953 4183 1016 4239 fieri
1031 4183 1094 4238 sing
1109 4178 1212 4251 gratia,

62 4265 145 4320 Jrulo
161 4271 244 4321 ortus
258 4271 300 4321 est
310 4266 455 4320 Dominus
470 4267 579 4318 uester.
595 4258 740 4322 Querttur
753 4255 841 4326 igitur
855 4270 894 4311 au
991 4275 1120 4338 Qfflsm
1136 4269 1268 4324 mum,
1284 4263 1429 4330 Qumjtur
1444 4276 1496 4316 eur
1509 4274 1570 4314 „011
1584 4273 1620 4313 ρο
1633 4256 1693 4312 ritu
1714 4252 1783 4310 0011.

63 4354 156 4410 ‘stiam
182 4358 278 4410 males
301 4354 394 4424 elus?
424 4351 544 4409 SOIUfiO·
576 4346 774 4414 Qfflffififfilem
802 4343 894 4410 fflafflv
916 4330 1022 4418 Durus
1039 4363 1132 4416 lleum
1145 4372 1206 4430 quo
1221 4353 1376 4410 coluerunt
1389 4364 1459 4405 eum
1472 4342 1720 4417 llebroeipatrest
1734 4343 1785 4398 So·

63 4458 160 4515 quam
181 4442 318 4516 superius
332 4441 489 4514 posuimus
501 4455 591 4511 super
618 4433 781 4509 Epistolam
793 4431 833 4487 ad
856 4430 897 4487 Ti·
956 4450 1039 4508 lupo·
1065 4447 1140 4515 Quia
1154 4444 1236 4502 apud
1251 4446 1328 4498 Deus
1350 4437 1491 4514 proeoepjt
1516 4434 1604 4492 nobis
1616 4447 1671 4506 per
1683 4432 1784 4504 pan-93

64 4534 233 4599 motheum,
257 4547 365 4587 reuoca
390 4527 640 4594 admemoriam,
666 4540 759 4598 quam
788 4521 901 4578 smum
955 4539 1024 4597 novi
1040 4534 1206 4595 testamenti
1223 4552 1229 4589 :
1247 4536 1346 4603 Neque
1367 4530 1432 4585 hare
1454 4528 1559 4582 eontra
1586 4527 1673 4579 vetus
1699 4522 1785 4576 testa·

63 4622 166 4678 scrisis
195 4621 329 4691 origenis
343 4620 477 4688 dicentis,
503 4618 585 4693 quod
600 4615 689 4673 llaria
704 4616 821 4669 tantum
847 4609 902 4665 luit
955 4633 1090 4685 mentum
1117 4628 1195 4691 sum,
1220 4637 1288 4696 qum
1313 4634 1369 4675 „03
1393 4616 1598 4682 observamus,
1623 4609 1720 4668 sedin
1733 4607 1785 4665 1110

64 4712 104 4767 de
118 4710 196 4767 tribu
206 4710 284 4778 Levi,
298 4714 327 4766 ct
341 4713 463 4781 propter
489 4707 599 4780 loseph
613 4708 730 4761 tanturn
744 4701 843 4756 (lictus
856 4702 901 4754 est
958 4717 1110 4793 mmmm,
1126 4719 1155 4770 et
1167 4709 1375 4787 proenunfiaia,

67 4800 212 4857 bomiuus
226 4799 264 4855 de
279 4799 358 4855 tribu
371 4798 456 4855 luda.
475 4796 541 4863 Sed,
555 4795 631 4850 sicut
640 4791 711 4860 dixi,
724 4790 792 4846 duce
808 4787 901 4844 tribus
994 4811 1122 4873 (ΜΒΝ)
1147 4807 1253 4861 LffiX·
1281 4805 1354 4857 stem
1369 4815 1422 4856 cur
1435 4795 1640 4853 auctoritatem
1654 4791 1733 4849 ffljus
1746 4793 1787 4846 ιθ,

65 4885 217 4959 permistae
233 4886 447 4957 eraatregalis
463 4889 492 4941 et
506 4879 707 4947 sacerdotalis
731 4877 902 4947 etrirgocn
958 4895 1096 4954 summust
1125 4890 1308 4950 teneamus?
1338 4886 1459 4946 golufio,
1485 4889 1525 4941 Ne
1548 4882 1710 4957 prophetas
1738 4894 1786 4936 εχ.

66 4980 153 5048 Ρίιηθ
167 4977 258 5049 patris
273 4977 311 5031 (¹⁰
326 4975 404 5032 tribu
425 4973 501 5030 Μ
524 4972 587 5039 fnit·
603 4975 632 5027 Εἴ
643 4986 679 5026 ⁰¹
700 4971 784 5041 parte
799 4963 902 5022 matris
959 4987 1156 5055 stinguamus
1184 4987 1213 5038 et
1235 4976 1436 5037 testimonium
1448 4974 1486 5031 de
1498 4972 1600 5031 medio
1625 4956 1787 5027 offeramus

66 5065 106 5121 de
117 5064 197 5121 [sibu
209 5064 285 5122 Levi·
474 5147 478 5153 ,
957 5074 1097 5131 veritatis.
1114 5075 1187 5129 Cum
1202 5086 1273 5140 ergo
1300 5065 1413 5140 aliquid
1427 5063 1543 5134 legitur,
1565 5060 1681 5135 quoda
1698 5053 1787 5111 nobis

104 5172 234 5234 ansrto
257 5175 354 5228 LXXlt.
377 5169 451 5228 Xihil
466 5169 505 5225 ad
520 5167 683 5241 perfeetum
696 5160 821 5220 adduxit
844 5159 901 5227 lex,
958 5180 1020 5221 non
1031 5163 1218 5227 observatur,
1246 5154 1444 5231 quarendum
1470 5154 1514 5206 est
1534 5141 1738 5237 tantumquld
1752 5140 1788 5197 si-
1846 5208 1848 5212 .

68 5268 124 5318 etc.
142 5265 244 5318 Nonne
256 5260 382 5335 quidam
398 5257 519 5332 perlecti
533 5259 617 5313 crant
629 5259 762 5325 tempore
772 5248 857 5318 legis,
872 5252 904 5303 ut
960 5248 1088 5319 gnificat,
1124 5261 1185 5302 nou
1212 5236 1514 5315 reprehendendum
1543 5229 1615 5302 quia
1642 5242 1679 5283 eo
1709 5239 1786 5298 rpao,

69 5351 172 5418 llarid,
189 5355 216 5406 et
231 5350 281 5407 alii
295 5349 400 5417 multi;
417 5353 444 5405 et
466 5346 611 5419 justitiam
637 5343 730 5410 illam,
742 5338 813 5412 quia
833 5336 904 5409 justi
959 5337 1119 5411 quodiam
1132 5334 1318 5395 obseratur,
1331 5340 1393 5381 non
1408 5323 1596 5386 damnatum,
1612 5315 1666 5373 sed
1685 5312 1790 5388 imple·

67 5443 165 5506 erunt,
181 5456 218 5495 ex
241 5438 410 5495 obedientia
434 5436 543 5491 divina
565 5433 638 5503 legis
664 5428 905 5499 habebantque·
959 5431 1023 5483 tam
1038 5425 1191 5499 probatur.
1608 5491 1614 5503 ·

68 5531 162 5586 modo
177 5545 248 5599 ergo
270 5545 307 5586 ex
325 5526 475 5600 lcgejnsti
492 5526 650 5580 nouerant
665 5521 679 5575 ‘l
695 5516 816 5576 solutio.
832 5513 905 5570 lasti
946 5564 949 5571 ,
996 5513 1125 5576 ernsrro
1141 5507 1235 5562 LXXX.
1258 5506 1328 5558 ltcm
1347 5496 1489 5572 quaritur
1511 5492 1592 5550 unde
1606 5489 1680 5549 ulad
1704 5493 1790 5548 vetus

69 5620 149 5677 illius
162 5618 305 5693 temporis
319 5634 380 5675 non
395 5634 432 5673 ex
452 5614 527 5686 lege,
542 5613 595 5671 secl
609 5628 645 5669 ex
657 5609 717 5666 tide
740 5605 830 5663 lutmi
842 5605 904 5675 jus·
960 5601 1076 5657 dicatur
1089 5596 1308 5660 testamcutum,
1320 5590 1377 5646 hoe
1391 5602 1513 5654 novum,
1527 5599 1597 5640 eum
1610 5582 1658 5640 lex
1667 5579 1791 5654 implea-
