3832 6044
314 152 492 210 EXPOSITIO
512 157 546 210 IN
567 156 751 212 hiernach.
772 156 930 214 COELEST.
952 159 980 214 S.
1001 156 1163 214 blohtsll.
1184 184 1217 194 -
1237 155 1302 210 LlB.
1323 156 1369 209 ltl.
1645 158 1697 212 978

81 291 109 332 as
119 274 193 348 quid
208 280 252 332 θεῖ
266 277 353 334 Deus.
367 277 461 335 Minus
472 283 516 335 est
539 283 632 336 totum
654 280 712 335 hoc
735 279 818 352 quod
831 285 854 336 A
873 280 1070 353 incogitabile.
1085 284 1119 336 Et
1134 283 1243 347 tamen,
1259 278 1330 352 quia
1344 277 1427 335 aliud
1444 277 1503 334 dici
1515 291 1577 334 non
1590 280 1696 350 potest,

81 383 85 432 ;
108 367 137 421 et
151 380 212 421 nou
228 370 272 422 est
283 366 341 421 hoc
357 370 451 423 totum
469 369 533 441 ipsc
547 367 584 424 dc
598 385 659 442 quo
674 367 767 437 ‹licis;
790 372 819 426 ct
872 371 929 427 hoc
944 371 1050 428 dicitur
1064 389 1071 440 ;
1086 386 1124 427 nc
1139 368 1213 426 nihil
1232 368 1359 436 dicatur,
1376 367 1426 424 ubi
1441 367 1522 424 aliud
1536 365 1698 423 dicendum

81 470 90 511 t
105 453 143 510 de
159 453 225 527 ipso
239 456 296 512 hoc
307 456 391 525 dicis,
406 458 640 514 nonutaeeedas
652 458 690 514 ad
705 458 815 530 ipsum,
872 464 925 529 cst,
942 464 971 517 ct
984 461 1043 518 dici
1054 477 1116 517 non
1130 462 1227 534 potest
1239 458 1322 532 quod
1337 462 1399 526 θεῖς
1422 457 1468 513 vel
1480 456 1505 513 si
1518 456 1577 513 diei
1590 459 1697 530 potest,

81 547 99 600 it
121 542 180 616 ipsi
207 545 442 619 appropinques,
460 549 598 617 Magnum
614 549 656 602 θεῖ
671 546 750 603 enbn
765 546 818 604 ho·
871 549 993 622 intelligi
1017 566 1079 607 non
1102 553 1208 623 potest.
1226 551 1285 605 Hoc
1312 563 1384 618 ergo
1410 546 1526 614 dicitur,
1542 550 1570 602 θῖ
1595 545 1700 603 tolerat

81 648 157 689 nune
173 633 212 688 ad
227 633 327 706 ipsum
342 634 393 704 ire,
410 635 463 691 etsi
477 651 539 692 non
551 636 638 693 detur
651 636 814 710 pervenire.
871 639 928 696 hoc
943 627 1049 696 veritas
1071 639 1108 696 de
1132 655 1172 708 se,
1195 643 1224 695 θῖ
1247 636 1439 693 commendat
1461 636 1519 692 hoe
1537 633 1624 692 nobis
1643 649 1698 708 pro

81 737 113 777 ur
126 726 228 777 autem
248 724 363 794 postca,
380 738 449 778 cum
472 725 586 781 venerit
606 724 689 798 quod
704 725 816 798 perfec·
871 729 1003 798 veritate,
1026 729 1078 802 qui
1101 729 1200 802 ipsam
1223 726 1322 783 adhuc
1337 725 1488 781 veritatem
1508 739 1614 798 capere
1636 738 1698 780 non

81 813 112 867 ist
124 827 131 878 ;
143 814 171 866 θῖ
184 810 304 882 caperit
317 811 416 867 videre
430 811 523 869 homo
539 813 614 870 sieut
626 813 815 882 videtur,non
871 833 1043 890 possumus,
1058 818 1154 874 donee
1175 818 1306 872 transeat
1318 802 1427 883 figura,
1443 817 1471 869 et
1484 812 1590 869 veritas
1604 813 1699 870 mani·

81 898 212 971 seculum
237 899 409 970 imaginem,
426 902 566 960 sedtacie
582 902 620 959 ad
637 902 743 959 faciem
768 919 817 959 ve·
872 907 1000 977 testetur,
1016 923 1106 980 super
1120 921 1210 963 omne
1223 903 1291 971 hoc,
1308 906 1428 958 etenira
1446 900 1698 969 omnehoc,nude

81 997 114 1046 n.
138 992 222 1045 Nune
237 992 338 1045 autem
352 988 471 1047 interim
492 995 588 1048 totum
602 991 703 1062 imago
719 995 772 1060 θεῖ,
788 997 816 1048 θῖ
871 1001 900 1052 θῖ
912 998 1012 1070 aperte
1028 1000 1060 1052 ut
1071 999 1115 1051 est
1129 994 1205 1067 ipsa.
1230 996 1312 1048 Nune
1326 1006 1397 1061 crgo
1411 1005 1508 1064 usque
1522 989 1622 1046 adhuc
1636 1004 1700 1046 ma·

81 1079 176 1148 imago
202 1077 290 1148 longe
309 1079 461 1137 averitate
475 1084 538 1149 est,
568 1085 596 1138 et
617 1085 717 1137 tamen
746 1081 816 1138 facit
871 1089 943 1142 nent
960 1085 1076 1157 figurae,
1104 1089 1133 1140 ct
1157 1099 1192 1139 ex
1213 1080 1286 1156 ipsis
1310 1079 1452 1154 quaedam
1466 1079 1554 1150 longe
1578 1082 1656 1146 sunt,
1671 1081 1700 1134 θῖ

93 1170 192 1241 potest
205 1166 292 1240 quasi
307 1166 427 1238 imago;
453 1174 482 1226 et
503 1169 647 1227 convertit
667 1169 813 1238 animum,
871 1180 1018 1249 apparent
1031 1173 1114 1248 quod
1128 1177 1198 1230 sunt
1221 1170 1383 1229 similitudo
1396 1174 1534 1238 tantum3
1556 1167 1699 1243 quiedam

81 1271 116 1313 nn
132 1255 277 1330 perducit.
293 1259 353 1313 lloc
368 1257 447 1315 anim
464 1258 561 1315 solum
571 1263 669 1332 potest
683 1259 713 1315 in
727 1260 816 1317 nobis
870 1281 941 1322 vero
953 1264 1082 1339 propria
1102 1267 1181 1330 sunt,
1196 1266 1225 1319 et
1247 1260 1434 1335 accipiuntur
1447 1259 1536 1334 quasi
1556 1273 1611 1332 pro
1624 1256 1700 1314 veri-

81 1346 131 1403 iin
155 1347 204 1404 illa
227 1349 284 1404 hoc
305 1347 413 1417 solum,
429 1349 501 1422 quia
521 1365 575 1406 nce
600 1350 666 1423 ipsa
686 1350 815 1423 amplius
871 1351 1308 1422 tate,cumsinttantumsigna
1320 1349 1449 1406 veniatis
1461 1354 1490 1406 et
1503 1364 1565 1406 non
1580 1347 1697 1417 veritas,

81 1437 143 1494 lere
157 1442 262 1511 potest,
276 1454 374 1511 neque
389 1455 444 1495 nos
456 1440 537 1497 aliud
548 1441 813 1514 comprehendere,
869 1443 901 1499 in
915 1442 1025 1517 quibus
1039 1442 1163 1516 quidem
1184 1441 1207 1497 si
1231 1439 1305 1496 nihil
1328 1438 1415 1496 altius
1430 1438 1517 1495 fuerit
1535 1438 1575 1494 ad
1588 1437 1697 1511 ipsam,

94 1532 195 1585 tamen
214 1528 316 1598 irnago
330 1530 472 1602 quadarn
487 1531 653 1604 sublimior,
669 1536 698 1589 et
718 1533 814 1605 magis
870 1532 1006 1588 conrodit
1018 1532 1083 1588 hacc
1097 1531 1206 1587 veritas
1225 1529 1322 1597 nobis,
1339 1532 1368 1584 et
1379 1542 1442 1584 non
1457 1529 1575 1599 reputat
1588 1525 1699 1599 impos·

81 1616 237 1690 uinquans
251 1617 373 1688 veritati,
388 1619 428 1676 ita
451 1624 484 1677 ut
499 1622 596 1692 magis
613 1622 699 1678 nobis
714 1623 815 1697 appel·
830 1638 850 1691 g
870 1620 1049 1678 sibilitatem.
1076 1619 1105 1676 si
1129 1624 1228 1677 autem
1243 1617 1421 1692 propinquae
1436 1615 1545 1672 fuerint
1562 1619 1591 1672 ct
1604 1613 1699 1672 consi-

81 1706 163 1763 eritas
175 1707 278 1780 possit,
293 1708 365 1780 qnia
380 1709 460 1765 alind
475 1709 549 1767 nihil
562 1716 705 1784 estsuper
720 1711 811 1782 illam,
869 1709 964 1777 miles,
986 1709 1131 1784 proximae
1155 1712 1255 1765 tamen
1277 1723 1340 1764 non
1360 1706 1478 1774 fuerint,
1504 1709 1532 1762 θῖ
1555 1707 1700 1778 appareat

81 1795 229 1869 xpressius
243 1796 349 1853 veritas
371 1798 569 1856 demonstrari
583 1800 687 1873 possit.
704 1801 814 1858 Dicitur
868 1799 949 1855 aliud
960 1798 1117 1855 sublimius
1127 1797 1167 1854 ad
1180 1799 1334 1854 veritatem
1345 1794 1599 1854 manifestandum
1614 1812 1621 1864 ;
1636 1809 1698 1851 non

82 1899 119 1941 ae
141 1885 224 1958 quod
250 1888 327 1942 Deus
351 1886 428 1958 ignis
452 1892 515 1957 est;
541 1892 569 1944 et
588 1888 746 1946 manifesta
770 1895 814 1946 est
866 1889 977 1962 patitur
989 1887 1096 1945 veritas
1111 1886 1151 1943 ad
1165 1886 1246 1959 ipsas
1260 1885 1369 1942 deduci
1383 1883 1550 1952 secundum
1565 1883 1699 1956 proprie·

81 1991 100 2043 .;
116 1975 262 2046 quoniam
276 1977 353 2030 Deus
368 1976 407 2031 ad
421 1975 643 2049 proprietatem,
659 1976 737 2048 ignis
752 1993 813 2034 nou
868 1975 1117 2051 tatem,quoniam
1131 1976 1162 2031 in
1176 1974 1269 2031 altero
1283 1972 1442 2047 perfectius
1457 1989 1488 2029 se
1502 1972 1697 2039 demonstrat,

81 2062 213 2136 [uoniam
229 2062 305 2133 ignis
329 2078 438 2137 corpus
453 2069 505 2133 θεῖ,
526 2068 603 2122 licus
627 2082 736 2139 corpus
751 2082 813 2123 non
867 2067 900 2123 in
914 2082 975 2140 quo
990 2065 1099 2140 prohat
1120 2080 1151 2121 se
1172 2064 1220 2120 hic
1242 2079 1306 2120 esse
1327 2066 1444 2119 tantum
1458 2077 1512 2135 per
1534 2058 1699 2116 similitudi-

82 2149 167 2207 icitur
180 2151 280 2221 etiam,
295 2157 379 2225 quod
390 2155 467 2209 fieus
481 2152 583 2209 lumen
599 2159 643 2210 θεῖ
656 2173 662 2211 :
679 2158 709 2213 θῖ
722 2171 814 2228 appa·
869 2173 950 2214 nem.
967 2160 998 2212 ln
1012 2155 1063 2212 illo
1077 2171 1148 2212 vero
1164 2169 1316 2227 supremo,
1330 2168 1392 2226 quo
1405 2151 1493 2210 altius
1504 2149 1577 2207 nihil
1589 2152 1643 2217 cst,
1658 2147 1699 2205 ad

81 2255 92 2296 θ
113 2239 245 2297 similiter
271 2240 372 2312 imago
386 2242 527 2311 veritatis,
550 2243 631 2300 aliud
647 2260 665 2301 a
679 2242 811 2313 veritate,
868 2246 967 2320 ipsam
981 2260 1043 2320 non
1059 2247 1185 2317 apparet
1198 2242 1338 2315 alterum,
1351 2258 1413 2315 quo
1423 2241 1522 2312 figura
1533 2239 1696 2315 probatum

81 2343 132 2385 am
148 2333 224 2386 Deus
237 2330 339 2387 lumen
353 2347 415 2388 non
435 2336 479 2387 cst
493 2333 660 2389 secundum
682 2332 814 2407 proprie·
869 2332 1023 2393 etidcirco
1042 2333 1143 2406 ipsum
1156 2332 1197 2388 sic
1212 2331 1346 2406 accipere
1359 2333 1498 2404 opportet
1511 2333 1544 2385 ut
1556 2332 1610 2397 est,
1625 2342 1699 2400 quo

81 2463 87 2488 ,
103 2420 185 2493 quod
197 2421 364 2478 secundum
379 2420 508 2494 figuram
522 2423 813 2482 nominatur.0mnia
869 2425 951 2481 niam
965 2415 1047 2480 aliud
1069 2437 1130 2481 non
1152 2421 1250 2489 datur,
1267 2420 1363 2477 donec
1376 2418 1476 2475 veniat
1488 2417 1571 2492 quod
1585 2415 1698 2490 perfec·

92 2509 156 2567 haec
170 2510 297 2568 visibilia
311 2514 390 2578 sunt,
407 2515 434 2568 θῖ
449 2511 536 2583 longe
552 2529 570 2569 a
585 2515 646 2570 Dec
669 2518 739 2571 sunt
759 2531 813 2589 per
868 2519 931 2571 tum
946 2517 999 2571 est.
1025 2513 1128 2572 Omnis
1143 2527 1214 2584 ergo
1228 2511 1327 2582 figura
1341 2513 1424 2567 tanto
1447 2506 1612 2591 evidentius
1625 2506 1698 2562 veri·

81 2598 195 2657 fetatem
217 2605 342 2669 natura,
357 2601 473 2657 etiamsi
488 2602 656 2658 secundum
679 2602 811 2660 similitu·
868 2608 958 2661 tatem
972 2603 1167 2670 demonstrat,
1183 2605 1297 2676 quanto
1312 2599 1443 2674 apertius
1454 2613 1508 2671 per
1522 2595 1697 2653 dissimilem

81 2689 207 2762 isolam,
223 2706 291 2763 quae
314 2694 342 2746 et
356 2690 422 2763 ipsa
435 2690 475 2747 ad
496 2691 700 2749 excellentiam
720 2694 812 2765 maje·
866 2692 1090 2751 similitudinem
1105 2692 1236 2764 figuram
1260 2706 1291 2747 sc
1315 2705 1389 2758 esse,
1414 2692 1518 2745 etnon
1542 2685 1697 2743 veritatem

81 2777 189 2849 exigua
204 2783 447 2852 est,eoaptantur.
465 2783 513 2837 Est
526 2784 626 2837 nutem
636 2780 812 2838 alienatura
868 2784 998 2856 prohat;
1024 2786 1113 2856 atque
1137 2781 1167 2837 in
1198 2781 1255 2838 hoe
1280 2783 1418 2837 nostrum
1443 2777 1580 2834 animum
1613 2772 1697 2831 dissi-

81 2882 160 2925 ›orea
175 2867 271 2939 magis
281 2867 380 2924 vicina
391 2872 460 2939 lieo,
472 2869 547 2926 inter
559 2885 652 2943 quam
667 2886 702 2927 ac
718 2875 811 2928 Deum
866 2872 952 2930 miles
967 2871 1173 2928 similitudines
1196 2870 1293 2941 magis
1308 2868 1348 2926 ad
1369 2868 1524 2925 veritatem
1539 2865 1694 2932 reducunt,

81 2956 140 3014 alia
153 2957 253 3015 media
268 2962 312 3014 θεῖ
325 2962 447 3015 natura:
465 2962 492 3015 et
512 2960 577 3016 haec
592 2961 631 3017 ad
646 2960 811 3018 similitudi·
827 2994 847 3050 C
865 2978 927 3036 quo
942 2963 1041 3036 ipsum
1056 2960 1087 3016 in
1102 2960 1166 3017 sola
1180 2957 1371 3016 similitudine
1390 2972 1514 3014 manere
1540 2969 1603 3012 non
1631 2968 1697 3028 per·

81 3045 170 3116 magis
183 3046 304 3115 accedit,
321 3048 458 3122 quamtis
469 3053 498 3105 θῖ
510 3049 575 3123 ipsa
587 3065 606 3105 a
616 3051 739 3107 veritate
748 3050 812 3109 lon·
865 3051 995 3108 mittunt.

81 3178 83 3188 ,
100 3134 271 3192 Secundum
285 3135 363 3192 hanc
377 3136 477 3210 itaque
500 3137 620 3193 anobis
635 3138 810 3196 altissimam
902 3141 1089 3212 Quapropter
1102 3136 1208 3209 inquit,
1234 3157 1247 3186 κ
1264 3151 1326 3192 non
1348 3134 1486 3191 existimo
1509 3147 1696 3207 quemquam

81 3222 179 3279 amad
194 3225 286 3279 Deum
306 3223 392 3280 nobis
407 3224 544 3281 sublimis
567 3224 729 3282 similitudo
754 3226 812 3283 for-
866 3230 943 3286 bene
965 3227 1134 3301 sapientum
1156 3224 1357 3282 contradicere
1373 3245 1387 3273 »
1412 3225 1515 3279 contra
1535 3222 1593 3278 hoc
1612 3219 1696 3293 quod

81 3327 94 3380 ⁸,
110 3327 180 3367 cum
196 3311 304 3368 dicitur
329 3315 405 3368 Deus
426 3312 556 3386 spiritus,
573 3318 601 3370 et
615 3315 769 3388 sapientia,
784 3320 812 3372 et
867 3314 1025 3374 dissimiles
1036 3312 1244 3370 similitudines
1257 3315 1394 3368 nostrum
1417 3309 1553 3367 animum
1568 3308 1607 3364 ad
1620 3307 1696 3365 veri·

85 3403 113 3457 θῖ
127 3415 232 3467 amor3
248 3400 321 3474 quia
334 3401 435 3457 anima
458 3402 578 3474 spiritus
593 3407 646 3470 est,
672 3408 700 3459 et
722 3419 812 3474 ange·
866 3409 956 3463 tatem
969 3404 1125 3461 reducunt.
1143 3400 1294 3475 Siquidem
1324 3413 1539 3473 «consequens
1560 3401 1614 3466 est,
1642 3412 1697 3470 per

82 3488 165 3547 iritus
179 3494 232 3557 θεῖ,
258 3494 286 3546 θῖ
305 3490 335 3546 ῖθ
350 3490 416 3562 ipso
431 3489 538 3562 spiritu
563 3492 648 3561 ratio,
667 3492 812 3566 sapientia
865 3493 1054 3569 pretiosiores
1078 3508 1178 3549 sacras
1206 3489 1400 3547 formationes
1428 3488 1539 3558 seduci,
1555 3511 1569 3538 ε
1597 3487 1629 3544 id
1652 3492 1697 3546 θεῖ

81 3584 178 3636 orest.
206 3583 240 3637 Et
260 3580 400 3636 novimus
415 3581 488 3654 quid
512 3580 549 3637 sit
565 3581 695 3655 spiritus,
718 3599 813 3656 quan-
867 3581 1020 3655 consequi,
1053 3581 1100 3637 vel
1131 3578 1300 3654 provenire,
1324 3578 1373 3636 vel
1393 3577 1564 3648 contingere
1598 3580 1697 3652 potest

81 3668 200 3726 ‚nimam
215 3669 365 3736 norimus,
391 3673 419 3725 et
439 3670 581 3740 angelum
596 3671 760 3741 novimus;
785 3676 814 3728 et
866 3672 961 3739 facilc,
979 3676 1013 3728 ut
1031 3687 1085 3745 per
1103 3669 1168 3727 illas
1190 3684 1344 3726 sacrarum
1366 3684 1467 3725 rerum
1491 3667 1695 3736 formationes,

81 3756 200 3812 ‚nimam
229 3757 370 3827 angelum
394 3758 544 3828 norimus
571 3764 720 3833 quantum
746 3777 814 3816 nos·
867 3761 919 3837 qui
938 3759 1127 3834 pretiosiores
1150 3760 1399 3833 representantur
1413 3757 1444 3813 in
1458 3772 1543 3814 sacro
1565 3756 1695 3830 eloquio,

81 3860 128 3902 sos
150 3846 307 3909 novimus:
331 3848 471 3920 quamvis
491 3853 519 3904 et
533 3850 590 3906 hoc
605 3850 769 3919 modicum,
786 3855 814 3907 et
867 3850 1048 3907 seducantur
1068 3846 1262 3920 cogitationes
1284 3847 1444 3904 hominum
1464 3843 1697 3902 «existimantes

81 3933 109 3990 ci
121 3934 216 4007 possit
229 3935 368 4002 cognitio.
390 3940 464 3994 Cum
487 3954 559 4009 ergo
574 3939 714 3995 audimus
729 3939 812 4013 quod
866 3938 1017 4014 quasdam
1043 3937 1176 3994 coelestes
1204 3936 1347 3993 essentias
1375 3952 1439 3992 esse
1467 3933 1653 4003 auriformes,
1681 3957 1695 3984 u

97 4021 217 4096 spiritus
247 4029 301 4092 est,
338 4025 506 4095 cogitamus
538 4027 681 4095 animam,
716 4032 745 4085 ct
763 4043 814 4085 an·
867 4028 943 4084 sicut
956 4027 988 4083 in
1003 4025 1187 4100 quibusdam
1202 4024 1275 4081 locis
1291 4025 1510 4098 scripturarum
1528 4039 1583 4099 per
1596 4023 1697 4080 simili-

81 4129 97 4181 ι,
124 4117 153 4170 θῖ
182 4113 387 4170 existimamus
411 4115 644 4184 similitudinem,
669 4117 815 4189 quoniam
869 4116 1003 4173 tudinem
1017 4116 1285 4186 repraesentantur3
1302 4116 1331 4168 et
1343 4113 1544 4170 existimantes
1558 4115 1648 4171 etiam
1666 4113 1697 4170 in

81 4200 170 4276 liquid
186 4205 262 4258 fieus
282 4208 326 4259 est
339 4203 437 4275 qualis
452 4204 553 4261 anima
568 4210 621 4273 est,
637 4209 665 4262 et
678 4205 814 4276 angelus,
869 4205 944 4262 coslo
954 4219 1019 4260 esse
1033 4201 1184 4274 quosdam
1199 4199 1351 4271 fulgureos
1365 4200 1445 4256 viros
1454 4201 1564 4257 decora
1577 4202 1698 4258 indutos

81 4290 179 4347 anima
202 4296 231 4347 et
257 4292 383 4362 angelus
398 4293 517 4365 spiritus
544 4299 596 4351 cst.
614 4299 646 4351 Et
663 4295 815 4352 nescimus
867 4293 1051 4360 vestimenta,
1072 4288 1332 4365 quemadmodum
1346 4288 1444 4358 angeli
1459 4288 1635 4360 apparuisse
1659 4288 1699 4344 le·

91 4378 180 4450 longe
195 4381 252 4436 hoc
267 4386 312 4438 cst
328 4397 346 4437 a
360 4381 481 4439 veritate
506 4383 815 4457 incomprehensibilis
869 4387 980 4455 guntur
1005 4379 1169 4455 splendidis
1188 4377 1319 4435 vestibus
1347 4380 1376 4433 θῖ
1391 4375 1523 4433 vultibus
1535 4374 1699 4448 fulgoreis,

81 4467 174 4523 entim
204 4469 260 4534 Qui
285 4470 366 4527 enim
395 4471 506 4528 diceret
533 4487 642 4545 eorpus
667 4472 813 4545 spiritum,
869 4498 882 4525 a
900 4471 1073 4540 candidum,
1088 4473 1117 4526 et
1130 4469 1253 4541 igneum
1264 4467 1394 4524 innocue
1408 4469 1622 4540 respergentes,
1640 4489 1654 4516 ‘t
1670 4465 1701 4523 id

81 4570 94 4610 r
116 4554 236 4624 diceret,
261 4559 407 4630 quoniam
426 4575 536 4633 corpus
552 4559 672 4633 spiritus
695 4563 815 4618 nonest
868 4567 913 4620 est
924 4561 1099 4627 emittentes,
1116 4557 1163 4614 vel
1178 4557 1336 4613 fundentes
1348 4555 1523 4626 claritatem,
1539 4559 1568 4614 et
1581 4556 1700 4629 lumen3

80 4642 184 4716 piritus
210 4661 330 4718 corpus.
360 4647 415 4712 Qui
434 4664 505 4718 ergo
532 4648 589 4705 hoc
605 4648 724 4716 diceret,
748 4650 815 4721 jure
869 4649 1032 4709 candidum
1060 4646 1185 4721 quidem
1212 4647 1360 4718 quantum
1392 4643 1432 4701 ad
1458 4644 1644 4715 vestimenta,
1673 4648 1703 4702 θῖ

81 4732 271 4802 ιθθιῖθθθῖιιι·;
294 4739 322 4790 θῖ
342 4736 457 4793 veritati
478 4738 644 4794 contrarius
669 4739 817 4809 jndicare-
869 4741 992 4812 igneum
1006 4739 1153 4810 qnantum
1164 4734 1204 4790 ad
1219 4733 1319 4790 vultus
1330 4733 1488 4792 flammeos
1503 4738 1532 4792 et
1545 4734 1701 4806 ardentes3

81 4823 200 4878 ttamen
215 4823 267 4895 qni
282 4823 353 4881 dicit
365 4827 459 4881 Deum
470 4842 534 4882 esse
549 4827 696 4899 spiritum,
711 4843 816 4884 verum
870 4831 1010 4894 innocue,
1032 4826 1063 4882 id
1085 4829 1129 4882 est
1156 4825 1220 4881 sine
1244 4824 1375 4894 laesione,
1405 4830 1558 4884 constante
1586 4826 1617 4883 in
1645 4827 1703 4885 hoc

81 4924 94 4964 e
108 4910 302 4968 existimatur.
330 4916 422 4970 Nemo
444 4914 529 4971 illum
554 4915 687 4974 falsitatis
708 4917 816 4988 arguit,
871 4919 937 4992 ipso
951 4914 1054 4973 divino
1069 4912 1225 4983 miraculo
1241 4915 1314 4990 quia
1325 4915 1357 4975 in
1371 4915 1478 4974 divinis
1493 4918 1522 4972 et
1533 4912 1703 4971 coelestibus

81 5012 169 5056 amen
180 5000 277 5071 magis
289 5001 388 5059 vicina
397 5006 466 5059 sunt
478 5006 594 5073 natura,
608 5009 636 5062 θῖ
648 5005 818 5062 conditione
871 5005 995 5072 naturis,
1030 5020 1099 5079 quar
1135 5003 1183 5060 hic
1221 5004 1465 5063 demonstrantur
1492 5018 1545 5077 per
1573 5000 1704 5074 speciem
1813 5015 1815 5018 ⁴

81 5104 98 5143 s
124 5092 152 5145 et
176 5088 306 5162 spiritus,
325 5107 420 5164 quam
448 5092 569 5164 spiritus
597 5099 625 5150 ct
650 5098 736 5151 Deus.
769 5094 818 5151 llic
872 5097 955 5154 aliter
976 5094 1034 5151 illic
1057 5096 1127 5151 sunt
1152 5096 1319 5153 secundum
1344 5095 1507 5161 veritatem,
1536 5091 1567 5146 in
1593 5087 1704 5161 quibus
1810 5110 1814 5120 ·

83 5179 245 5250 utrumque
269 5184 406 5236 ereatura
433 5184 486 5248 est,
503 5184 531 5236 et
559 5186 720 5255 utrumque
739 5198 820 5239 eom·
872 5187 986 5240 naturae
1000 5181 1124 5239 visibilis
1139 5183 1253 5255 species
1275 5183 1413 5248 cernitur,
1437 5179 1559 5235 effectus
1571 5190 1633 5232 non
1662 5174 1705 5230 in·

81 5263 185 5322 usibile
213 5271 266 5335 est,
293 5273 321 5324 et
343 5269 487 5325 mutabile
508 5273 680 5343 utrumque,
705 5273 734 5327 et
754 5270 821 5327 fini-
874 5273 1000 5330 venitur.

81 5351 135 5408 lllic
149 5359 249 5411 autem
265 5373 362 5413 unum
376 5357 502 5430 quidem
516 5362 663 5416 {aternum
678 5366 731 5430 est,
750 5361 820 5418 altc-
912 5363 1066 5436 Sequitur:
1083 5366 1134 5418 «Et
1148 5359 1380 5434 quibuscunque
1394 5355 1459 5413 aliis
1473 5354 1620 5411 similibus
1633 5354 1707 5412 ima·

81 5443 229 5516 emporale
242 5465 247 5502 :
262 5463 359 5503 unum
373 5446 569 5515 immensum,
593 5448 725 5506 alterum
740 5467 823 5506 com·
876 5451 983 5522 gnatis
998 5450 1111 5516 formis,
1130 5471 1143 5498 a
1159 5448 1190 5503 id
1204 5450 1248 5504 cst
1262 5444 1429 5501 secundum
1443 5442 1649 5515 imaginabilia
1658 5460 1708 5502 ex-

81 5533 195 5603 usibile3
213 5552 309 5593 unum
325 5552 445 5610 semper
459 5536 539 5593 idem
553 5540 822 5608 manens,alterum
875 5538 995 5612 pressis,
1005 5560 1019 5587 «
1031 5534 1190 5604 theologia
1205 5534 1339 5590 coelestes
1352 5531 1493 5605 figuravit
1505 5533 1678 5602 intellectus,
1692 5555 1706 5585 a

81 5624 133 5680 ailo
151 5643 158 5693 ;
178 5640 276 5682 unum
292 5626 349 5683 sub
378 5624 533 5683 scientiam
560 5627 682 5699 cadens,
697 5628 825 5686 alterum
877 5628 908 5687 id
922 5630 968 5684 est
979 5618 1147 5698 spirituales
1161 5627 1284 5682 naturas
1298 5622 1528 5697 repraesentavit,
1544 5626 1577 5680 ut
1589 5638 1608 5681 a
1622 5636 1709 5696 supc-
