<?xml version="1.0" encoding="UTF-8"?>
<!DOCTYPE html PUBLIC "-//W3C//DTD XHTML 1.0 Transitional//EN"
    "http://www.w3.org/TR/xhtml1/DTD/xhtml1-transitional.dtd">
<html xmlns="http://www.w3.org/1999/xhtml" xml:lang="en" lang="en">
 <head>
  <title>
</title>
<meta http-equiv="Content-Type" content="text/html;charset=utf-8" />
  <meta name='ocr-system' content='tesseract 3.04.00' />
  <meta name='ocr-capabilities' content='ocr_page ocr_carea ocr_par ocr_line ocrx_word'/>
</head>
<body>
  <div class='ocr_page' id='page_1' title='image "./patrologiaecurs37unkngoog_0327.png"; bbox 0 0 3832 6044; ppageno 0'>
   <div class='ocr_carea' id='block_1_1' title="bbox 186 105 237 157">
    <p class='ocr_par' dir='ltr' id='par_1_1' title="bbox 186 105 237 157">
     <span class='ocr_line' id='line_1_1' title="bbox 186 105 237 157; baseline -0.039 0"><span class='ocrx_word' id='word_1_1' title='bbox 186 105 237 157; x_wconf 71' lang='grc'><strong>483</strong></span> 
     </span>
    </p>
   </div>
   <div class='ocr_carea' id='block_1_2' title="bbox 341 94 1895 167">
    <p class='ocr_par' dir='ltr' id='par_1_2' title="bbox 341 94 1895 167">
     <span class='ocr_line' id='line_1_2' title="bbox 341 94 1895 167; baseline -0.001 -14"><span class='ocrx_word' id='word_1_2' title='bbox 341 101 492 155; x_wconf 80' lang='lat' dir='ltr'><strong>acuens</strong></span> <span class='ocrx_word' id='word_1_3' title='bbox 512 99 556 154; x_wconf 84' lang='lat' dir='ltr'><strong>ne</strong></span> <span class='ocrx_word' id='word_1_4' title='bbox 576 100 604 155; x_wconf 89' lang='lat' dir='ltr'><strong>s.</strong></span> <span class='ocrx_word' id='word_1_5' title='bbox 626 95 772 154; x_wconf 69' lang='lat' dir='ltr'><strong>rrcrroue</strong></span> <span class='ocrx_word' id='word_1_6' title='bbox 792 94 866 151; x_wconf 60' lang='lat' dir='ltr'><strong>oter.</strong></span> <span class='ocrx_word' id='word_1_7' title='bbox 888 94 974 151; x_wconf 77' lang='lat' dir='ltr'><strong>ains</strong></span> <span class='ocrx_word' id='word_1_8' title='bbox 996 95 1014 151; x_wconf 89' lang='grc' dir='ltr'><strong>ῖ.</strong></span> <span class='ocrx_word' id='word_1_9' title='bbox 1036 129 1068 136; x_wconf 84' lang='grc'><strong>-</strong></span> <span class='ocrx_word' id='word_1_10' title='bbox 1089 94 1288 157; x_wconf 67' lang='lat' dir='ltr'><strong>entecnius.</strong></span> <span class='ocrx_word' id='word_1_11' title='bbox 1310 136 1343 142; x_wconf 89' lang='lat'><strong>--</strong></span> <span class='ocrx_word' id='word_1_12' title='bbox 1364 103 1382 159; x_wconf 85' lang='lat' dir='ltr'><strong>r.</strong></span> <span class='ocrx_word' id='word_1_13' title='bbox 1405 105 1437 159; x_wconf 82' lang='lat' dir='ltr'><strong>n</strong></span> <span class='ocrx_word' id='word_1_14' title='bbox 1459 108 1486 163; x_wconf 83' lang='lat' dir='ltr'><strong>s.</strong></span> <span class='ocrx_word' id='word_1_15' title='bbox 1510 106 1735 164; x_wconf 58' lang='lat' dir='ltr'><strong>saturanum.</strong></span> <span class='ocrx_word' id='word_1_16' title='bbox 1847 112 1895 167; x_wconf 64' lang='lat' dir='ltr'><strong>p„</strong></span> 
     </span>
    </p>
   </div>
   <div class='ocr_carea' id='block_1_3' title="bbox 222 219 1894 304">
    <p class='ocr_par' dir='ltr' id='par_1_3' title="bbox 222 219 1894 304">
     <span class='ocr_line' id='line_1_3' title="bbox 222 219 1894 304; baseline 0.004 -22"><span class='ocrx_word' id='word_1_17' title='bbox 222 229 365 293; x_wconf 62' lang='lat' dir='ltr'><strong>Orpeena</strong></span> <span class='ocrx_word' id='word_1_18' title='bbox 386 226 471 279; x_wconf 70' lang='lat' dir='ltr'><strong>tlthl.</strong></span> <span class='ocrx_word' id='word_1_19' title='bbox 489 222 545 278; x_wconf 85' lang='lat' dir='ltr'><strong>Sed</strong></span> <span class='ocrx_word' id='word_1_20' title='bbox 569 237 678 287; x_wconf 84' lang='lat' dir='ltr'><strong>norme,</strong></span> <span class='ocrx_word' id='word_1_21' title='bbox 703 219 727 274; x_wconf 84' lang='lat' dir='ltr'><strong>si</strong></span> <span class='ocrx_word' id='word_1_22' title='bbox 743 236 802 297; x_wconf 80' lang='lat' dir='ltr'><strong>rron</strong></span> <span class='ocrx_word' id='word_1_23' title='bbox 825 219 1008 287; x_wconf 84' lang='lat' dir='ltr'><strong>cecidissent,</strong></span> <span class='ocrx_word' id='word_1_24' title='bbox 1024 223 1046 273; x_wconf 85' lang='grc' dir='ltr'><strong>.ῖ</strong></span> <span class='ocrx_word' id='word_1_25' title='bbox 1067 223 1149 279; x_wconf 81' lang='lat' dir='ltr'><strong>nedla</strong></span> <span class='ocrx_word' id='word_1_26' title='bbox 1164 231 1261 281; x_wconf 73' lang='lat' dir='ltr'><strong>essent</strong></span> <span class='ocrx_word' id='word_1_27' title='bbox 1277 226 1395 283; x_wconf 72' lang='lat' dir='ltr'><strong>lutura?</strong></span> <span class='ocrx_word' id='word_1_28' title='bbox 1408 227 1491 288; x_wconf 83' lang='lat' dir='ltr'><strong>Quod</strong></span> <span class='ocrx_word' id='word_1_29' title='bbox 1506 246 1577 292; x_wconf 90' lang='lat' dir='ltr'><strong>non,</strong></span> <span class='ocrx_word' id='word_1_30' title='bbox 1590 230 1629 284; x_wconf 90' lang='lat' dir='ltr'><strong>sic</strong></span> <span class='ocrx_word' id='word_1_31' title='bbox 1644 231 1894 304; x_wconf 69' lang='lat' dir='ltr'><strong>rolrrntpariture.</strong></span> 
     </span>
    </p>
   </div>
   <div class='ocr_carea' id='block_1_4' title="bbox 179 304 1011 1529">
    <p class='ocr_par' dir='ltr' id='par_1_4' title="bbox 181 304 1011 1249">
     <span class='ocr_line' id='line_1_4' title="bbox 186 304 1009 379; baseline -0.007 -11"><span class='ocrx_word' id='word_1_32' title='bbox 186 313 238 369; x_wconf 86' lang='lat' dir='ltr'><strong>scd</strong></span> <span class='ocrx_word' id='word_1_33' title='bbox 254 317 322 368; x_wconf 85' lang='lat' dir='ltr'><strong>tmrc</strong></span> <span class='ocrx_word' id='word_1_34' title='bbox 337 311 452 366; x_wconf 84' lang='lat' dir='ltr'><strong>bouum</strong></span> <span class='ocrx_word' id='word_1_35' title='bbox 476 307 622 367; x_wconf 84' lang='lat' dir='ltr'><strong>iecissent,</strong></span> <span class='ocrx_word' id='word_1_36' title='bbox 649 304 785 361; x_wconf 90' lang='lat' dir='ltr'><strong>meliores</strong></span> <span class='ocrx_word' id='word_1_37' title='bbox 805 311 903 362; x_wconf 85' lang='lat' dir='ltr'><strong>essent</strong></span> <span class='ocrx_word' id='word_1_38' title='bbox 916 324 1009 379; x_wconf 82' lang='lat' dir='ltr'><strong>quarn</strong></span> 
     </span>
     <span class='ocr_line' id='line_1_5' title="bbox 185 393 1011 467; baseline -0.01 -10"><span class='ocrx_word' id='word_1_39' title='bbox 185 402 276 458; x_wconf 90' lang='lat' dir='ltr'><strong>modo</strong></span> <span class='ocrx_word' id='word_1_40' title='bbox 288 400 345 455; x_wconf 88' lang='lat' dir='ltr'><strong>sint</strong></span> <span class='ocrx_word' id='word_1_41' title='bbox 361 417 367 466; x_wconf 88' lang='lat'>;</span> <span class='ocrx_word' id='word_1_42' title='bbox 386 402 416 454; x_wconf 90' lang='lat' dir='ltr'><strong>ut</strong></span> <span class='ocrx_word' id='word_1_43' title='bbox 431 399 493 453; x_wconf 83' lang='lat' dir='ltr'><strong>lnce</strong></span> <span class='ocrx_word' id='word_1_44' title='bbox 507 399 647 467; x_wconf 85' lang='lat' dir='ltr'><strong>corrupta</strong></span> <span class='ocrx_word' id='word_1_45' title='bbox 661 393 685 449; x_wconf 89' lang='lat' dir='ltr'><strong>si</strong></span> <span class='ocrx_word' id='word_1_46' title='bbox 695 394 819 450; x_wconf 75' lang='lat' dir='ltr'><strong>lralrcret</strong></span> <span class='ocrx_word' id='word_1_47' title='bbox 833 411 901 449; x_wconf 91' lang='lat' dir='ltr'><strong>cnm</strong></span> <span class='ocrx_word' id='word_1_48' title='bbox 915 395 949 449; x_wconf 85' lang='lat' dir='ltr'><strong>iis</strong></span> <span class='ocrx_word' id='word_1_49' title='bbox 960 396 1011 449; x_wconf 85' lang='lat' dir='ltr'><strong>bo-</strong></span> 
     </span>
     <span class='ocr_line' id='line_1_6' title="bbox 185 482 1010 562; baseline -0.008 -17"><span class='ocrx_word' id='word_1_50' title='bbox 185 490 241 559; x_wconf 91' lang='lat' dir='ltr'><strong>nis,</strong></span> <span class='ocrx_word' id='word_1_51' title='bbox 257 506 325 562; x_wconf 75' lang='lat' dir='ltr'><strong>qua¹</strong></span> <span class='ocrx_word' id='word_1_52' title='bbox 351 504 429 542; x_wconf 74' lang='lat' dir='ltr'><strong>urruc</strong></span> <span class='ocrx_word' id='word_1_53' title='bbox 444 484 543 548; x_wconf 76' lang='lat' dir='ltr'><strong>lrarlrct,</strong></span> <span class='ocrx_word' id='word_1_54' title='bbox 568 483 656 539; x_wconf 79' lang='lat' dir='ltr'><strong>efiarn</strong></span> <span class='ocrx_word' id='word_1_55' title='bbox 681 482 888 551; x_wconf 72' lang='lat' dir='ltr'><strong>virginitatem,</strong></span> <span class='ocrx_word' id='word_1_56' title='bbox 911 499 1010 539; x_wconf 85' lang='lat' dir='ltr'><strong>runure</strong></span> 
     </span>
     <span class='ocr_line' id='line_1_7' title="bbox 184 569 1011 646; baseline -0.012 -11"><span class='ocrx_word' id='word_1_57' title='bbox 184 578 294 635; x_wconf 89' lang='lat' dir='ltr'><strong>altioris</strong></span> <span class='ocrx_word' id='word_1_58' title='bbox 309 576 420 646; x_wconf 69' lang='lat' dir='ltr'><strong>gradus</strong></span> <span class='ocrx_word' id='word_1_59' title='bbox 430 579 458 630; x_wconf 89' lang='lat' dir='ltr'><strong>et</strong></span> <span class='ocrx_word' id='word_1_60' title='bbox 473 571 593 643; x_wconf 86' lang='lat' dir='ltr'><strong>majoris</strong></span> <span class='ocrx_word' id='word_1_61' title='bbox 605 570 699 627; x_wconf 82' lang='lat' dir='ltr'><strong>ureriti</strong></span> <span class='ocrx_word' id='word_1_62' title='bbox 710 576 786 625; x_wconf 87' lang='lat' dir='ltr'><strong>essct</strong></span> <span class='ocrx_word' id='word_1_63' title='bbox 800 570 814 624; x_wconf 86' lang='lat' dir='ltr'><strong>&#39;l</strong></span> <span class='ocrx_word' id='word_1_64' title='bbox 826 569 945 625; x_wconf 82' lang='lat' dir='ltr'><strong>Salutio.</strong></span> <span class='ocrx_word' id='word_1_65' title='bbox 964 574 1011 625; x_wconf 79' lang='lat' dir='ltr'><strong>Est</strong></span> 
     </span>
     <span class='ocr_line' id='line_1_8' title="bbox 183 658 1010 740; baseline -0.013 -18"><span class='ocrx_word' id='word_1_66' title='bbox 183 666 307 740; x_wconf 77' lang='lat' dir='ltr'><strong>qaudam</strong></span> <span class='ocrx_word' id='word_1_67' title='bbox 321 681 426 720; x_wconf 74' lang='lat' dir='ltr'><strong>verumr</strong></span> <span class='ocrx_word' id='word_1_68' title='bbox 442 662 465 717; x_wconf 94' lang='lat' dir='ltr'><strong>si</strong></span> <span class='ocrx_word' id='word_1_69' title='bbox 479 660 567 719; x_wconf 71' lang='lat' dir='ltr'><strong>llarria</strong></span> <span class='ocrx_word' id='word_1_70' title='bbox 586 658 757 727; x_wconf 71' lang='lat' dir='ltr'><strong>Margdaleue</strong></span> <span class='ocrx_word' id='word_1_71' title='bbox 782 675 850 712; x_wconf 93' lang='lat' dir='ltr'><strong>cum</strong></span> <span class='ocrx_word' id='word_1_72' title='bbox 867 663 947 714; x_wconf 87' lang='lat' dir='ltr'><strong>tanta</strong></span> <span class='ocrx_word' id='word_1_73' title='bbox 962 658 1010 712; x_wconf 89' lang='lat' dir='ltr'><strong>dc·</strong></span> 
     </span>
     <span class='ocr_line' id='line_1_9' title="bbox 182 744 1010 817; baseline -0.012 -8"><span class='ocrx_word' id='word_1_74' title='bbox 182 753 301 811; x_wconf 73' lang='lat' dir='ltr'><strong>votione</strong></span> <span class='ocrx_word' id='word_1_75' title='bbox 315 752 437 808; x_wconf 80' lang='lat' dir='ltr'><strong>liaberet</strong></span> <span class='ocrx_word' id='word_1_76' title='bbox 452 748 541 805; x_wconf 68' lang='lat' dir='ltr'><strong>etiarm</strong></span> <span class='ocrx_word' id='word_1_77' title='bbox 555 746 764 817; x_wconf 77' lang='lat' dir='ltr'><strong>virginitatem,</strong></span> <span class='ocrx_word' id='word_1_78' title='bbox 781 745 903 815; x_wconf 86' lang='lat' dir='ltr'><strong>majoris</strong></span> <span class='ocrx_word' id='word_1_79' title='bbox 916 744 1010 801; x_wconf 92' lang='lat' dir='ltr'><strong>meriti</strong></span> 
     </span>
     <span class='ocr_line' id='line_1_10' title="bbox 183 831 1010 909; baseline -0.013 -13"><span class='ocrx_word' id='word_1_80' title='bbox 183 845 269 904; x_wconf 89' lang='lat' dir='ltr'><strong>esset,</strong></span> <span class='ocrx_word' id='word_1_81' title='bbox 285 839 337 894; x_wconf 91' lang='lat' dir='ltr'><strong>sed</strong></span> <span class='ocrx_word' id='word_1_82' title='bbox 350 838 388 893; x_wconf 91' lang='lat' dir='ltr'><strong>ad</strong></span> <span class='ocrx_word' id='word_1_83' title='bbox 401 835 612 909; x_wconf 69' lang='lat' dir='ltr'><strong>perfectionem</strong></span> <span class='ocrx_word' id='word_1_84' title='bbox 627 833 793 906; x_wconf 76' lang='lat' dir='ltr'><strong>quenulam</strong></span> <span class='ocrx_word' id='word_1_85' title='bbox 816 849 903 889; x_wconf 83' lang='lat' dir='ltr'><strong>rasus</strong></span> <span class='ocrx_word' id='word_1_86' title='bbox 918 831 1010 904; x_wconf 86' lang='lat' dir='ltr'><strong>ipsius</strong></span> 
     </span>
     <span class='ocr_line' id='line_1_11' title="bbox 183 919 1010 1001; baseline -0.01 -19"><span class='ocrx_word' id='word_1_87' title='bbox 183 933 359 1001; x_wconf 75' lang='lat' dir='ltr'><strong>cooperatus</strong></span> <span class='ocrx_word' id='word_1_88' title='bbox 372 930 425 991; x_wconf 89' lang='lat' dir='ltr'><strong>est,</strong></span> <span class='ocrx_word' id='word_1_89' title='bbox 441 929 469 980; x_wconf 90' lang='lat' dir='ltr'><strong>ct</strong></span> <span class='ocrx_word' id='word_1_90' title='bbox 488 922 609 978; x_wconf 81' lang='lat' dir='ltr'><strong>forsitan</strong></span> <span class='ocrx_word' id='word_1_91' title='bbox 626 920 650 975; x_wconf 91' lang='lat' dir='ltr'><strong>si</strong></span> <span class='ocrx_word' id='word_1_92' title='bbox 665 936 724 975; x_wconf 89' lang='lat' dir='ltr'><strong>non</strong></span> <span class='ocrx_word' id='word_1_93' title='bbox 743 926 804 976; x_wconf 90' lang='lat' dir='ltr'><strong>tam</strong></span> <span class='ocrx_word' id='word_1_94' title='bbox 830 919 952 991; x_wconf 73' lang='lat' dir='ltr'><strong>turpiter</strong></span> <span class='ocrx_word' id='word_1_95' title='bbox 965 936 1010 974; x_wconf 87' lang='lat' dir='ltr'><strong>ee·</strong></span> 
     </span>
     <span class='ocr_line' id='line_1_12' title="bbox 183 1006 1008 1086; baseline -0.01 -17"><span class='ocrx_word' id='word_1_96' title='bbox 183 1016 310 1081; x_wconf 86' lang='lat' dir='ltr'><strong>cidisset,</strong></span> <span class='ocrx_word' id='word_1_97' title='bbox 327 1030 484 1086; x_wconf 82' lang='lat' dir='ltr'><strong>rruuquam</strong></span> <span class='ocrx_word' id='word_1_98' title='bbox 505 1011 655 1067; x_wconf 67' lang='lat' dir='ltr'><strong>rnrsdieurn</strong></span> <span class='ocrx_word' id='word_1_99' title='bbox 668 1010 818 1065; x_wconf 70' lang='lat' dir='ltr'><strong>caelestem</strong></span> <span class='ocrx_word' id='word_1_100' title='bbox 840 1013 953 1064; x_wconf 88' lang='lat' dir='ltr'><strong>tautum</strong></span> <span class='ocrx_word' id='word_1_101' title='bbox 966 1006 1008 1062; x_wconf 84' lang='lat' dir='ltr'><strong>‹li-</strong></span> 
     </span>
     <span class='ocr_line' id='line_1_13' title="bbox 181 1095 1008 1172; baseline -0.01 -11"><span class='ocrx_word' id='word_1_102' title='bbox 181 1104 300 1161; x_wconf 79' lang='lat' dir='ltr'><strong>lexisset</strong></span> <span class='ocrx_word' id='word_1_103' title='bbox 325 1122 331 1159; x_wconf 92' lang='lat'>:</span> <span class='ocrx_word' id='word_1_104' title='bbox 360 1119 419 1158; x_wconf 91' lang='lat' dir='ltr'><strong>non</strong></span> <span class='ocrx_word' id='word_1_105' title='bbox 447 1107 547 1158; x_wconf 90' lang='lat' dir='ltr'><strong>tamen</strong></span> <span class='ocrx_word' id='word_1_106' title='bbox 578 1102 734 1172; x_wconf 79' lang='lat' dir='ltr'><strong>peceatum</strong></span> <span class='ocrx_word' id='word_1_107' title='bbox 768 1103 820 1160; x_wconf 88' lang='lat' dir='ltr'><strong>cst,</strong></span> <span class='ocrx_word' id='word_1_108' title='bbox 849 1101 881 1151; x_wconf 89' lang='lat' dir='ltr'><strong>ut</strong></span> <span class='ocrx_word' id='word_1_109' title='bbox 915 1095 1008 1166; x_wconf 74' lang='lat' dir='ltr'><strong>gralia</strong></span> 
     </span>
     <span class='ocr_line' id='line_1_14' title="bbox 181 1192 323 1249; baseline 0.007 -1"><span class='ocrx_word' id='word_1_110' title='bbox 181 1192 323 1249; x_wconf 85' lang='lat' dir='ltr'><strong>abundet.</strong></span> 
     </span>
    </p>

    <p class='ocr_par' dir='ltr' id='par_1_5' title="bbox 179 1275 1007 1529">
     <span class='ocr_line' id='line_1_15' title="bbox 217 1275 1007 1350; baseline -0.014 -10"><span class='ocrx_word' id='word_1_111' title='bbox 217 1284 548 1349; x_wconf 65' lang='lat' dir='ltr'><strong>011.usrrot2t1.ltt.tteu1</strong></span> <span class='ocrx_word' id='word_1_112' title='bbox 572 1276 714 1350; x_wconf 78' lang='lat' dir='ltr'><strong>quirinu·</strong></span> <span class='ocrx_word' id='word_1_113' title='bbox 741 1275 895 1350; x_wconf 84' lang='lat' dir='ltr'><strong>‹prornodo</strong></span> <span class='ocrx_word' id='word_1_114' title='bbox 917 1275 1007 1330; x_wconf 65' lang='lat' dir='ltr'><strong>arido-</strong></span> 
     </span>
     <span class='ocr_line' id='line_1_16' title="bbox 179 1363 1007 1443; baseline -0.013 -15"><span class='ocrx_word' id='word_1_115' title='bbox 179 1389 247 1428; x_wconf 88' lang='lat' dir='ltr'><strong>rum</strong></span> <span class='ocrx_word' id='word_1_116' title='bbox 259 1375 383 1443; x_wconf 80' lang='lat' dir='ltr'><strong>peccata</strong></span> <span class='ocrx_word' id='word_1_117' title='bbox 398 1371 595 1441; x_wconf 86' lang='lat' dir='ltr'><strong>cooperentur</strong></span> <span class='ocrx_word' id='word_1_118' title='bbox 609 1364 695 1421; x_wconf 79' lang='lat' dir='ltr'><strong>imnis</strong></span> <span class='ocrx_word' id='word_1_119' title='bbox 719 1365 745 1420; x_wconf 91' lang='lat' dir='ltr'><strong>in</strong></span> <span class='ocrx_word' id='word_1_120' title='bbox 771 1365 896 1420; x_wconf 80' lang='lat' dir='ltr'><strong>boumn.</strong></span> <span class='ocrx_word' id='word_1_121' title='bbox 927 1363 1007 1419; x_wconf 84' lang='lat' dir='ltr'><strong>Solu-</strong></span> 
     </span>
     <span class='ocr_line' id='line_1_17' title="bbox 180 1452 1005 1529; baseline -0.015 -11"><span class='ocrx_word' id='word_1_122' title='bbox 180 1461 229 1518; x_wconf 92' lang='lat' dir='ltr'><strong>tio.</strong></span> <span class='ocrx_word' id='word_1_123' title='bbox 244 1460 319 1518; x_wconf 77' lang='lat' dir='ltr'><strong>uiuit</strong></span> <span class='ocrx_word' id='word_1_124' title='bbox 333 1460 365 1516; x_wconf 85' lang='lat' dir='ltr'><strong>nt</strong></span> <span class='ocrx_word' id='word_1_125' title='bbox 379 1459 408 1515; x_wconf 93' lang='lat' dir='ltr'><strong>iu</strong></span> <span class='ocrx_word' id='word_1_126' title='bbox 423 1457 548 1523; x_wconf 88' lang='lat' dir='ltr'><strong>maudo,</strong></span> <span class='ocrx_word' id='word_1_127' title='bbox 563 1456 645 1529; x_wconf 90' lang='lat' dir='ltr'><strong>quod</strong></span> <span class='ocrx_word' id='word_1_128' title='bbox 661 1453 775 1527; x_wconf 90' lang='lat' dir='ltr'><strong>aliquid</strong></span> <span class='ocrx_word' id='word_1_129' title='bbox 792 1452 922 1509; x_wconf 69' lang='lat' dir='ltr'><strong>utititas</strong></span> <span class='ocrx_word' id='word_1_130' title='bbox 946 1467 1005 1507; x_wconf 91' lang='lat' dir='ltr'><strong>non</strong></span> 
     </span>
    </p>
   </div>
   <div class='ocr_carea' id='block_1_5' title="bbox 1060 310 1894 1536">
    <p class='ocr_par' dir='ltr' id='par_1_6' title="bbox 1060 310 1894 1536">
     <span class='ocr_line' id='line_1_18' title="bbox 1067 310 1894 394; baseline 0.015 -28"><span class='ocrx_word' id='word_1_131' title='bbox 1067 310 1094 366; x_wconf 89' lang='lat' dir='ltr'><strong>Si</strong></span> <span class='ocrx_word' id='word_1_132' title='bbox 1109 312 1192 369; x_wconf 88' lang='lat' dir='ltr'><strong>nulla</strong></span> <span class='ocrx_word' id='word_1_133' title='bbox 1207 319 1305 370; x_wconf 85' lang='lat' dir='ltr'><strong>essent</strong></span> <span class='ocrx_word' id='word_1_134' title='bbox 1329 315 1437 379; x_wconf 78' lang='lat' dir='ltr'><strong>teatina,</strong></span> <span class='ocrx_word' id='word_1_135' title='bbox 1455 316 1531 371; x_wconf 83' lang='lat' dir='ltr'><strong>[teus</strong></span> <span class='ocrx_word' id='word_1_136' title='bbox 1546 334 1605 373; x_wconf 90' lang='lat' dir='ltr'><strong>nou</strong></span> <span class='ocrx_word' id='word_1_137' title='bbox 1619 320 1769 391; x_wconf 70' lang='lat' dir='ltr'><strong>praesciret</strong></span> <span class='ocrx_word' id='word_1_138' title='bbox 1793 322 1894 394; x_wconf 81' lang='lat' dir='ltr'><strong>aliqrm</strong></span> 
     </span>
     <span class='ocr_line' id='line_1_19' title="bbox 1065 397 1892 476; baseline 0.017 -25"><span class='ocrx_word' id='word_1_139' title='bbox 1065 397 1173 466; x_wconf 86' lang='lat' dir='ltr'><strong>lutura,</strong></span> <span class='ocrx_word' id='word_1_140' title='bbox 1187 402 1240 458; x_wconf 91' lang='lat' dir='ltr'><strong>etsi</strong></span> <span class='ocrx_word' id='word_1_141' title='bbox 1251 404 1307 459; x_wconf 85' lang='lat' dir='ltr'><strong>lroc</strong></span> <span class='ocrx_word' id='word_1_142' title='bbox 1321 410 1406 475; x_wconf 90' lang='lat' dir='ltr'><strong>essct,</strong></span> <span class='ocrx_word' id='word_1_143' title='bbox 1421 404 1675 476; x_wconf 77' lang='lat' dir='ltr'><strong>praeseientianou</strong></span> <span class='ocrx_word' id='word_1_144' title='bbox 1686 415 1763 464; x_wconf 89' lang='lat' dir='ltr'><strong>essct</strong></span> <span class='ocrx_word' id='word_1_145' title='bbox 1772 409 1801 464; x_wconf 91' lang='lat' dir='ltr'><strong>in</strong></span> <span class='ocrx_word' id='word_1_146' title='bbox 1815 413 1892 476; x_wconf 76' lang='lat' dir='ltr'><strong>ilco,</strong></span> 
     </span>
     <span class='ocr_line' id='line_1_20' title="bbox 1065 489 1891 567; baseline 0.016 -26"><span class='ocrx_word' id='word_1_147' title='bbox 1065 489 1114 543; x_wconf 88' lang='lat' dir='ltr'><strong>sed</strong></span> <span class='ocrx_word' id='word_1_148' title='bbox 1132 491 1316 562; x_wconf 76' lang='lat' dir='ltr'><strong>praescientia</strong></span> <span class='ocrx_word' id='word_1_149' title='bbox 1331 496 1375 550; x_wconf 91' lang='lat' dir='ltr'><strong>est</strong></span> <span class='ocrx_word' id='word_1_150' title='bbox 1386 492 1488 548; x_wconf 77' lang='lat' dir='ltr'><strong>(lirina</strong></span> <span class='ocrx_word' id='word_1_151' title='bbox 1512 493 1643 562; x_wconf 86' lang='lat' dir='ltr'><strong>scicntia,</strong></span> <span class='ocrx_word' id='word_1_152' title='bbox 1667 500 1695 550; x_wconf 90' lang='lat' dir='ltr'><strong>ct</strong></span> <span class='ocrx_word' id='word_1_153' title='bbox 1709 495 1773 567; x_wconf 84' lang='lat' dir='ltr'><strong>ipsa</strong></span> <span class='ocrx_word' id='word_1_154' title='bbox 1786 504 1830 552; x_wconf 89' lang='lat' dir='ltr'><strong>est</strong></span> <span class='ocrx_word' id='word_1_155' title='bbox 1844 500 1891 554; x_wconf 83' lang='lat' dir='ltr'><strong>ltei</strong></span> 
     </span>
     <span class='ocr_line' id='line_1_21' title="bbox 1064 578 1891 658; baseline 0.012 -28"><span class='ocrx_word' id='word_1_156' title='bbox 1064 578 1201 645; x_wconf 86' lang='lat' dir='ltr'><strong>essentia,</strong></span> <span class='ocrx_word' id='word_1_157' title='bbox 1215 584 1243 634; x_wconf 89' lang='lat' dir='ltr'><strong>et</strong></span> <span class='ocrx_word' id='word_1_158' title='bbox 1256 580 1296 634; x_wconf 92' lang='lat' dir='ltr'><strong>sic</strong></span> <span class='ocrx_word' id='word_1_159' title='bbox 1309 579 1435 639; x_wconf 74' lang='lat' dir='ltr'><strong>rirletnr.</strong></span> <span class='ocrx_word' id='word_1_160' title='bbox 1453 581 1474 635; x_wconf 90' lang='lat' dir='ltr'><strong>si</strong></span> <span class='ocrx_word' id='word_1_161' title='bbox 1488 581 1571 638; x_wconf 89' lang='lat' dir='ltr'><strong>nulla</strong></span> <span class='ocrx_word' id='word_1_162' title='bbox 1584 587 1681 638; x_wconf 87' lang='lat' dir='ltr'><strong>esseut</strong></span> <span class='ocrx_word' id='word_1_163' title='bbox 1694 583 1891 658; x_wconf 58' lang='lat' dir='ltr'><strong>lrrtrrraaprod</strong></span> 
     </span>
     <span class='ocr_line' id='line_1_22' title="bbox 1065 668 1892 741; baseline 0.013 -23"><span class='ocrx_word' id='word_1_164' title='bbox 1065 668 1141 720; x_wconf 85' lang='lat' dir='ltr'><strong>lleus</strong></span> <span class='ocrx_word' id='word_1_165' title='bbox 1156 682 1214 722; x_wconf 91' lang='lat' dir='ltr'><strong>uon</strong></span> <span class='ocrx_word' id='word_1_166' title='bbox 1232 674 1309 723; x_wconf 89' lang='lat' dir='ltr'><strong>essct</strong></span> <span class='ocrx_word' id='word_1_167' title='bbox 1322 686 1328 735; x_wconf 79' lang='lat'>3</span> <span class='ocrx_word' id='word_1_168' title='bbox 1342 669 1424 741; x_wconf 90' lang='lat' dir='ltr'><strong>quod</strong></span> <span class='ocrx_word' id='word_1_169' title='bbox 1438 669 1534 725; x_wconf 73' lang='lat' dir='ltr'><strong>altsit!</strong></span> <span class='ocrx_word' id='word_1_170' title='bbox 1560 670 1680 727; x_wconf 85' lang='lat' dir='ltr'><strong>Salutio.</strong></span> <span class='ocrx_word' id='word_1_171' title='bbox 1707 673 1892 729; x_wconf 48' lang='lat' dir='ltr'><strong>erat-cientis</strong></span> 
     </span>
     <span class='ocr_line' id='line_1_23' title="bbox 1064 753 1889 828; baseline 0.011 -21"><span class='ocrx_word' id='word_1_172' title='bbox 1064 768 1125 807; x_wconf 92' lang='lat' dir='ltr'><strong>non</strong></span> <span class='ocrx_word' id='word_1_173' title='bbox 1140 753 1311 826; x_wconf 87' lang='lat' dir='ltr'><strong>simpliciter</strong></span> <span class='ocrx_word' id='word_1_174' title='bbox 1323 756 1470 826; x_wconf 74' lang='lat' dir='ltr'><strong>signifieat</strong></span> <span class='ocrx_word' id='word_1_175' title='bbox 1483 757 1616 814; x_wconf 79' lang='lat' dir='ltr'><strong>divinam</strong></span> <span class='ocrx_word' id='word_1_176' title='bbox 1641 761 1810 828; x_wconf 86' lang='lat' dir='ltr'><strong>essentiam,</strong></span> <span class='ocrx_word' id='word_1_177' title='bbox 1839 764 1889 818; x_wconf 87' lang='lat' dir='ltr'><strong>sed</strong></span> 
     </span>
     <span class='ocr_line' id='line_1_24' title="bbox 1063 841 1889 918; baseline 0.013 -25"><span class='ocrx_word' id='word_1_178' title='bbox 1063 841 1141 896; x_wconf 69' lang='lat' dir='ltr'><strong>‹zirca</strong></span> <span class='ocrx_word' id='word_1_179' title='bbox 1151 858 1217 896; x_wconf 64' lang='lat' dir='ltr'><strong>(aaran</strong></span> <span class='ocrx_word' id='word_1_180' title='bbox 1231 843 1546 913; x_wconf 64' lang='lat' dir='ltr'><strong>‹tasipratalauonom</strong></span> <span class='ocrx_word' id='word_1_181' title='bbox 1560 851 1695 918; x_wconf 87' lang='lat' dir='ltr'><strong>respectu</strong></span> <span class='ocrx_word' id='word_1_182' title='bbox 1706 848 1889 905; x_wconf 77' lang='lat' dir='ltr'><strong>futurorum:</strong></span> 
     </span>
     <span class='ocr_line' id='line_1_25' title="bbox 1064 930 1891 1007; baseline 0.01 -23"><span class='ocrx_word' id='word_1_183' title='bbox 1064 930 1142 985; x_wconf 81' lang='lat' dir='ltr'><strong>rnrde</strong></span> <span class='ocrx_word' id='word_1_184' title='bbox 1155 930 1210 985; x_wconf 86' lang='lat' dir='ltr'><strong>ista</strong></span> <span class='ocrx_word' id='word_1_185' title='bbox 1223 931 1340 995; x_wconf 75' lang='lat' dir='ltr'><strong>icontie,</strong></span> <span class='ocrx_word' id='word_1_186' title='bbox 1351 931 1374 986; x_wconf 90' lang='lat' dir='ltr'><strong>si</strong></span> <span class='ocrx_word' id='word_1_187' title='bbox 1386 932 1467 987; x_wconf 78' lang='lat' dir='ltr'><strong>malla</strong></span> <span class='ocrx_word' id='word_1_188' title='bbox 1479 933 1694 1005; x_wconf 82' lang='lat' dir='ltr'><strong>essentiatum,</strong></span> <span class='ocrx_word' id='word_1_189' title='bbox 1706 937 1891 1007; x_wconf 73' lang='lat' dir='ltr'><strong>prescientia</strong></span> 
     </span>
     <span class='ocr_line' id='line_1_26' title="bbox 1062 1017 1890 1094; baseline 0.006 -20"><span class='ocrx_word' id='word_1_190' title='bbox 1062 1024 1211 1075; x_wconf 87' lang='lat' dir='ltr'><strong>nouesset</strong></span> <span class='ocrx_word' id='word_1_191' title='bbox 1238 1017 1267 1073; x_wconf 91' lang='lat' dir='ltr'><strong>in</strong></span> <span class='ocrx_word' id='word_1_192' title='bbox 1288 1023 1366 1087; x_wconf 87' lang='lat' dir='ltr'><strong>lleo;</strong></span> <span class='ocrx_word' id='word_1_193' title='bbox 1396 1021 1515 1076; x_wconf 75' lang='lat' dir='ltr'><strong>«luobus</strong></span> <span class='ocrx_word' id='word_1_194' title='bbox 1531 1021 1629 1077; x_wconf 85' lang='lat' dir='ltr'><strong>nrodis</strong></span> <span class='ocrx_word' id='word_1_195' title='bbox 1654 1022 1833 1094; x_wconf 81' lang='lat' dir='ltr'><strong>intelligitur.</strong></span> <span class='ocrx_word' id='word_1_196' title='bbox 1863 1026 1890 1081; x_wconf 86' lang='lat' dir='ltr'><strong>Si</strong></span> 
     </span>
     <span class='ocr_line' id='line_1_27' title="bbox 1062 1105 1890 1186; baseline 0.007 -25"><span class='ocrx_word' id='word_1_197' title='bbox 1062 1106 1141 1162; x_wconf 88' lang='lat' dir='ltr'><strong>enim</strong></span> <span class='ocrx_word' id='word_1_198' title='bbox 1154 1105 1270 1162; x_wconf 73' lang='lat' dir='ltr'><strong>ulatur</strong></span> <span class='ocrx_word' id='word_1_199' title='bbox 1286 1124 1292 1161; x_wconf 71' lang='grc' dir='ltr'>ι</span> <span class='ocrx_word' id='word_1_200' title='bbox 1308 1105 1335 1163; x_wconf 91' lang='lat' dir='ltr'><strong>Si</strong></span> <span class='ocrx_word' id='word_1_201' title='bbox 1354 1107 1436 1162; x_wconf 86' lang='lat' dir='ltr'><strong>rudla</strong></span> <span class='ocrx_word' id='word_1_202' title='bbox 1454 1112 1553 1163; x_wconf 78' lang='lat' dir='ltr'><strong>essent</strong></span> <span class='ocrx_word' id='word_1_203' title='bbox 1571 1107 1680 1186; x_wconf 82' lang='lat' dir='ltr'><strong>salma,</strong></span> <span class='ocrx_word' id='word_1_204' title='bbox 1705 1111 1890 1182; x_wconf 73' lang='lat' dir='ltr'><strong>praescientia</strong></span> 
     </span>
     <span class='ocr_line' id='line_1_28' title="bbox 1060 1196 1883 1264; baseline 0 -13"><span class='ocrx_word' id='word_1_205' title='bbox 1060 1213 1122 1252; x_wconf 90' lang='lat' dir='ltr'><strong>uon</strong></span> <span class='ocrx_word' id='word_1_206' title='bbox 1138 1200 1215 1252; x_wconf 89' lang='lat' dir='ltr'><strong>esset</strong></span> <span class='ocrx_word' id='word_1_207' title='bbox 1227 1196 1255 1251; x_wconf 94' lang='lat' dir='ltr'><strong>in</strong></span> <span class='ocrx_word' id='word_1_208' title='bbox 1271 1200 1339 1263; x_wconf 81' lang='lat' dir='ltr'><strong>llco,</strong></span> <span class='ocrx_word' id='word_1_209' title='bbox 1356 1196 1451 1264; x_wconf 87' lang='lat' dir='ltr'><strong>idest,</strong></span> <span class='ocrx_word' id='word_1_210' title='bbox 1467 1197 1492 1251; x_wconf 89' lang='lat' dir='ltr'><strong>si</strong></span> <span class='ocrx_word' id='word_1_211' title='bbox 1503 1197 1586 1252; x_wconf 90' lang='lat' dir='ltr'><strong>nulla</strong></span> <span class='ocrx_word' id='word_1_212' title='bbox 1606 1201 1704 1254; x_wconf 87' lang='lat' dir='ltr'><strong>essent</strong></span> <span class='ocrx_word' id='word_1_213' title='bbox 1717 1197 1824 1263; x_wconf 86' lang='lat' dir='ltr'><strong>iutma,</strong></span> <span class='ocrx_word' id='word_1_214' title='bbox 1843 1215 1883 1251; x_wconf 54' lang='lat' dir='ltr'><strong>su&gt;</strong></span> 
     </span>
     <span class='ocr_line' id='line_1_29' title="bbox 1061 1284 1890 1359; baseline 0.001 -20"><span class='ocrx_word' id='word_1_215' title='bbox 1061 1285 1158 1355; x_wconf 69' lang='lat' dir='ltr'><strong>ltjccta</strong></span> <span class='ocrx_word' id='word_1_216' title='bbox 1172 1284 1281 1341; x_wconf 75' lang='lat' dir='ltr'><strong>(livinae</strong></span> <span class='ocrx_word' id='word_1_217' title='bbox 1293 1284 1421 1341; x_wconf 73' lang='lat' dir='ltr'><strong>scientiae</strong></span> <span class='ocrx_word' id='word_1_218' title='bbox 1442 1285 1525 1340; x_wconf 93' lang='lat' dir='ltr'><strong>nulla</strong></span> <span class='ocrx_word' id='word_1_219' title='bbox 1539 1291 1646 1353; x_wconf 81' lang='lat' dir='ltr'><strong>essent,</strong></span> <span class='ocrx_word' id='word_1_220' title='bbox 1669 1287 1749 1342; x_wconf 74' lang='lat' dir='ltr'><strong>arride</strong></span> <span class='ocrx_word' id='word_1_221' title='bbox 1769 1287 1834 1359; x_wconf 86' lang='lat' dir='ltr'><strong>ipsa</strong></span> <span class='ocrx_word' id='word_1_222' title='bbox 1847 1286 1890 1340; x_wconf 89' lang='lat' dir='ltr'><strong>di·</strong></span> 
     </span>
     <span class='ocr_line' id='line_1_30' title="bbox 1060 1372 1888 1445; baseline -0.001 -18"><span class='ocrx_word' id='word_1_223' title='bbox 1060 1377 1175 1428; x_wconf 90' lang='lat' dir='ltr'><strong>ccretur</strong></span> <span class='ocrx_word' id='word_1_224' title='bbox 1189 1372 1383 1445; x_wconf 76' lang='lat' dir='ltr'><strong>praescientia,</strong></span> <span class='ocrx_word' id='word_1_225' title='bbox 1399 1391 1485 1429; x_wconf 78' lang='lat' dir='ltr'><strong>serras</strong></span> <span class='ocrx_word' id='word_1_226' title='bbox 1507 1378 1551 1428; x_wconf 91' lang='lat' dir='ltr'><strong>est</strong></span> <span class='ocrx_word' id='word_1_227' title='bbox 1562 1373 1735 1431; x_wconf 88' lang='lat' dir='ltr'><strong>intellectus.</strong></span> <span class='ocrx_word' id='word_1_228' title='bbox 1749 1374 1776 1428; x_wconf 85' lang='lat' dir='ltr'><strong>Si</strong></span> <span class='ocrx_word' id='word_1_229' title='bbox 1788 1378 1888 1429; x_wconf 90' lang='lat' dir='ltr'><strong>autem</strong></span> 
     </span>
     <span class='ocr_line' id='line_1_31' title="bbox 1060 1461 1887 1536; baseline 0.002 -20"><span class='ocrx_word' id='word_1_230' title='bbox 1060 1461 1101 1517; x_wconf 89' lang='lat' dir='ltr'><strong>sic</strong></span> <span class='ocrx_word' id='word_1_231' title='bbox 1117 1462 1295 1533; x_wconf 75' lang='lat' dir='ltr'><strong>intelligatur</strong></span> <span class='ocrx_word' id='word_1_232' title='bbox 1309 1482 1315 1519; x_wconf 91' lang='lat'>:</span> <span class='ocrx_word' id='word_1_233' title='bbox 1331 1463 1359 1518; x_wconf 89' lang='lat' dir='ltr'><strong>Si</strong></span> <span class='ocrx_word' id='word_1_234' title='bbox 1371 1463 1454 1519; x_wconf 93' lang='lat' dir='ltr'><strong>nulla</strong></span> <span class='ocrx_word' id='word_1_235' title='bbox 1469 1469 1567 1519; x_wconf 89' lang='lat' dir='ltr'><strong>essent</strong></span> <span class='ocrx_word' id='word_1_236' title='bbox 1579 1462 1687 1529; x_wconf 84' lang='lat' dir='ltr'><strong>lutura,</strong></span> <span class='ocrx_word' id='word_1_237' title='bbox 1702 1463 1887 1536; x_wconf 70' lang='lat' dir='ltr'><strong>praescientia</strong></span> 
     </span>
    </p>
   </div>
   <div class='ocr_carea' id='block_1_6' title="bbox 180 1541 1887 1625">
    <p class='ocr_par' dir='ltr' id='par_1_7' title="bbox 180 1541 1887 1625">
     <span class='ocr_line' id='line_1_32' title="bbox 180 1541 1887 1625; baseline -0.011 -16"><span class='ocrx_word' id='word_1_238' title='bbox 180 1551 312 1609; x_wconf 91' lang='lat' dir='ltr'><strong>eonicrat</strong></span> <span class='ocrx_word' id='word_1_239' title='bbox 323 1551 404 1606; x_wconf 72' lang='lat' dir='ltr'><strong>trono</strong></span> <span class='ocrx_word' id='word_1_240' title='bbox 419 1546 625 1614; x_wconf 83' lang='lat' dir='ltr'><strong>urrivcrsitatis,</strong></span> <span class='ocrx_word' id='word_1_241' title='bbox 645 1549 673 1601; x_wconf 89' lang='lat' dir='ltr'><strong>et</strong></span> <span class='ocrx_word' id='word_1_242' title='bbox 685 1544 726 1599; x_wconf 90' lang='lat' dir='ltr'><strong>sic</strong></span> <span class='ocrx_word' id='word_1_243' title='bbox 740 1542 843 1600; x_wconf 90' lang='lat' dir='ltr'><strong>omnia</strong></span> <span class='ocrx_word' id='word_1_244' title='bbox 856 1543 946 1605; x_wconf 71' lang='lat' dir='ltr'><strong>borrei,</strong></span> <span class='ocrx_word' id='word_1_245' title='bbox 959 1541 1006 1597; x_wconf 81' lang='lat' dir='ltr'><strong>vel</strong></span> <span class='ocrx_word' id='word_1_246' title='bbox 1021 1562 1041 1616; x_wconf 77' lang='lat' dir='ltr'><strong>p</strong></span> <span class='ocrx_word' id='word_1_247' title='bbox 1059 1563 1121 1604; x_wconf 87' lang='lat' dir='ltr'><strong>non</strong></span> <span class='ocrx_word' id='word_1_248' title='bbox 1132 1554 1209 1605; x_wconf 81' lang='lat' dir='ltr'><strong>esset</strong></span> <span class='ocrx_word' id='word_1_249' title='bbox 1223 1550 1253 1604; x_wconf 92' lang='lat' dir='ltr'><strong>in</strong></span> <span class='ocrx_word' id='word_1_250' title='bbox 1278 1554 1347 1618; x_wconf 84' lang='lat' dir='ltr'><strong>lteo,</strong></span> <span class='ocrx_word' id='word_1_251' title='bbox 1362 1551 1393 1606; x_wconf 90' lang='lat' dir='ltr'><strong>id</strong></span> <span class='ocrx_word' id='word_1_252' title='bbox 1415 1556 1468 1622; x_wconf 90' lang='lat' dir='ltr'><strong>est,</strong></span> <span class='ocrx_word' id='word_1_253' title='bbox 1483 1551 1614 1619; x_wconf 82' lang='lat' dir='ltr'><strong>scicntia,</strong></span> <span class='ocrx_word' id='word_1_254' title='bbox 1641 1569 1702 1625; x_wconf 83' lang='lat' dir='ltr'><strong>qua</strong></span> <span class='ocrx_word' id='word_1_255' title='bbox 1715 1551 1830 1623; x_wconf 59' lang='lat' dir='ltr'><strong>praescit</strong></span> <span class='ocrx_word' id='word_1_256' title='bbox 1846 1552 1887 1604; x_wconf 68' lang='lat' dir='ltr'><strong>fu.</strong></span> 
     </span>
    </p>
   </div>
   <div class='ocr_carea' id='block_1_7' title="bbox 175 1629 1005 2789">
    <p class='ocr_par' dir='ltr' id='par_1_8' title="bbox 178 1629 1005 1800">
     <span class='ocr_line' id='line_1_33' title="bbox 178 1629 1005 1713; baseline -0.013 -16"><span class='ocrx_word' id='word_1_257' title='bbox 178 1641 260 1697; x_wconf 87' lang='lat' dir='ltr'><strong>mala</strong></span> <span class='ocrx_word' id='word_1_258' title='bbox 282 1639 413 1713; x_wconf 87' lang='lat' dir='ltr'><strong>propria,</strong></span> <span class='ocrx_word' id='word_1_259' title='bbox 441 1636 487 1692; x_wconf 86' lang='lat' dir='ltr'><strong>vcl</strong></span> <span class='ocrx_word' id='word_1_260' title='bbox 513 1635 610 1692; x_wconf 88' lang='lat' dir='ltr'><strong>aliena</strong></span> <span class='ocrx_word' id='word_1_261' title='bbox 638 1636 836 1705; x_wconf 83' lang='lat' dir='ltr'><strong>cooperantur</strong></span> <span class='ocrx_word' id='word_1_262' title='bbox 859 1631 946 1686; x_wconf 62' lang='lat' dir='ltr'><strong>taonis</strong></span> <span class='ocrx_word' id='word_1_263' title='bbox 974 1629 1005 1687; x_wconf 91' lang='lat' dir='ltr'><strong>in</strong></span> 
     </span>
     <span class='ocr_line' id='line_1_34' title="bbox 178 1731 304 1800; baseline -0.024 -13"><span class='ocrx_word' id='word_1_264' title='bbox 178 1731 304 1800; x_wconf 85' lang='lat' dir='ltr'><strong>boumn.</strong></span> 
     </span>
    </p>

    <p class='ocr_par' dir='ltr' id='par_1_9' title="bbox 175 1821 1004 2789">
     <span class='ocr_line' id='line_1_35' title="bbox 216 1821 1004 1902; baseline -0.019 -11"><span class='ocrx_word' id='word_1_265' title='bbox 216 1838 344 1902; x_wconf 71' lang='lat' dir='ltr'><strong>ansno</strong></span> <span class='ocrx_word' id='word_1_266' title='bbox 364 1832 473 1888; x_wconf 71' lang='lat' dir='ltr'><strong>exuunt.</strong></span> <span class='ocrx_word' id='word_1_267' title='bbox 496 1831 539 1883; x_wconf 76' lang='lat' dir='ltr'><strong>nu</strong></span> <span class='ocrx_word' id='word_1_268' title='bbox 563 1824 666 1882; x_wconf 89' lang='lat' dir='ltr'><strong>omnia</strong></span> <span class='ocrx_word' id='word_1_269' title='bbox 690 1821 871 1880; x_wconf 88' lang='lat' dir='ltr'><strong>damnandis</strong></span> <span class='ocrx_word' id='word_1_270' title='bbox 899 1838 1004 1893; x_wconf 90' lang='lat' dir='ltr'><strong>coope-</strong></span> 
     </span>
     <span class='ocr_line' id='line_1_36' title="bbox 178 1910 1004 1984; baseline -0.019 -4"><span class='ocrx_word' id='word_1_271' title='bbox 178 1929 281 1980; x_wconf 88' lang='lat' dir='ltr'><strong>rantur</strong></span> <span class='ocrx_word' id='word_1_272' title='bbox 295 1920 324 1977; x_wconf 91' lang='lat' dir='ltr'><strong>in</strong></span> <span class='ocrx_word' id='word_1_273' title='bbox 344 1918 487 1974; x_wconf 77' lang='lat' dir='ltr'><strong>madum?</strong></span> <span class='ocrx_word' id='word_1_274' title='bbox 517 1915 601 1979; x_wconf 79' lang='lat' dir='ltr'><strong>erod</strong></span> <span class='ocrx_word' id='word_1_275' title='bbox 614 1912 696 1969; x_wconf 90' lang='lat' dir='ltr'><strong>mala</strong></span> <span class='ocrx_word' id='word_1_276' title='bbox 722 1912 866 1984; x_wconf 88' lang='lat' dir='ltr'><strong>ipsorum,</strong></span> <span class='ocrx_word' id='word_1_277' title='bbox 892 1910 933 1966; x_wconf 89' lang='lat' dir='ltr'><strong>eis</strong></span> <span class='ocrx_word' id='word_1_278' title='bbox 953 1926 1004 1965; x_wconf 94' lang='lat' dir='ltr'><strong>no-</strong></span> 
     </span>
     <span class='ocr_line' id='line_1_37' title="bbox 178 2000 1002 2073; baseline -0.019 -5"><span class='ocrx_word' id='word_1_279' title='bbox 178 2013 265 2068; x_wconf 82' lang='lat' dir='ltr'><strong>ceant</strong></span> <span class='ocrx_word' id='word_1_280' title='bbox 278 2011 393 2065; x_wconf 88' lang='lat' dir='ltr'><strong>coustat</strong></span> <span class='ocrx_word' id='word_1_281' title='bbox 409 2024 415 2069; x_wconf 85' lang='lat'>;</span> <span class='ocrx_word' id='word_1_282' title='bbox 441 2005 494 2062; x_wconf 91' lang='lat' dir='ltr'><strong>scd</strong></span> <span class='ocrx_word' id='word_1_283' title='bbox 508 2008 606 2059; x_wconf 89' lang='lat' dir='ltr'><strong>utrum</strong></span> <span class='ocrx_word' id='word_1_284' title='bbox 621 2001 711 2067; x_wconf 85' lang='lat' dir='ltr'><strong>bona,</strong></span> <span class='ocrx_word' id='word_1_285' title='bbox 739 2017 807 2073; x_wconf 75' lang='lat' dir='ltr'><strong>qum</strong></span> <span class='ocrx_word' id='word_1_286' title='bbox 820 2000 1002 2073; x_wconf 88' lang='lat' dir='ltr'><strong>quandoque</strong></span> 
     </span>
     <span class='ocr_line' id='line_1_38' title="bbox 178 2086 1001 2168; baseline -0.019 -12"><span class='ocrx_word' id='word_1_287' title='bbox 178 2098 299 2165; x_wconf 84' lang='lat' dir='ltr'><strong>iaciunt,</strong></span> <span class='ocrx_word' id='word_1_288' title='bbox 314 2099 509 2168; x_wconf 85' lang='lat' dir='ltr'><strong>cooperentur</strong></span> <span class='ocrx_word' id='word_1_289' title='bbox 531 2090 573 2146; x_wconf 84' lang='lat' dir='ltr'><strong>eis</strong></span> <span class='ocrx_word' id='word_1_290' title='bbox 595 2090 626 2146; x_wconf 90' lang='lat' dir='ltr'><strong>iu</strong></span> <span class='ocrx_word' id='word_1_291' title='bbox 650 2088 774 2155; x_wconf 88' lang='lat' dir='ltr'><strong>malum,</strong></span> <span class='ocrx_word' id='word_1_292' title='bbox 802 2086 1001 2160; x_wconf 87' lang='lat' dir='ltr'><strong>potestqmeri</strong></span> 
     </span>
     <span class='ocr_line' id='line_1_39' title="bbox 177 2177 1002 2261; baseline -0.018 -16"><span class='ocrx_word' id='word_1_293' title='bbox 177 2188 260 2261; x_wconf 92' lang='lat' dir='ltr'><strong>quod</strong></span> <span class='ocrx_word' id='word_1_294' title='bbox 275 2186 390 2242; x_wconf 88' lang='lat' dir='ltr'><strong>videtur</strong></span> <span class='ocrx_word' id='word_1_295' title='bbox 406 2202 412 2239; x_wconf 92' lang='lat'>:</span> <span class='ocrx_word' id='word_1_296' title='bbox 429 2181 500 2255; x_wconf 89' lang='lat' dir='ltr'><strong>quia</strong></span> <span class='ocrx_word' id='word_1_297' title='bbox 511 2180 653 2252; x_wconf 90' lang='lat' dir='ltr'><strong>scriptum</strong></span> <span class='ocrx_word' id='word_1_298' title='bbox 664 2184 708 2233; x_wconf 90' lang='lat' dir='ltr'><strong>est</strong></span> <span class='ocrx_word' id='word_1_299' title='bbox 723 2195 729 2232; x_wconf 93' lang='lat'>:</span> <span class='ocrx_word' id='word_1_300' title='bbox 745 2178 853 2233; x_wconf 85' lang='lat' dir='ltr'><strong>Melias</strong></span> <span class='ocrx_word' id='word_1_301' title='bbox 866 2182 907 2233; x_wconf 89' lang='lat' dir='ltr'><strong>est</strong></span> <span class='ocrx_word' id='word_1_302' title='bbox 925 2177 1002 2232; x_wconf 73' lang='lat' dir='ltr'><strong>eitam</strong></span> 
     </span>
     <span class='ocr_line' id='line_1_40' title="bbox 177 2267 1003 2343; baseline -0.021 -8"><span class='ocrx_word' id='word_1_303' title='bbox 177 2277 311 2335; x_wconf 84' lang='lat' dir='ltr'><strong>ueritatis</strong></span> <span class='ocrx_word' id='word_1_304' title='bbox 326 2290 385 2329; x_wconf 87' lang='lat' dir='ltr'><strong>aaa</strong></span> <span class='ocrx_word' id='word_1_305' title='bbox 400 2285 569 2343; x_wconf 70' lang='lat' dir='ltr'><strong>canescere,</strong></span> <span class='ocrx_word' id='word_1_306' title='bbox 590 2284 680 2339; x_wconf 76' lang='lat' dir='ltr'><strong>qacarn</strong></span> <span class='ocrx_word' id='word_1_307' title='bbox 700 2271 768 2336; x_wconf 82' lang='lat' dir='ltr'><strong>post</strong></span> <span class='ocrx_word' id='word_1_308' title='bbox 789 2267 934 2336; x_wconf 74' lang='lat' dir='ltr'><strong>aquilam,</strong></span> <span class='ocrx_word' id='word_1_309' title='bbox 959 2280 1003 2319; x_wconf 86' lang='lat' dir='ltr'><strong>re-</strong></span> 
     </span>
     <span class='ocr_line' id='line_1_41' title="bbox 177 2353 1002 2433; baseline -0.016 -11"><span class='ocrx_word' id='word_1_310' title='bbox 177 2367 270 2423; x_wconf 84' lang='lat' dir='ltr'><strong>troire</strong></span> <span class='ocrx_word' id='word_1_311' title='bbox 284 2365 328 2433; x_wconf 74' lang='lat' dir='ltr'><strong>(II</strong></span> <span class='ocrx_word' id='word_1_312' title='bbox 338 2365 420 2419; x_wconf 88' lang='lat' dir='ltr'><strong>Petr.</strong></span> <span class='ocrx_word' id='word_1_313' title='bbox 436 2361 476 2431; x_wconf 77' lang='lat' dir='ltr'><strong>ul.</strong></span> <span class='ocrx_word' id='word_1_314' title='bbox 492 2357 613 2417; x_wconf 89' lang='lat' dir='ltr'><strong>Soluti0.</strong></span> <span class='ocrx_word' id='word_1_315' title='bbox 630 2353 814 2413; x_wconf 75' lang='lat' dir='ltr'><strong>damnandis</strong></span> <span class='ocrx_word' id='word_1_316' title='bbox 830 2370 889 2410; x_wconf 89' lang='lat' dir='ltr'><strong>non</strong></span> <span class='ocrx_word' id='word_1_317' title='bbox 900 2353 1002 2409; x_wconf 91' lang='lat' dir='ltr'><strong>omnia</strong></span> 
     </span>
     <span class='ocr_line' id='line_1_42' title="bbox 177 2443 1002 2528; baseline -0.018 -17"><span class='ocrx_word' id='word_1_318' title='bbox 177 2456 376 2528; x_wconf 76' lang='lat' dir='ltr'><strong>cooperantur</strong></span> <span class='ocrx_word' id='word_1_319' title='bbox 388 2450 418 2506; x_wconf 91' lang='lat' dir='ltr'><strong>in</strong></span> <span class='ocrx_word' id='word_1_320' title='bbox 433 2448 566 2513; x_wconf 90' lang='lat' dir='ltr'><strong>malum;</strong></span> <span class='ocrx_word' id='word_1_321' title='bbox 581 2445 634 2519; x_wconf 89' lang='lat' dir='ltr'><strong>qui</strong></span> <span class='ocrx_word' id='word_1_322' title='bbox 648 2461 702 2517; x_wconf 91' lang='lat' dir='ltr'><strong>pro</strong></span> <span class='ocrx_word' id='word_1_323' title='bbox 717 2443 815 2511; x_wconf 83' lang='lat' dir='ltr'><strong>bonis,</strong></span> <span class='ocrx_word' id='word_1_324' title='bbox 830 2459 897 2516; x_wconf 65' lang='lat' dir='ltr'><strong>quae</strong></span> <span class='ocrx_word' id='word_1_325' title='bbox 909 2458 1002 2514; x_wconf 91' lang='lat' dir='ltr'><strong>quan-</strong></span> 
     </span>
     <span class='ocr_line' id='line_1_43' title="bbox 175 2530 1002 2616; baseline -0.017 -17"><span class='ocrx_word' id='word_1_326' title='bbox 175 2544 276 2616; x_wconf 81' lang='lat' dir='ltr'><strong>doque</strong></span> <span class='ocrx_word' id='word_1_327' title='bbox 291 2541 412 2605; x_wconf 88' lang='lat' dir='ltr'><strong>iaciunt,</strong></span> <span class='ocrx_word' id='word_1_328' title='bbox 436 2537 535 2594; x_wconf 93' lang='lat' dir='ltr'><strong>minus</strong></span> <span class='ocrx_word' id='word_1_329' title='bbox 549 2533 720 2608; x_wconf 89' lang='lat' dir='ltr'><strong>punientur.</strong></span> <span class='ocrx_word' id='word_1_330' title='bbox 745 2531 830 2597; x_wconf 88' lang='lat' dir='ltr'><strong>Quod</strong></span> <span class='ocrx_word' id='word_1_331' title='bbox 845 2535 945 2587; x_wconf 87' lang='lat' dir='ltr'><strong>antem</strong></span> <span class='ocrx_word' id='word_1_332' title='bbox 959 2530 1002 2586; x_wconf 84' lang='lat' dir='ltr'><strong>‹ti-</strong></span> 
     </span>
     <span class='ocr_line' id='line_1_44' title="bbox 176 2619 1000 2692; baseline -0.018 -5"><span class='ocrx_word' id='word_1_333' title='bbox 176 2632 269 2688; x_wconf 87' lang='lat' dir='ltr'><strong>eitur:</strong></span> <span class='ocrx_word' id='word_1_334' title='bbox 285 2627 383 2686; x_wconf 80' lang='lat' dir='ltr'><strong>Melius</strong></span> <span class='ocrx_word' id='word_1_335' title='bbox 402 2629 456 2692; x_wconf 98' lang='grc' dir='ltr'><strong>θεῖ,</strong></span> <span class='ocrx_word' id='word_1_336' title='bbox 478 2631 532 2680; x_wconf 85' lang='grc' dir='ltr'><strong>θῖθ.</strong></span> <span class='ocrx_word' id='word_1_337' title='bbox 547 2627 610 2680; x_wconf 89' lang='lat' dir='ltr'><strong>Non</strong></span> <span class='ocrx_word' id='word_1_338' title='bbox 621 2623 658 2677; x_wconf 91' lang='lat' dir='ltr'><strong>de</strong></span> <span class='ocrx_word' id='word_1_339' title='bbox 673 2621 708 2676; x_wconf 89' lang='lat' dir='ltr'><strong>iis</strong></span> <span class='ocrx_word' id='word_1_340' title='bbox 729 2619 920 2685; x_wconf 85' lang='lat' dir='ltr'><strong>damnandis,</strong></span> <span class='ocrx_word' id='word_1_341' title='bbox 948 2619 1000 2691; x_wconf 90' lang='lat' dir='ltr'><strong>qui</strong></span> 
     </span>
     <span class='ocr_line' id='line_1_45' title="bbox 176 2705 958 2789; baseline -0.017 -16"><span class='ocrx_word' id='word_1_342' title='bbox 176 2715 339 2789; x_wconf 88' lang='lat' dir='ltr'><strong>aliquando</strong></span> <span class='ocrx_word' id='word_1_343' title='bbox 347 2712 418 2784; x_wconf 88' lang='lat' dir='ltr'><strong>justi</strong></span> <span class='ocrx_word' id='word_1_344' title='bbox 431 2711 559 2780; x_wconf 87' lang='lat' dir='ltr'><strong>fuerunt,</strong></span> <span class='ocrx_word' id='word_1_345' title='bbox 570 2709 683 2765; x_wconf 89' lang='lat' dir='ltr'><strong>dietum</strong></span> <span class='ocrx_word' id='word_1_346' title='bbox 696 2709 739 2762; x_wconf 86' lang='lat' dir='ltr'><strong>est</strong></span> <span class='ocrx_word' id='word_1_347' title='bbox 753 2706 790 2762; x_wconf 88' lang='lat' dir='ltr'><strong>de</strong></span> <span class='ocrx_word' id='word_1_348' title='bbox 804 2705 958 2761; x_wconf 71' lang='lat' dir='ltr'><strong>licereticis.</strong></span> 
     </span>
    </p>
   </div>
   <div class='ocr_carea' id='block_1_8' title="bbox 212 2807 999 2882">
    <p class='ocr_par' dir='ltr' id='par_1_10' title="bbox 212 2807 999 2882">
     <span class='ocr_line' id='line_1_46' title="bbox 212 2807 999 2882; baseline -0.011 -11"><span class='ocrx_word' id='word_1_349' title='bbox 212 2819 340 2882; x_wconf 76' lang='lat' dir='ltr'><strong>ansuo</strong></span> <span class='ocrx_word' id='word_1_350' title='bbox 360 2814 467 2869; x_wconf 70' lang='lat' dir='ltr'><strong>cdxlv.</strong></span> <span class='ocrx_word' id='word_1_351' title='bbox 493 2808 569 2877; x_wconf 82' lang='lat' dir='ltr'><strong>Ques</strong></span> <span class='ocrx_word' id='word_1_352' title='bbox 579 2808 740 2878; x_wconf 69' lang='lat' dir='ltr'><strong>praescivit,</strong></span> <span class='ocrx_word' id='word_1_353' title='bbox 763 2811 791 2863; x_wconf 88' lang='lat' dir='ltr'><strong>et</strong></span> <span class='ocrx_word' id='word_1_354' title='bbox 803 2807 999 2876; x_wconf 77' lang='lat' dir='ltr'><strong>praedestina-</strong></span> 
     </span>
    </p>
   </div>
   <div class='ocr_carea' id='block_1_9' title="bbox 1053 1636 1887 2871">
    <p class='ocr_par' dir='ltr' id='par_1_11' title="bbox 1059 1636 1497 1707">
     <span class='ocr_line' id='line_1_47' title="bbox 1059 1636 1497 1707; baseline 0.005 -15"><span class='ocrx_word' id='word_1_355' title='bbox 1059 1639 1136 1704; x_wconf 86' lang='lat' dir='ltr'><strong>tura,</strong></span> <span class='ocrx_word' id='word_1_356' title='bbox 1151 1636 1226 1693; x_wconf 80' lang='lat' dir='ltr'><strong>falsa</strong></span> <span class='ocrx_word' id='word_1_357' title='bbox 1240 1642 1284 1693; x_wconf 88' lang='grc' dir='ltr'><strong>θεῖ</strong></span> <span class='ocrx_word' id='word_1_358' title='bbox 1295 1637 1497 1707; x_wconf 74' lang='lat' dir='ltr'><strong>intelligentia.</strong></span> 
     </span>
    </p>

    <p class='ocr_par' dir='ltr' id='par_1_12' title="bbox 1053 1735 1887 2871">
     <span class='ocr_line' id='line_1_48' title="bbox 1095 1735 1886 1808; baseline 0.001 -18"><span class='ocrx_word' id='word_1_359' title='bbox 1095 1736 1356 1800; x_wconf 71' lang='lat' dir='ltr'><strong>Qarssrrotltlxtll.</strong></span> <span class='ocrx_word' id='word_1_360' title='bbox 1384 1739 1428 1791; x_wconf 84' lang='lat' dir='ltr'><strong>nn</strong></span> <span class='ocrx_word' id='word_1_361' title='bbox 1440 1735 1627 1808; x_wconf 68' lang='lat' dir='ltr'><strong>praescientia</strong></span> <span class='ocrx_word' id='word_1_362' title='bbox 1653 1737 1702 1793; x_wconf 83' lang='lat' dir='ltr'><strong>llei</strong></span> <span class='ocrx_word' id='word_1_363' title='bbox 1729 1737 1766 1791; x_wconf 88' lang='lat' dir='ltr'><strong>sit</strong></span> <span class='ocrx_word' id='word_1_364' title='bbox 1794 1754 1886 1791; x_wconf 71' lang='grc' dir='ltr'><strong>θθιιειι</strong></span> 
     </span>
     <span class='ocr_line' id='line_1_49' title="bbox 1058 1824 1887 1899; baseline 0.002 -20"><span class='ocrx_word' id='word_1_365' title='bbox 1058 1824 1237 1890; x_wconf 76' lang='lat' dir='ltr'><strong>tatianorum,</strong></span> <span class='ocrx_word' id='word_1_366' title='bbox 1259 1842 1298 1882; x_wconf 91' lang='lat' dir='ltr'><strong>an</strong></span> <span class='ocrx_word' id='word_1_367' title='bbox 1317 1825 1416 1882; x_wconf 87' lang='lat' dir='ltr'><strong>futura</strong></span> <span class='ocrx_word' id='word_1_368' title='bbox 1437 1826 1657 1899; x_wconf 60' lang='lat' dir='ltr'><strong>praescientiae?</strong></span> <span class='ocrx_word' id='word_1_369' title='bbox 1678 1827 1763 1896; x_wconf 75' lang='lat' dir='ltr'><strong>Nulla</strong></span> <span class='ocrx_word' id='word_1_370' title='bbox 1788 1830 1887 1882; x_wconf 86' lang='lat' dir='ltr'><strong>essent</strong></span> 
     </span>
     <span class='ocr_line' id='line_1_50' title="bbox 1057 1912 1884 1988; baseline 0.001 -21"><span class='ocrx_word' id='word_1_371' title='bbox 1057 1912 1166 1980; x_wconf 80' lang='lat' dir='ltr'><strong>suana,</strong></span> <span class='ocrx_word' id='word_1_372' title='bbox 1182 1913 1239 1968; x_wconf 86' lang='lat' dir='ltr'><strong>nisi</strong></span> <span class='ocrx_word' id='word_1_373' title='bbox 1253 1915 1329 1969; x_wconf 86' lang='lat' dir='ltr'><strong>ltcus</strong></span> <span class='ocrx_word' id='word_1_374' title='bbox 1342 1914 1526 1986; x_wconf 77' lang='lat' dir='ltr'><strong>praevidisset</strong></span> <span class='ocrx_word' id='word_1_375' title='bbox 1540 1934 1546 1984; x_wconf 69' lang='grc' dir='ltr'><strong>ς</strong></span> <span class='ocrx_word' id='word_1_376' title='bbox 1561 1920 1589 1971; x_wconf 91' lang='lat' dir='ltr'><strong>et</strong></span> <span class='ocrx_word' id='word_1_377' title='bbox 1608 1916 1648 1971; x_wconf 89' lang='lat' dir='ltr'><strong>sic</strong></span> <span class='ocrx_word' id='word_1_378' title='bbox 1662 1915 1787 1981; x_wconf 84' lang='lat' dir='ltr'><strong>ridetur,</strong></span> <span class='ocrx_word' id='word_1_379' title='bbox 1803 1916 1884 1988; x_wconf 92' lang='lat' dir='ltr'><strong>quod</strong></span> 
     </span>
     <span class='ocr_line' id='line_1_51' title="bbox 1057 2002 1885 2073; baseline 0 -16"><span class='ocrx_word' id='word_1_380' title='bbox 1057 2002 1241 2073; x_wconf 76' lang='lat' dir='ltr'><strong>praescientia</strong></span> <span class='ocrx_word' id='word_1_381' title='bbox 1256 2002 1292 2058; x_wconf 89' lang='lat' dir='ltr'><strong>sit</strong></span> <span class='ocrx_word' id='word_1_382' title='bbox 1306 2020 1398 2059; x_wconf 76' lang='lat' dir='ltr'><strong>eatrrsa</strong></span> <span class='ocrx_word' id='word_1_383' title='bbox 1414 2005 1588 2060; x_wconf 75' lang='lat' dir='ltr'><strong>fartrnernm.</strong></span> <span class='ocrx_word' id='word_1_384' title='bbox 1608 2006 1688 2061; x_wconf 90' lang='lat' dir='ltr'><strong>llndc</strong></span> <span class='ocrx_word' id='word_1_385' title='bbox 1703 2004 1885 2072; x_wconf 69' lang='lat' dir='ltr'><strong>nauseans</strong></span> 
     </span>
     <span class='ocr_line' id='line_1_52' title="bbox 1058 2088 1883 2166; baseline 0.004 -22"><span class='ocrx_word' id='word_1_386' title='bbox 1058 2088 1209 2145; x_wconf 78' lang='lat' dir='ltr'><strong>universas</strong></span> <span class='ocrx_word' id='word_1_387' title='bbox 1238 2097 1398 2156; x_wconf 80' lang='lat' dir='ltr'><strong>creaturas,</strong></span> <span class='ocrx_word' id='word_1_388' title='bbox 1423 2109 1484 2148; x_wconf 78' lang='grc' dir='ltr'><strong>θοι]</strong></span> <span class='ocrx_word' id='word_1_389' title='bbox 1514 2093 1586 2166; x_wconf 75' lang='lat' dir='ltr'><strong>qum</strong></span> <span class='ocrx_word' id='word_1_390' title='bbox 1610 2098 1687 2157; x_wconf 80' lang='grc' dir='ltr'><strong>ειιθῖ,</strong></span> <span class='ocrx_word' id='word_1_391' title='bbox 1713 2093 1780 2148; x_wconf 90' lang='lat' dir='ltr'><strong>ideo</strong></span> <span class='ocrx_word' id='word_1_392' title='bbox 1805 2094 1883 2148; x_wconf 75' lang='lat' dir='ltr'><strong>norit</strong></span> 
     </span>
     <span class='ocr_line' id='line_1_53' title="bbox 1057 2179 1882 2254; baseline 0.005 -22"><span class='ocrx_word' id='word_1_393' title='bbox 1057 2180 1133 2232; x_wconf 80' lang='lat' dir='ltr'><strong>lteus</strong></span> <span class='ocrx_word' id='word_1_394' title='bbox 1150 2196 1157 2243; x_wconf 90' lang='lat'><strong>·,</strong></span> <span class='ocrx_word' id='word_1_395' title='bbox 1174 2179 1226 2233; x_wconf 89' lang='lat' dir='ltr'><strong>sed</strong></span> <span class='ocrx_word' id='word_1_396' title='bbox 1238 2180 1301 2249; x_wconf 86' lang='lat' dir='ltr'><strong>jam</strong></span> <span class='ocrx_word' id='word_1_397' title='bbox 1326 2185 1404 2245; x_wconf 77' lang='lat' dir='ltr'><strong>siml,</strong></span> <span class='ocrx_word' id='word_1_398' title='bbox 1420 2181 1491 2252; x_wconf 88' lang='lat' dir='ltr'><strong>quia</strong></span> <span class='ocrx_word' id='word_1_399' title='bbox 1505 2181 1593 2237; x_wconf 81' lang='lat' dir='ltr'><strong>norit.</strong></span> <span class='ocrx_word' id='word_1_400' title='bbox 1622 2182 1678 2238; x_wconf 85' lang='lat' dir='ltr'><strong>Sed</strong></span> <span class='ocrx_word' id='word_1_401' title='bbox 1702 2199 1771 2236; x_wconf 65' lang='lat' dir='ltr'><strong>etum</strong></span> <span class='ocrx_word' id='word_1_402' title='bbox 1798 2199 1882 2254; x_wconf 76' lang='lat' dir='ltr'><strong>aqam</strong></span> 
     </span>
     <span class='ocr_line' id='line_1_54' title="bbox 1056 2264 1884 2342; baseline 0.01 -24"><span class='ocrx_word' id='word_1_403' title='bbox 1056 2264 1129 2320; x_wconf 72' lang='lat' dir='ltr'><strong>scirit</strong></span> <span class='ocrx_word' id='word_1_404' title='bbox 1144 2264 1223 2321; x_wconf 74' lang='lat' dir='ltr'><strong>troiia</strong></span> <span class='ocrx_word' id='word_1_405' title='bbox 1235 2271 1263 2321; x_wconf 92' lang='lat' dir='ltr'><strong>et</strong></span> <span class='ocrx_word' id='word_1_406' title='bbox 1276 2267 1366 2333; x_wconf 76' lang='lat' dir='ltr'><strong>naula,</strong></span> <span class='ocrx_word' id='word_1_407' title='bbox 1381 2267 1496 2324; x_wconf 79' lang='lat' dir='ltr'><strong>ridetur</strong></span> <span class='ocrx_word' id='word_1_408' title='bbox 1505 2270 1586 2342; x_wconf 92' lang='lat' dir='ltr'><strong>quod</strong></span> <span class='ocrx_word' id='word_1_409' title='bbox 1596 2270 1780 2341; x_wconf 74' lang='lat' dir='ltr'><strong>praescientia</strong></span> <span class='ocrx_word' id='word_1_410' title='bbox 1792 2289 1884 2326; x_wconf 81' lang='lat' dir='ltr'><strong>earrsa</strong></span> 
     </span>
     <span class='ocr_line' id='line_1_55' title="bbox 1057 2354 1882 2430; baseline 0.006 -22"><span class='ocrx_word' id='word_1_411' title='bbox 1057 2357 1116 2408; x_wconf 90' lang='lat' dir='ltr'><strong>tam</strong></span> <span class='ocrx_word' id='word_1_412' title='bbox 1130 2354 1280 2409; x_wconf 89' lang='lat' dir='ltr'><strong>malorum</strong></span> <span class='ocrx_word' id='word_1_413' title='bbox 1294 2372 1387 2426; x_wconf 91' lang='lat' dir='ltr'><strong>quam</strong></span> <span class='ocrx_word' id='word_1_414' title='bbox 1411 2356 1561 2412; x_wconf 82' lang='lat' dir='ltr'><strong>honorum</strong></span> <span class='ocrx_word' id='word_1_415' title='bbox 1575 2358 1619 2413; x_wconf 91' lang='lat' dir='ltr'><strong>sit.</strong></span> <span class='ocrx_word' id='word_1_416' title='bbox 1635 2360 1690 2414; x_wconf 79' lang='lat' dir='ltr'><strong>Sed</strong></span> <span class='ocrx_word' id='word_1_417' title='bbox 1706 2359 1777 2415; x_wconf 87' lang='lat' dir='ltr'><strong>dicit</strong></span> <span class='ocrx_word' id='word_1_418' title='bbox 1787 2360 1882 2430; x_wconf 76' lang='lat' dir='ltr'><strong>Orige-</strong></span> 
     </span>
     <span class='ocr_line' id='line_1_56' title="bbox 1055 2445 1883 2519; baseline 0.007 -21"><span class='ocrx_word' id='word_1_419' title='bbox 1055 2459 1128 2498; x_wconf 89' lang='lat' dir='ltr'><strong>nes:</strong></span> <span class='ocrx_word' id='word_1_420' title='bbox 1145 2447 1207 2499; x_wconf 85' lang='lat' dir='ltr'><strong>Non</strong></span> <span class='ocrx_word' id='word_1_421' title='bbox 1222 2448 1378 2516; x_wconf 85' lang='lat' dir='ltr'><strong>propterea</strong></span> <span class='ocrx_word' id='word_1_422' title='bbox 1394 2445 1506 2518; x_wconf 89' lang='lat' dir='ltr'><strong>aliquid</strong></span> <span class='ocrx_word' id='word_1_423' title='bbox 1530 2446 1593 2513; x_wconf 89' lang='lat' dir='ltr'><strong>erit,</strong></span> <span class='ocrx_word' id='word_1_424' title='bbox 1610 2448 1681 2519; x_wconf 92' lang='lat' dir='ltr'><strong>quia</strong></span> <span class='ocrx_word' id='word_1_425' title='bbox 1694 2447 1723 2502; x_wconf 90' lang='lat' dir='ltr'><strong>id</strong></span> <span class='ocrx_word' id='word_1_426' title='bbox 1740 2451 1817 2504; x_wconf 87' lang='lat' dir='ltr'><strong>lteus</strong></span> <span class='ocrx_word' id='word_1_427' title='bbox 1831 2448 1883 2504; x_wconf 86' lang='lat' dir='ltr'><strong>seit</strong></span> 
     </span>
     <span class='ocr_line' id='line_1_57' title="bbox 1056 2530 1880 2608; baseline 0.01 -24"><span class='ocrx_word' id='word_1_428' title='bbox 1056 2530 1199 2598; x_wconf 76' lang='lat' dir='ltr'><strong>flaturum,</strong></span> <span class='ocrx_word' id='word_1_429' title='bbox 1211 2532 1262 2587; x_wconf 90' lang='lat' dir='ltr'><strong>scd</strong></span> <span class='ocrx_word' id='word_1_430' title='bbox 1275 2533 1347 2605; x_wconf 90' lang='lat' dir='ltr'><strong>quia</strong></span> <span class='ocrx_word' id='word_1_431' title='bbox 1359 2533 1490 2590; x_wconf 82' lang='lat' dir='ltr'><strong>futurum</strong></span> <span class='ocrx_word' id='word_1_432' title='bbox 1502 2538 1546 2590; x_wconf 92' lang='grc' dir='ltr'><strong>θεῖ</strong></span> <span class='ocrx_word' id='word_1_433' title='bbox 1561 2535 1643 2604; x_wconf 93' lang='lat' dir='ltr'><strong>illud,</strong></span> <span class='ocrx_word' id='word_1_434' title='bbox 1655 2536 1772 2608; x_wconf 74' lang='lat' dir='ltr'><strong>praescit</strong></span> <span class='ocrx_word' id='word_1_435' title='bbox 1788 2539 1880 2592; x_wconf 80' lang='lat' dir='ltr'><strong>Deris:</strong></span> 
     </span>
     <span class='ocr_line' id='line_1_58' title="bbox 1054 2621 1882 2699; baseline 0.007 -23"><span class='ocrx_word' id='word_1_436' title='bbox 1054 2621 1111 2677; x_wconf 90' lang='lat' dir='ltr'><strong>hoc</strong></span> <span class='ocrx_word' id='word_1_437' title='bbox 1127 2622 1262 2678; x_wconf 82' lang='lat' dir='ltr'><strong>ridetur:</strong></span> <span class='ocrx_word' id='word_1_438' title='bbox 1279 2640 1342 2677; x_wconf 87' lang='lat' dir='ltr'><strong>esse.</strong></span> <span class='ocrx_word' id='word_1_439' title='bbox 1358 2624 1539 2680; x_wconf 84' lang='lat' dir='ltr'><strong>eontrarium</strong></span> <span class='ocrx_word' id='word_1_440' title='bbox 1553 2624 1592 2681; x_wconf 91' lang='lat' dir='ltr'><strong>illi</strong></span> <span class='ocrx_word' id='word_1_441' title='bbox 1608 2627 1752 2699; x_wconf 82' lang='lat' dir='ltr'><strong>superiori</strong></span> <span class='ocrx_word' id='word_1_442' title='bbox 1768 2633 1882 2684; x_wconf 88' lang='lat' dir='ltr'><strong>senten-</strong></span> 
     </span>
     <span class='ocr_line' id='line_1_59' title="bbox 1055 2709 1882 2788; baseline 0.008 -23"><span class='ocrx_word' id='word_1_443' title='bbox 1055 2709 1101 2765; x_wconf 77' lang='lat' dir='ltr'><strong>tirc</strong></span> <span class='ocrx_word' id='word_1_444' title='bbox 1115 2711 1279 2781; x_wconf 70' lang='lat' dir='ltr'><strong>augustini.</strong></span> <span class='ocrx_word' id='word_1_445' title='bbox 1295 2712 1416 2769; x_wconf 86' lang='lat' dir='ltr'><strong>Solatia.</strong></span> <span class='ocrx_word' id='word_1_446' title='bbox 1429 2714 1614 2786; x_wconf 87' lang='lat' dir='ltr'><strong>Quandoque</strong></span> <span class='ocrx_word' id='word_1_447' title='bbox 1623 2716 1765 2788; x_wconf 88' lang='lat' dir='ltr'><strong>accipitur</strong></span> <span class='ocrx_word' id='word_1_448' title='bbox 1778 2717 1882 2772; x_wconf 90' lang='lat' dir='ltr'><strong>notitia</strong></span> 
     </span>
     <span class='ocr_line' id='line_1_60' title="bbox 1053 2798 1879 2871; baseline 0.007 -19"><span class='ocrx_word' id='word_1_449' title='bbox 1053 2815 1108 2870; x_wconf 91' lang='lat' dir='ltr'><strong>pre</strong></span> <span class='ocrx_word' id='word_1_450' title='bbox 1121 2798 1316 2871; x_wconf 81' lang='lat' dir='ltr'><strong>beneplacita,</strong></span> <span class='ocrx_word' id='word_1_451' title='bbox 1333 2804 1361 2854; x_wconf 89' lang='lat' dir='ltr'><strong>et</strong></span> <span class='ocrx_word' id='word_1_452' title='bbox 1374 2804 1442 2856; x_wconf 85' lang='lat' dir='ltr'><strong>tunc</strong></span> <span class='ocrx_word' id='word_1_453' title='bbox 1458 2806 1501 2857; x_wconf 87' lang='grc' dir='ltr'><strong>θεῖ</strong></span> <span class='ocrx_word' id='word_1_454' title='bbox 1514 2819 1605 2858; x_wconf 72' lang='grc' dir='ltr'><strong>θειιιεθ</strong></span> <span class='ocrx_word' id='word_1_455' title='bbox 1620 2803 1788 2860; x_wconf 86' lang='lat' dir='ltr'><strong>tuturouun</strong></span> <span class='ocrx_word' id='word_1_456' title='bbox 1805 2823 1811 2868; x_wconf 93' lang='lat'>;</span> <span class='ocrx_word' id='word_1_457' title='bbox 1829 2807 1879 2860; x_wconf 78' lang='grc' dir='ltr'><strong>εθιῖ</strong></span> 
     </span>
    </p>
   </div>
   <div class='ocr_carea' id='block_1_10' title="bbox 176 2888 1880 3061">
    <p class='ocr_par' dir='ltr' id='par_1_13' title="bbox 176 2888 1880 3061">
     <span class='ocr_line' id='line_1_61' title="bbox 177 2888 1880 2972; baseline -0.007 -13"><span class='ocrx_word' id='word_1_458' title='bbox 177 2907 228 2962; x_wconf 81' lang='lat' dir='ltr'><strong>eit.</strong></span> <span class='ocrx_word' id='word_1_459' title='bbox 243 2902 387 2970; x_wconf 75' lang='lat' dir='ltr'><strong>Quaeritur</strong></span> <span class='ocrx_word' id='word_1_460' title='bbox 401 2917 440 2956; x_wconf 91' lang='lat' dir='ltr'><strong>an</strong></span> <span class='ocrx_word' id='word_1_461' title='bbox 455 2895 640 2972; x_wconf 75' lang='lat' dir='ltr'><strong>praescientia</strong></span> <span class='ocrx_word' id='word_1_462' title='bbox 655 2895 691 2951; x_wconf 90' lang='lat' dir='ltr'><strong>sit</strong></span> <span class='ocrx_word' id='word_1_463' title='bbox 704 2912 795 2952; x_wconf 87' lang='lat' dir='ltr'><strong>eausa</strong></span> <span class='ocrx_word' id='word_1_464' title='bbox 810 2895 999 2967; x_wconf 80' lang='lat' dir='ltr'><strong>pradestina-</strong></span> <span class='ocrx_word' id='word_1_465' title='bbox 1015 2908 1035 2960; x_wconf 61' lang='grc' dir='ltr'><strong>(ζ</strong></span> <span class='ocrx_word' id='word_1_466' title='bbox 1055 2891 1168 2943; x_wconf 82' lang='lat' dir='ltr'><strong>tarrtum</strong></span> <span class='ocrx_word' id='word_1_467' title='bbox 1181 2888 1331 2944; x_wconf 77' lang='lat' dir='ltr'><strong>bonorum</strong></span> <span class='ocrx_word' id='word_1_468' title='bbox 1347 2908 1353 2944; x_wconf 81' lang='lat' dir='ltr'>z</span> <span class='ocrx_word' id='word_1_469' title='bbox 1377 2890 1417 2944; x_wconf 87' lang='lat' dir='ltr'><strong>sic</strong></span> <span class='ocrx_word' id='word_1_470' title='bbox 1438 2891 1520 2962; x_wconf 91' lang='lat' dir='ltr'><strong>quod</strong></span> <span class='ocrx_word' id='word_1_471' title='bbox 1542 2892 1724 2960; x_wconf 77' lang='lat' dir='ltr'><strong>Augustinus</strong></span> <span class='ocrx_word' id='word_1_472' title='bbox 1744 2895 1880 2965; x_wconf 85' lang='lat' dir='ltr'><strong>superius</strong></span> 
     </span>
     <span class='ocr_line' id='line_1_62' title="bbox 176 2975 1880 3061; baseline -0.008 -12"><span class='ocrx_word' id='word_1_473' title='bbox 176 2991 272 3058; x_wconf 89' lang='lat' dir='ltr'><strong>tionis,</strong></span> <span class='ocrx_word' id='word_1_474' title='bbox 299 2990 374 3046; x_wconf 87' lang='lat' dir='ltr'><strong>sicut</strong></span> <span class='ocrx_word' id='word_1_475' title='bbox 394 2984 614 3061; x_wconf 65' lang='lat' dir='ltr'><strong>praedestinatio</strong></span> <span class='ocrx_word' id='word_1_476' title='bbox 642 2999 733 3040; x_wconf 89' lang='lat' dir='ltr'><strong>eausa</strong></span> <span class='ocrx_word' id='word_1_477' title='bbox 764 2986 808 3038; x_wconf 90' lang='lat' dir='ltr'><strong>est</strong></span> <span class='ocrx_word' id='word_1_478' title='bbox 824 2982 997 3051; x_wconf 81' lang='lat' dir='ltr'><strong>secationis,</strong></span> <span class='ocrx_word' id='word_1_479' title='bbox 1053 2975 1166 3047; x_wconf 65' lang='lat' dir='ltr'><strong>accepit</strong></span> <span class='ocrx_word' id='word_1_480' title='bbox 1180 2994 1185 3031; x_wconf 90' lang='lat'>:</span> <span class='ocrx_word' id='word_1_481' title='bbox 1200 2978 1384 3049; x_wconf 85' lang='lat' dir='ltr'><strong>queruloque</strong></span> <span class='ocrx_word' id='word_1_482' title='bbox 1399 2995 1467 3033; x_wconf 78' lang='lat' dir='ltr'><strong>sero</strong></span> <span class='ocrx_word' id='word_1_483' title='bbox 1489 2979 1584 3035; x_wconf 89' lang='lat' dir='ltr'><strong>solam</strong></span> <span class='ocrx_word' id='word_1_484' title='bbox 1606 2980 1750 3045; x_wconf 89' lang='lat' dir='ltr'><strong>notitiam,</strong></span> <span class='ocrx_word' id='word_1_485' title='bbox 1775 2983 1820 3037; x_wconf 77' lang='lat' dir='ltr'><strong>sel</strong></span> <span class='ocrx_word' id='word_1_486' title='bbox 1834 3000 1880 3036; x_wconf 83' lang='lat' dir='ltr'><strong>eo-</strong></span> 
     </span>
    </p>
   </div>
   <div class='ocr_carea' id='block_1_11' title="bbox 156 3063 1878 5627">
    <p class='ocr_par' dir='ltr' id='par_1_14' title="bbox 156 3063 1878 5627">
     <span class='ocr_line' id='line_1_63' title="bbox 174 3063 1877 3147; baseline -0.007 -9"><span class='ocrx_word' id='word_1_487' title='bbox 174 3080 290 3138; x_wconf 78' lang='lat' dir='ltr'><strong>vocalio</strong></span> <span class='ocrx_word' id='word_1_488' title='bbox 317 3094 408 3135; x_wconf 89' lang='lat' dir='ltr'><strong>causa</strong></span> <span class='ocrx_word' id='word_1_489' title='bbox 432 3073 661 3147; x_wconf 85' lang='lat' dir='ltr'><strong>justificationis,</strong></span> <span class='ocrx_word' id='word_1_490' title='bbox 690 3075 718 3128; x_wconf 88' lang='lat' dir='ltr'><strong>et</strong></span> <span class='ocrx_word' id='word_1_491' title='bbox 743 3072 913 3144; x_wconf 78' lang='lat' dir='ltr'><strong>justificatio</strong></span> <span class='ocrx_word' id='word_1_492' title='bbox 936 3091 998 3129; x_wconf 65' lang='lat' dir='ltr'><strong>ma.</strong></span> <span class='ocrx_word' id='word_1_493' title='bbox 1053 3063 1215 3134; x_wconf 78' lang='lat' dir='ltr'><strong>gnitionem</strong></span> <span class='ocrx_word' id='word_1_494' title='bbox 1230 3065 1386 3135; x_wconf 76' lang='lat' dir='ltr'><strong>signifieat,</strong></span> <span class='ocrx_word' id='word_1_495' title='bbox 1400 3071 1428 3122; x_wconf 89' lang='lat' dir='ltr'><strong>et</strong></span> <span class='ocrx_word' id='word_1_496' title='bbox 1440 3072 1509 3123; x_wconf 88' lang='lat' dir='ltr'><strong>tunc</strong></span> <span class='ocrx_word' id='word_1_497' title='bbox 1526 3073 1569 3124; x_wconf 92' lang='grc' dir='ltr'><strong>θεῖ</strong></span> <span class='ocrx_word' id='word_1_498' title='bbox 1581 3086 1673 3125; x_wconf 86' lang='lat' dir='ltr'><strong>causa</strong></span> <span class='ocrx_word' id='word_1_499' title='bbox 1685 3069 1854 3126; x_wconf 76' lang='lat' dir='ltr'><strong>futtuorrun</strong></span> <span class='ocrx_word' id='word_1_500' title='bbox 1872 3090 1877 3136; x_wconf 95' lang='grc'>;</span> 
     </span>
     <span class='ocr_line' id='line_1_64' title="bbox 174 3153 1878 3240; baseline -0.012 -15"><span class='ocrx_word' id='word_1_501' title='bbox 174 3166 381 3240; x_wconf 78' lang='lat' dir='ltr'><strong>gnificatiouis,</strong></span> <span class='ocrx_word' id='word_1_502' title='bbox 397 3163 478 3238; x_wconf 87' lang='lat' dir='ltr'><strong>quod</strong></span> <span class='ocrx_word' id='word_1_503' title='bbox 494 3161 610 3217; x_wconf 87' lang='lat' dir='ltr'><strong>videtur</strong></span> <span class='ocrx_word' id='word_1_504' title='bbox 622 3160 788 3216; x_wconf 88' lang='lat' dir='ltr'><strong>seemulum</strong></span> <span class='ocrx_word' id='word_1_505' title='bbox 810 3160 997 3233; x_wconf 90' lang='lat' dir='ltr'><strong>suppositum</strong></span> <span class='ocrx_word' id='word_1_506' title='bbox 1052 3153 1104 3208; x_wconf 64' lang='lat'><strong>8011</strong></span> <span class='ocrx_word' id='word_1_507' title='bbox 1129 3171 1214 3226; x_wconf 71' lang='lat' dir='ltr'><strong>{eque</strong></span> <span class='ocrx_word' id='word_1_508' title='bbox 1239 3155 1376 3212; x_wconf 83' lang='lat' dir='ltr'><strong>sehabet</strong></span> <span class='ocrx_word' id='word_1_509' title='bbox 1394 3156 1433 3211; x_wconf 90' lang='lat' dir='ltr'><strong>ad</strong></span> <span class='ocrx_word' id='word_1_510' title='bbox 1450 3157 1531 3213; x_wconf 74' lang='lat' dir='ltr'><strong>laona</strong></span> <span class='ocrx_word' id='word_1_511' title='bbox 1557 3163 1585 3214; x_wconf 84' lang='lat' dir='ltr'><strong>et</strong></span> <span class='ocrx_word' id='word_1_512' title='bbox 1599 3159 1638 3214; x_wconf 82' lang='lat' dir='ltr'><strong>ad</strong></span> <span class='ocrx_word' id='word_1_513' title='bbox 1665 3159 1768 3226; x_wconf 72' lang='lat' dir='ltr'><strong>mala;</strong></span> <span class='ocrx_word' id='word_1_514' title='bbox 1795 3166 1823 3216; x_wconf 63' lang='lat' dir='ltr'><strong>aa</strong></span> <span class='ocrx_word' id='word_1_515' title='bbox 1838 3161 1878 3215; x_wconf 57' lang='lat' dir='ltr'><strong>si„</strong></span> 
     </span>
     <span class='ocr_line' id='line_1_65' title="bbox 173 3242 1877 3322; baseline -0.006 -8"><span class='ocrx_word' id='word_1_516' title='bbox 173 3256 329 3314; x_wconf 89' lang='lat' dir='ltr'><strong>ordinem:</strong></span> <span class='ocrx_word' id='word_1_517' title='bbox 346 3253 482 3310; x_wconf 85' lang='lat' dir='ltr'><strong>sedeam</strong></span> <span class='ocrx_word' id='word_1_518' title='bbox 508 3254 668 3322; x_wconf 81' lang='lat' dir='ltr'><strong>utrumque</strong></span> <span class='ocrx_word' id='word_1_519' title='bbox 688 3248 724 3304; x_wconf 89' lang='lat' dir='ltr'><strong>sit</strong></span> <span class='ocrx_word' id='word_1_520' title='bbox 747 3251 901 3313; x_wconf 81' lang='lat' dir='ltr'><strong>aeteruum,</strong></span> <span class='ocrx_word' id='word_1_521' title='bbox 925 3267 998 3322; x_wconf 88' lang='lat' dir='ltr'><strong>quo·</strong></span> <span class='ocrx_word' id='word_1_522' title='bbox 1052 3242 1191 3312; x_wconf 74' lang='lat' dir='ltr'><strong>Origenes</strong></span> <span class='ocrx_word' id='word_1_523' title='bbox 1206 3243 1329 3317; x_wconf 90' lang='lat' dir='ltr'><strong>accepit,</strong></span> <span class='ocrx_word' id='word_1_524' title='bbox 1343 3248 1372 3299; x_wconf 89' lang='lat' dir='ltr'><strong>et</strong></span> <span class='ocrx_word' id='word_1_525' title='bbox 1386 3243 1427 3300; x_wconf 93' lang='lat' dir='ltr'><strong>sic</strong></span> <span class='ocrx_word' id='word_1_526' title='bbox 1440 3262 1494 3301; x_wconf 91' lang='lat' dir='ltr'><strong>nec</strong></span> <span class='ocrx_word' id='word_1_527' title='bbox 1515 3245 1710 3319; x_wconf 75' lang='lat' dir='ltr'><strong>praescientia,</strong></span> <span class='ocrx_word' id='word_1_528' title='bbox 1732 3255 1877 3305; x_wconf 85' lang='lat' dir='ltr'><strong>causaest</strong></span> 
     </span>
     <span class='ocr_line' id='line_1_66' title="bbox 172 3328 1876 3416; baseline -0.006 -14"><span class='ocrx_word' id='word_1_529' title='bbox 172 3347 264 3406; x_wconf 88' lang='lat' dir='ltr'><strong>modo</strong></span> <span class='ocrx_word' id='word_1_530' title='bbox 283 3359 376 3400; x_wconf 87' lang='lat' dir='ltr'><strong>numu</strong></span> <span class='ocrx_word' id='word_1_531' title='bbox 392 3345 489 3416; x_wconf 89' lang='lat' dir='ltr'><strong>potest</strong></span> <span class='ocrx_word' id='word_1_532' title='bbox 508 3357 572 3396; x_wconf 89' lang='lat' dir='ltr'><strong>csse</strong></span> <span class='ocrx_word' id='word_1_533' title='bbox 593 3355 684 3394; x_wconf 89' lang='lat' dir='ltr'><strong>causa</strong></span> <span class='ocrx_word' id='word_1_534' title='bbox 706 3337 825 3394; x_wconf 84' lang='lat' dir='ltr'><strong>alterius</strong></span> <span class='ocrx_word' id='word_1_535' title='bbox 837 3338 851 3392; x_wconf 82' lang='lat' dir='ltr'><strong>‘l</strong></span> <span class='ocrx_word' id='word_1_536' title='bbox 875 3337 995 3394; x_wconf 76' lang='lat' dir='ltr'><strong>solutio,</strong></span> <span class='ocrx_word' id='word_1_537' title='bbox 1051 3328 1228 3395; x_wconf 88' lang='lat' dir='ltr'><strong>iuturormn,</strong></span> <span class='ocrx_word' id='word_1_538' title='bbox 1245 3332 1297 3386; x_wconf 89' lang='lat' dir='ltr'><strong>sed</strong></span> <span class='ocrx_word' id='word_1_539' title='bbox 1322 3348 1377 3388; x_wconf 90' lang='lat' dir='ltr'><strong>nec</strong></span> <span class='ocrx_word' id='word_1_540' title='bbox 1392 3332 1491 3390; x_wconf 75' lang='lat' dir='ltr'><strong>interra</strong></span> <span class='ocrx_word' id='word_1_541' title='bbox 1513 3335 1705 3406; x_wconf 68' lang='lat' dir='ltr'><strong>praescientiae</strong></span> <span class='ocrx_word' id='word_1_542' title='bbox 1729 3337 1786 3392; x_wconf 91' lang='lat' dir='ltr'><strong>nisi</strong></span> <span class='ocrx_word' id='word_1_543' title='bbox 1799 3338 1876 3392; x_wconf 85' lang='lat' dir='ltr'><strong>‹lica-</strong></span> 
     </span>
     <span class='ocr_line' id='line_1_67' title="bbox 173 3418 1490 3503; baseline -0.011 -12"><span class='ocrx_word' id='word_1_544' title='bbox 173 3436 250 3492; x_wconf 87' lang='lat' dir='ltr'><strong>l.icet</strong></span> <span class='ocrx_word' id='word_1_545' title='bbox 264 3437 424 3503; x_wconf 90' lang='lat' dir='ltr'><strong>utrumque</strong></span> <span class='ocrx_word' id='word_1_546' title='bbox 437 3430 474 3484; x_wconf 87' lang='lat' dir='ltr'><strong>sit</strong></span> <span class='ocrx_word' id='word_1_547' title='bbox 488 3433 642 3493; x_wconf 75' lang='lat' dir='ltr'><strong>aeternum,</strong></span> <span class='ocrx_word' id='word_1_548' title='bbox 665 3431 764 3483; x_wconf 91' lang='lat' dir='ltr'><strong>tamen</strong></span> <span class='ocrx_word' id='word_1_549' title='bbox 788 3442 884 3482; x_wconf 89' lang='lat' dir='ltr'><strong>unum</strong></span> <span class='ocrx_word' id='word_1_550' title='bbox 901 3432 997 3499; x_wconf 87' lang='lat' dir='ltr'><strong>potest</strong></span> <span class='ocrx_word' id='word_1_551' title='bbox 1050 3423 1097 3474; x_wconf 72' lang='lat' dir='ltr'><strong>tur</strong></span> <span class='ocrx_word' id='word_1_552' title='bbox 1111 3435 1202 3475; x_wconf 73' lang='lat' dir='ltr'><strong>causa</strong></span> <span class='ocrx_word' id='word_1_553' title='bbox 1217 3418 1280 3475; x_wconf 79' lang='lat' dir='ltr'><strong>sine</strong></span> <span class='ocrx_word' id='word_1_554' title='bbox 1294 3437 1355 3492; x_wconf 86' lang='lat' dir='ltr'><strong>qua</strong></span> <span class='ocrx_word' id='word_1_555' title='bbox 1369 3436 1430 3477; x_wconf 91' lang='lat' dir='ltr'><strong>nou</strong></span> <span class='ocrx_word' id='word_1_556' title='bbox 1445 3421 1490 3477; x_wconf 87' lang='lat' dir='ltr'><strong>sit.</strong></span> 
     </span>
     <span class='ocr_line' id='line_1_68' title="bbox 172 3514 1874 3591; baseline 0.001 -13"><span class='ocrx_word' id='word_1_557' title='bbox 172 3536 342 3578; x_wconf 87' lang='lat' dir='ltr'><strong>osseeeusa</strong></span> <span class='ocrx_word' id='word_1_558' title='bbox 366 3517 506 3582; x_wconf 88' lang='lat' dir='ltr'><strong>atterius;</strong></span> <span class='ocrx_word' id='word_1_559' title='bbox 533 3515 608 3570; x_wconf 90' lang='lat' dir='ltr'><strong>sicut</strong></span> <span class='ocrx_word' id='word_1_560' title='bbox 630 3514 715 3570; x_wconf 81' lang='lat' dir='ltr'><strong>Filius</strong></span> <span class='ocrx_word' id='word_1_561' title='bbox 737 3517 766 3571; x_wconf 91' lang='lat' dir='ltr'><strong>ct</strong></span> <span class='ocrx_word' id='word_1_562' title='bbox 788 3514 911 3585; x_wconf 90' lang='lat' dir='ltr'><strong>Spiritus</strong></span> <span class='ocrx_word' id='word_1_563' title='bbox 931 3532 996 3571; x_wconf 87' lang='lat' dir='ltr'><strong>san-</strong></span> <span class='ocrx_word' id='word_1_564' title='bbox 1085 3519 1214 3582; x_wconf 72' lang='lat' dir='ltr'><strong>evasae</strong></span> <span class='ocrx_word' id='word_1_565' title='bbox 1241 3520 1372 3573; x_wconf 70' lang='lat' dir='ltr'><strong>(Jalula.</strong></span> <span class='ocrx_word' id='word_1_566' title='bbox 1401 3523 1444 3574; x_wconf 77' lang='lat' dir='ltr'><strong>au</strong></span> <span class='ocrx_word' id='word_1_567' title='bbox 1470 3521 1640 3591; x_wconf 71' lang='lat' dir='ltr'><strong>praetenue</strong></span> <span class='ocrx_word' id='word_1_568' title='bbox 1671 3524 1874 3581; x_wconf 86' lang='lat' dir='ltr'><strong>necessitatem</strong></span> 
     </span>
     <span class='ocr_line' id='line_1_69' title="bbox 171 3602 1873 3677; baseline 0.001 -11"><span class='ocrx_word' id='word_1_569' title='bbox 171 3613 245 3675; x_wconf 90' lang='lat' dir='ltr'><strong>ctus,</strong></span> <span class='ocrx_word' id='word_1_570' title='bbox 262 3624 331 3664; x_wconf 89' lang='lat' dir='ltr'><strong>cum</strong></span> <span class='ocrx_word' id='word_1_571' title='bbox 346 3610 469 3677; x_wconf 90' lang='lat' dir='ltr'><strong>uterque</strong></span> <span class='ocrx_word' id='word_1_572' title='bbox 483 3604 519 3659; x_wconf 88' lang='lat' dir='ltr'><strong>sit</strong></span> <span class='ocrx_word' id='word_1_573' title='bbox 533 3608 671 3673; x_wconf 77' lang='lat' dir='ltr'><strong>aeternus,</strong></span> <span class='ocrx_word' id='word_1_574' title='bbox 685 3606 784 3658; x_wconf 90' lang='lat' dir='ltr'><strong>tamen</strong></span> <span class='ocrx_word' id='word_1_575' title='bbox 806 3602 892 3658; x_wconf 82' lang='lat' dir='ltr'><strong>lilius</strong></span> <span class='ocrx_word' id='word_1_576' title='bbox 905 3619 996 3659; x_wconf 88' lang='lat' dir='ltr'><strong>causa</strong></span> <span class='ocrx_word' id='word_1_577' title='bbox 1049 3603 1204 3659; x_wconf 77' lang='lat' dir='ltr'><strong>eveniendi</strong></span> <span class='ocrx_word' id='word_1_578' title='bbox 1227 3604 1333 3660; x_wconf 84' lang='lat' dir='ltr'><strong>inierat</strong></span> <span class='ocrx_word' id='word_1_579' title='bbox 1360 3605 1448 3661; x_wconf 91' lang='lat' dir='ltr'><strong>rebus</strong></span> <span class='ocrx_word' id='word_1_580' title='bbox 1479 3608 1613 3664; x_wconf 79' lang='lat' dir='ltr'><strong>tuturis?</strong></span> <span class='ocrx_word' id='word_1_581' title='bbox 1639 3611 1724 3676; x_wconf 84' lang='lat' dir='ltr'><strong>Quod</strong></span> <span class='ocrx_word' id='word_1_582' title='bbox 1749 3612 1873 3672; x_wconf 71' lang='lat' dir='ltr'><strong>sirletus.</strong></span> 
     </span>
     <span class='ocr_line' id='line_1_70' title="bbox 171 3689 1872 3768; baseline 0.001 -14"><span class='ocrx_word' id='word_1_583' title='bbox 171 3701 214 3754; x_wconf 89' lang='lat' dir='ltr'><strong>est</strong></span> <span class='ocrx_word' id='word_1_584' title='bbox 227 3694 350 3768; x_wconf 87' lang='lat' dir='ltr'><strong>Spiritus</strong></span> <span class='ocrx_word' id='word_1_585' title='bbox 362 3691 455 3749; x_wconf 87' lang='lat' dir='ltr'><strong>sancti</strong></span> <span class='ocrx_word' id='word_1_586' title='bbox 473 3711 478 3746; x_wconf 91' lang='lat'>:</span> <span class='ocrx_word' id='word_1_587' title='bbox 494 3690 545 3756; x_wconf 88' lang='lat' dir='ltr'><strong>sic,</strong></span> <span class='ocrx_word' id='word_1_588' title='bbox 560 3689 724 3745; x_wconf 88' lang='lat' dir='ltr'><strong>secundum</strong></span> <span class='ocrx_word' id='word_1_589' title='bbox 749 3689 908 3761; x_wconf 87' lang='lat' dir='ltr'><strong>quosdam,</strong></span> <span class='ocrx_word' id='word_1_590' title='bbox 922 3707 995 3762; x_wconf 76' lang='lat' dir='ltr'><strong>prae·</strong></span> <span class='ocrx_word' id='word_1_591' title='bbox 1048 3691 1121 3764; x_wconf 92' lang='lat' dir='ltr'><strong>quia</strong></span> <span class='ocrx_word' id='word_1_592' title='bbox 1135 3691 1159 3746; x_wconf 90' lang='lat' dir='ltr'><strong>si</strong></span> <span class='ocrx_word' id='word_1_593' title='bbox 1174 3694 1250 3747; x_wconf 76' lang='lat' dir='ltr'><strong>licus</strong></span> <span class='ocrx_word' id='word_1_594' title='bbox 1265 3692 1412 3765; x_wconf 78' lang='lat' dir='ltr'><strong>praescivit</strong></span> <span class='ocrx_word' id='word_1_595' title='bbox 1433 3694 1545 3767; x_wconf 89' lang='lat' dir='ltr'><strong>aliquid</strong></span> <span class='ocrx_word' id='word_1_596' title='bbox 1570 3698 1712 3766; x_wconf 77' lang='lat' dir='ltr'><strong>tritanum,</strong></span> <span class='ocrx_word' id='word_1_597' title='bbox 1728 3699 1799 3756; x_wconf 90' lang='lat' dir='ltr'><strong>illud</strong></span> <span class='ocrx_word' id='word_1_598' title='bbox 1814 3718 1872 3756; x_wconf 76' lang='lat' dir='ltr'><strong>nori</strong></span> 
     </span>
     <span class='ocr_line' id='line_1_71' title="bbox 170 3775 1873 3856; baseline 0.001 -13"><span class='ocrx_word' id='word_1_599' title='bbox 170 3783 292 3842; x_wconf 88' lang='lat' dir='ltr'><strong>scientia</strong></span> <span class='ocrx_word' id='word_1_600' title='bbox 310 3780 435 3856; x_wconf 89' lang='lat' dir='ltr'><strong>pertinet</strong></span> <span class='ocrx_word' id='word_1_601' title='bbox 460 3779 498 3833; x_wconf 84' lang='lat' dir='ltr'><strong>ed</strong></span> <span class='ocrx_word' id='word_1_602' title='bbox 523 3776 685 3840; x_wconf 88' lang='lat' dir='ltr'><strong>scientiam,</strong></span> <span class='ocrx_word' id='word_1_603' title='bbox 708 3780 737 3832; x_wconf 87' lang='lat' dir='ltr'><strong>et</strong></span> <span class='ocrx_word' id='word_1_604' title='bbox 756 3775 797 3830; x_wconf 86' lang='lat' dir='ltr'><strong>sic</strong></span> <span class='ocrx_word' id='word_1_605' title='bbox 810 3775 849 3832; x_wconf 89' lang='lat' dir='ltr'><strong>ad</strong></span> <span class='ocrx_word' id='word_1_606' title='bbox 867 3777 992 3848; x_wconf 78' lang='lat' dir='ltr'><strong>l&#39;iliurn3</strong></span> <span class='ocrx_word' id='word_1_607' title='bbox 1047 3783 1144 3852; x_wconf 87' lang='lat' dir='ltr'><strong>potest</strong></span> <span class='ocrx_word' id='word_1_608' title='bbox 1157 3797 1219 3836; x_wconf 90' lang='lat' dir='ltr'><strong>non</strong></span> <span class='ocrx_word' id='word_1_609' title='bbox 1230 3781 1348 3836; x_wconf 78' lang='lat' dir='ltr'><strong>evenire</strong></span> <span class='ocrx_word' id='word_1_610' title='bbox 1365 3799 1371 3845; x_wconf 92' lang='lat'>;</span> <span class='ocrx_word' id='word_1_611' title='bbox 1388 3787 1416 3837; x_wconf 92' lang='lat' dir='ltr'><strong>ct</strong></span> <span class='ocrx_word' id='word_1_612' title='bbox 1432 3783 1456 3837; x_wconf 87' lang='lat' dir='ltr'><strong>si</strong></span> <span class='ocrx_word' id='word_1_613' title='bbox 1477 3785 1533 3839; x_wconf 81' lang='lat' dir='ltr'><strong>lroe</strong></span> <span class='ocrx_word' id='word_1_614' title='bbox 1549 3789 1601 3854; x_wconf 86' lang='lat' dir='ltr'><strong>est,</strong></span> <span class='ocrx_word' id='word_1_615' title='bbox 1622 3788 1789 3844; x_wconf 87' lang='lat' dir='ltr'><strong>necessario</strong></span> <span class='ocrx_word' id='word_1_616' title='bbox 1809 3806 1873 3845; x_wconf 80' lang='lat' dir='ltr'><strong>ere-</strong></span> 
     </span>
     <span class='ocr_line' id='line_1_72' title="bbox 169 3860 1871 3948; baseline 0 -17"><span class='ocrx_word' id='word_1_617' title='bbox 169 3869 388 3948; x_wconf 85' lang='lat' dir='ltr'><strong>proedestinatio</strong></span> <span class='ocrx_word' id='word_1_618' title='bbox 417 3866 455 3923; x_wconf 91' lang='lat' dir='ltr'><strong>ad</strong></span> <span class='ocrx_word' id='word_1_619' title='bbox 478 3864 672 3930; x_wconf 90' lang='lat' dir='ltr'><strong>electionem;</strong></span> <span class='ocrx_word' id='word_1_620' title='bbox 698 3860 801 3919; x_wconf 85' lang='lat' dir='ltr'><strong>electio</strong></span> <span class='ocrx_word' id='word_1_621' title='bbox 827 3863 865 3919; x_wconf 89' lang='lat' dir='ltr'><strong>ad</strong></span> <span class='ocrx_word' id='word_1_622' title='bbox 891 3864 994 3922; x_wconf 84' lang='lat' dir='ltr'><strong>voluu-</strong></span> <span class='ocrx_word' id='word_1_623' title='bbox 1047 3867 1107 3923; x_wconf 91' lang='lat' dir='ltr'><strong>niet</strong></span> <span class='ocrx_word' id='word_1_624' title='bbox 1123 3867 1271 3943; x_wconf 89' lang='lat' dir='ltr'><strong>quidquid</strong></span> <span class='ocrx_word' id='word_1_625' title='bbox 1292 3869 1447 3940; x_wconf 71' lang='lat' dir='ltr'><strong>praescivit.</strong></span> <span class='ocrx_word' id='word_1_626' title='bbox 1475 3875 1544 3927; x_wconf 87' lang='lat' dir='ltr'><strong>ltem</strong></span> <span class='ocrx_word' id='word_1_627' title='bbox 1569 3873 1695 3942; x_wconf 83' lang='lat' dir='ltr'><strong>videtur,</strong></span> <span class='ocrx_word' id='word_1_628' title='bbox 1724 3877 1806 3948; x_wconf 83' lang='lat' dir='ltr'><strong>quod</strong></span> <span class='ocrx_word' id='word_1_629' title='bbox 1825 3879 1871 3932; x_wconf 86' lang='lat' dir='ltr'><strong>ltei</strong></span> 
     </span>
     <span class='ocr_line' id='line_1_73' title="bbox 168 3950 1872 4035; baseline 0.002 -18"><span class='ocrx_word' id='word_1_630' title='bbox 168 3965 269 4026; x_wconf 86' lang='lat' dir='ltr'><strong>tatem,</strong></span> <span class='ocrx_word' id='word_1_631' title='bbox 300 3974 369 4031; x_wconf 75' lang='lat' dir='ltr'><strong>qaue</strong></span> <span class='ocrx_word' id='word_1_632' title='bbox 400 3953 526 4027; x_wconf 89' lang='lat' dir='ltr'><strong>pertinet</strong></span> <span class='ocrx_word' id='word_1_633' title='bbox 557 3951 594 4007; x_wconf 90' lang='lat' dir='ltr'><strong>ad</strong></span> <span class='ocrx_word' id='word_1_634' title='bbox 625 3950 836 4024; x_wconf 87' lang='lat' dir='ltr'><strong>proprietatem</strong></span> <span class='ocrx_word' id='word_1_635' title='bbox 870 3952 993 4024; x_wconf 87' lang='lat' dir='ltr'><strong>Spiritus</strong></span> <span class='ocrx_word' id='word_1_636' title='bbox 1046 3955 1238 4028; x_wconf 75' lang='lat' dir='ltr'><strong>praevidentia</strong></span> <span class='ocrx_word' id='word_1_637' title='bbox 1260 3960 1361 4029; x_wconf 90' lang='lat' dir='ltr'><strong>posset</strong></span> <span class='ocrx_word' id='word_1_638' title='bbox 1388 3957 1448 4013; x_wconf 88' lang='lat' dir='ltr'><strong>falli</strong></span> <span class='ocrx_word' id='word_1_639' title='bbox 1465 3977 1472 4026; x_wconf 87' lang='grc'>;</span> <span class='ocrx_word' id='word_1_640' title='bbox 1488 3960 1559 4032; x_wconf 71' lang='lat' dir='ltr'><strong>(paria</strong></span> <span class='ocrx_word' id='word_1_641' title='bbox 1579 3961 1602 4016; x_wconf 90' lang='lat' dir='ltr'><strong>si</strong></span> <span class='ocrx_word' id='word_1_642' title='bbox 1623 3961 1706 4030; x_wconf 90' lang='lat' dir='ltr'><strong>illud,</strong></span> <span class='ocrx_word' id='word_1_643' title='bbox 1733 3965 1817 4035; x_wconf 89' lang='lat' dir='ltr'><strong>quod</strong></span> <span class='ocrx_word' id='word_1_644' title='bbox 1830 3971 1872 4020; x_wconf 85' lang='lat' dir='ltr'><strong>est</strong></span> 
     </span>
     <span class='ocr_line' id='line_1_74' title="bbox 168 4038 1871 4128; baseline 0.003 -23"><span class='ocrx_word' id='word_1_645' title='bbox 168 4048 260 4105; x_wconf 89' lang='lat' dir='ltr'><strong>saneti</strong></span> <span class='ocrx_word' id='word_1_646' title='bbox 284 4064 291 4102; x_wconf 76' lang='grc' dir='ltr'><strong>ε</strong></span> <span class='ocrx_word' id='word_1_647' title='bbox 323 4045 450 4116; x_wconf 89' lang='lat' dir='ltr'><strong>ideoque</strong></span> <span class='ocrx_word' id='word_1_648' title='bbox 481 4041 556 4097; x_wconf 90' lang='lat' dir='ltr'><strong>sicut</strong></span> <span class='ocrx_word' id='word_1_649' title='bbox 582 4038 669 4097; x_wconf 85' lang='lat' dir='ltr'><strong>Filius</strong></span> <span class='ocrx_word' id='word_1_650' title='bbox 702 4043 745 4095; x_wconf 88' lang='grc' dir='ltr'><strong>θεῖ</strong></span> <span class='ocrx_word' id='word_1_651' title='bbox 781 4055 873 4097; x_wconf 90' lang='lat' dir='ltr'><strong>causa</strong></span> <span class='ocrx_word' id='word_1_652' title='bbox 906 4042 992 4114; x_wconf 89' lang='lat' dir='ltr'><strong>Spiri·</strong></span> <span class='ocrx_word' id='word_1_653' title='bbox 1046 4043 1217 4117; x_wconf 65' lang='lat' dir='ltr'><strong>percensum,</strong></span> <span class='ocrx_word' id='word_1_654' title='bbox 1234 4049 1329 4117; x_wconf 88' lang='lat' dir='ltr'><strong>potest</strong></span> <span class='ocrx_word' id='word_1_655' title='bbox 1342 4046 1425 4103; x_wconf 90' lang='lat' dir='ltr'><strong>aliter</strong></span> <span class='ocrx_word' id='word_1_656' title='bbox 1452 4049 1568 4105; x_wconf 73' lang='lat' dir='ltr'><strong>evenire</strong></span> <span class='ocrx_word' id='word_1_657' title='bbox 1583 4068 1675 4122; x_wconf 70' lang='lat' dir='ltr'><strong>(qnam</strong></span> <span class='ocrx_word' id='word_1_658' title='bbox 1698 4054 1805 4120; x_wconf 82' lang='lat' dir='ltr'><strong>creuit,</strong></span> <span class='ocrx_word' id='word_1_659' title='bbox 1821 4073 1871 4128; x_wconf 91' lang='lat' dir='ltr'><strong>po-</strong></span> 
     </span>
     <span class='ocr_line' id='line_1_75' title="bbox 167 4128 1871 4206; baseline -0.001 -12"><span class='ocrx_word' id='word_1_660' title='bbox 167 4143 213 4194; x_wconf 86' lang='lat' dir='ltr'><strong>tus</strong></span> <span class='ocrx_word' id='word_1_661' title='bbox 242 4134 345 4198; x_wconf 88' lang='lat' dir='ltr'><strong>saneti,</strong></span> <span class='ocrx_word' id='word_1_662' title='bbox 382 4132 423 4188; x_wconf 92' lang='lat' dir='ltr'><strong>sic</strong></span> <span class='ocrx_word' id='word_1_663' title='bbox 451 4136 479 4187; x_wconf 90' lang='lat' dir='ltr'><strong>et</strong></span> <span class='ocrx_word' id='word_1_664' title='bbox 508 4128 693 4204; x_wconf 77' lang='lat' dir='ltr'><strong>praescientia</strong></span> <span class='ocrx_word' id='word_1_665' title='bbox 727 4146 816 4185; x_wconf 89' lang='lat' dir='ltr'><strong>eausa</strong></span> <span class='ocrx_word' id='word_1_666' title='bbox 844 4134 887 4186; x_wconf 91' lang='grc' dir='ltr'><strong>θεῖ</strong></span> <span class='ocrx_word' id='word_1_667' title='bbox 918 4146 991 4203; x_wconf 85' lang='lat' dir='ltr'><strong>pne-</strong></span> <span class='ocrx_word' id='word_1_668' title='bbox 1046 4131 1299 4206; x_wconf 86' lang='lat' dir='ltr'><strong>testnliterquam</strong></span> <span class='ocrx_word' id='word_1_669' title='bbox 1314 4133 1350 4190; x_wconf 88' lang='lat' dir='ltr'><strong>sit</strong></span> <span class='ocrx_word' id='word_1_670' title='bbox 1369 4135 1530 4206; x_wconf 71' lang='lat' dir='ltr'><strong>praevisum</strong></span> <span class='ocrx_word' id='word_1_671' title='bbox 1554 4138 1681 4205; x_wconf 76' lang='lat' dir='ltr'><strong>evenire,</strong></span> <span class='ocrx_word' id='word_1_672' title='bbox 1704 4144 1737 4195; x_wconf 90' lang='lat' dir='ltr'><strong>nt</strong></span> <span class='ocrx_word' id='word_1_673' title='bbox 1757 4142 1782 4196; x_wconf 91' lang='lat' dir='ltr'><strong>si</strong></span> <span class='ocrx_word' id='word_1_674' title='bbox 1796 4145 1871 4198; x_wconf 67' lang='lat' dir='ltr'><strong>Deus</strong></span> 
     </span>
     <span class='ocr_line' id='line_1_76' title="bbox 165 4218 1870 4301; baseline 0 -18"><span class='ocrx_word' id='word_1_675' title='bbox 165 4222 378 4290; x_wconf 86' lang='lat' dir='ltr'><strong>destinationis,</strong></span> <span class='ocrx_word' id='word_1_676' title='bbox 394 4238 488 4296; x_wconf 90' lang='lat' dir='ltr'><strong>quam</strong></span> <span class='ocrx_word' id='word_1_677' title='bbox 499 4218 679 4286; x_wconf 87' lang='lat' dir='ltr'><strong>naturaliter,</strong></span> <span class='ocrx_word' id='word_1_678' title='bbox 695 4235 754 4275; x_wconf 92' lang='lat' dir='ltr'><strong>non</strong></span> <span class='ocrx_word' id='word_1_679' title='bbox 771 4222 903 4290; x_wconf 87' lang='lat' dir='ltr'><strong>tempore</strong></span> <span class='ocrx_word' id='word_1_680' title='bbox 917 4236 991 4292; x_wconf 84' lang='lat' dir='ltr'><strong>pne-</strong></span> <span class='ocrx_word' id='word_1_681' title='bbox 1007 4249 1029 4301; x_wconf 73' lang='lat' dir='ltr'>D</span> <span class='ocrx_word' id='word_1_682' title='bbox 1045 4218 1174 4291; x_wconf 89' lang='lat' dir='ltr'><strong>aliquem</strong></span> <span class='ocrx_word' id='word_1_683' title='bbox 1189 4220 1278 4276; x_wconf 90' lang='lat' dir='ltr'><strong>hodic</strong></span> <span class='ocrx_word' id='word_1_684' title='bbox 1301 4221 1446 4280; x_wconf 89' lang='lat' dir='ltr'><strong>lecturum</strong></span> <span class='ocrx_word' id='word_1_685' title='bbox 1469 4225 1621 4296; x_wconf 74' lang='lat' dir='ltr'><strong>praeridit:</strong></span> <span class='ocrx_word' id='word_1_686' title='bbox 1647 4229 1820 4286; x_wconf 86' lang='lat' dir='ltr'><strong>conceditur</strong></span> <span class='ocrx_word' id='word_1_687' title='bbox 1832 4231 1870 4286; x_wconf 82' lang='lat' dir='ltr'><strong>ab</strong></span> 
     </span>
     <span class='ocr_line' id='line_1_77' title="bbox 163 4305 1869 4385; baseline 0.002 -14"><span class='ocrx_word' id='word_1_688' title='bbox 163 4313 263 4371; x_wconf 88' lang='lat' dir='ltr'><strong>currit.</strong></span> <span class='ocrx_word' id='word_1_689' title='bbox 1043 4305 1194 4373; x_wconf 87' lang='lat' dir='ltr'><strong>omnibus,</strong></span> <span class='ocrx_word' id='word_1_690' title='bbox 1211 4308 1294 4380; x_wconf 91' lang='lat' dir='ltr'><strong>quod</strong></span> <span class='ocrx_word' id='word_1_691' title='bbox 1314 4308 1377 4365; x_wconf 86' lang='lat' dir='ltr'><strong>talis</strong></span> <span class='ocrx_word' id='word_1_692' title='bbox 1395 4310 1511 4384; x_wconf 88' lang='lat' dir='ltr'><strong>aliquis,</strong></span> <span class='ocrx_word' id='word_1_693' title='bbox 1534 4314 1587 4385; x_wconf 92' lang='lat' dir='ltr'><strong>qui</strong></span> <span class='ocrx_word' id='word_1_694' title='bbox 1603 4314 1691 4371; x_wconf 87' lang='lat' dir='ltr'><strong>hodie</strong></span> <span class='ocrx_word' id='word_1_695' title='bbox 1715 4322 1757 4373; x_wconf 90' lang='lat' dir='ltr'><strong>est</strong></span> <span class='ocrx_word' id='word_1_696' title='bbox 1782 4317 1869 4374; x_wconf 90' lang='lat' dir='ltr'><strong>lectu·</strong></span> 
     </span>
     <span class='ocr_line' id='line_1_78' title="bbox 199 4383 1870 4477; baseline -0.004 -14"><span class='ocrx_word' id='word_1_697' title='bbox 199 4404 327 4471; x_wconf 70' lang='lat' dir='ltr'><strong>Oussrro</strong></span> <span class='ocrx_word' id='word_1_698' title='bbox 346 4405 443 4461; x_wconf 70' lang='lat' dir='ltr'><strong>tJtJXV.</strong></span> <span class='ocrx_word' id='word_1_699' title='bbox 466 4398 602 4457; x_wconf 77' lang='lat' dir='ltr'><strong>Auidem</strong></span> <span class='ocrx_word' id='word_1_700' title='bbox 619 4397 698 4454; x_wconf 88' lang='lat' dir='ltr'><strong>sitin</strong></span> <span class='ocrx_word' id='word_1_701' title='bbox 713 4400 771 4452; x_wconf 84' lang='lat' dir='ltr'><strong>lteo</strong></span> <span class='ocrx_word' id='word_1_702' title='bbox 794 4396 988 4470; x_wconf 78' lang='lat' dir='ltr'><strong>praescientia,</strong></span> <span class='ocrx_word' id='word_1_703' title='bbox 1043 4383 1109 4463; x_wconf 62' lang='lat' dir='ltr'><strong>rus,0</strong></span> <span class='ocrx_word' id='word_1_704' title='bbox 1129 4399 1225 4469; x_wconf 88' lang='lat' dir='ltr'><strong>potest</strong></span> <span class='ocrx_word' id='word_1_705' title='bbox 1257 4413 1318 4452; x_wconf 90' lang='lat' dir='ltr'><strong>nou</strong></span> <span class='ocrx_word' id='word_1_706' title='bbox 1344 4397 1451 4468; x_wconf 80' lang='lat' dir='ltr'><strong>legere,</strong></span> <span class='ocrx_word' id='word_1_707' title='bbox 1481 4405 1510 4456; x_wconf 90' lang='lat' dir='ltr'><strong>et</strong></span> <span class='ocrx_word' id='word_1_708' title='bbox 1535 4401 1576 4456; x_wconf 89' lang='lat' dir='ltr'><strong>sie</strong></span> <span class='ocrx_word' id='word_1_709' title='bbox 1605 4402 1688 4459; x_wconf 87' lang='lat' dir='ltr'><strong>aliter</strong></span> <span class='ocrx_word' id='word_1_710' title='bbox 1713 4422 1809 4477; x_wconf 85' lang='lat' dir='ltr'><strong>quam</strong></span> <span class='ocrx_word' id='word_1_711' title='bbox 1835 4408 1870 4463; x_wconf 79' lang='lat' dir='ltr'><strong>sit</strong></span> 
     </span>
     <span class='ocr_line' id='line_1_79' title="bbox 163 4483 1868 4568; baseline -0.001 -17"><span class='ocrx_word' id='word_1_712' title='bbox 163 4498 191 4551; x_wconf 87' lang='lat' dir='ltr'><strong>et</strong></span> <span class='ocrx_word' id='word_1_713' title='bbox 201 4491 421 4568; x_wconf 66' lang='lat' dir='ltr'><strong>praedestinatio</strong></span> <span class='ocrx_word' id='word_1_714' title='bbox 434 4496 447 4546; x_wconf 87' lang='lat'><em>?</em></span> <span class='ocrx_word' id='word_1_715' title='bbox 460 4489 504 4545; x_wconf 77' lang='lat' dir='ltr'><strong>nd</strong></span> <span class='ocrx_word' id='word_1_716' title='bbox 520 4489 605 4560; x_wconf 91' lang='lat' dir='ltr'><strong>cujus</strong></span> <span class='ocrx_word' id='word_1_717' title='bbox 620 4484 792 4560; x_wconf 75' lang='lat' dir='ltr'><strong>quaestionis</strong></span> <span class='ocrx_word' id='word_1_718' title='bbox 811 4485 988 4542; x_wconf 90' lang='lat' dir='ltr'><strong>solutionem</strong></span> <span class='ocrx_word' id='word_1_719' title='bbox 1042 4483 1213 4555; x_wconf 79' lang='lat' dir='ltr'><strong>praeseitum</strong></span> <span class='ocrx_word' id='word_1_720' title='bbox 1227 4489 1323 4557; x_wconf 86' lang='lat' dir='ltr'><strong>potest</strong></span> <span class='ocrx_word' id='word_1_721' title='bbox 1343 4486 1522 4557; x_wconf 83' lang='lat' dir='ltr'><strong>contingere.</strong></span> <span class='ocrx_word' id='word_1_722' title='bbox 1547 4490 1667 4547; x_wconf 89' lang='lat' dir='ltr'><strong>Solutio.</strong></span> <span class='ocrx_word' id='word_1_723' title='bbox 1696 4496 1868 4552; x_wconf 77' lang='lat' dir='ltr'><strong>Communis</strong></span> 
     </span>
     <span class='ocr_line' id='line_1_80' title="bbox 162 4569 1867 4652; baseline 0.001 -14"><span class='ocrx_word' id='word_1_724' title='bbox 162 4581 317 4638; x_wconf 88' lang='lat' dir='ltr'><strong>sciendum</strong></span> <span class='ocrx_word' id='word_1_725' title='bbox 330 4585 373 4636; x_wconf 89' lang='lat' dir='ltr'><strong>est</strong></span> <span class='ocrx_word' id='word_1_726' title='bbox 387 4578 470 4652; x_wconf 91' lang='lat' dir='ltr'><strong>quod</strong></span> <span class='ocrx_word' id='word_1_727' title='bbox 484 4575 587 4634; x_wconf 89' lang='lat' dir='ltr'><strong>divina</strong></span> <span class='ocrx_word' id='word_1_728' title='bbox 599 4575 743 4632; x_wconf 89' lang='lat' dir='ltr'><strong>asiacum</strong></span> <span class='ocrx_word' id='word_1_729' title='bbox 759 4573 794 4629; x_wconf 92' lang='lat' dir='ltr'><strong>sit</strong></span> <span class='ocrx_word' id='word_1_730' title='bbox 805 4589 866 4629; x_wconf 91' lang='lat' dir='ltr'><strong>una</strong></span> <span class='ocrx_word' id='word_1_731' title='bbox 880 4578 909 4630; x_wconf 90' lang='lat' dir='ltr'><strong>et</strong></span> <span class='ocrx_word' id='word_1_732' title='bbox 921 4575 989 4630; x_wconf 87' lang='lat' dir='ltr'><strong>sim·</strong></span> <span class='ocrx_word' id='word_1_733' title='bbox 1040 4569 1104 4627; x_wconf 80' lang='lat' dir='ltr'><strong>hac</strong></span> <span class='ocrx_word' id='word_1_734' title='bbox 1119 4576 1172 4638; x_wconf 90' lang='grc' dir='ltr'><strong>θεῖ,</strong></span> <span class='ocrx_word' id='word_1_735' title='bbox 1188 4573 1252 4627; x_wconf 74' lang='lat' dir='ltr'><strong>haec</strong></span> <span class='ocrx_word' id='word_1_736' title='bbox 1266 4576 1295 4629; x_wconf 91' lang='lat' dir='ltr'><strong>ct</strong></span> <span class='ocrx_word' id='word_1_737' title='bbox 1309 4572 1406 4630; x_wconf 88' lang='lat' dir='ltr'><strong>simila</strong></span> <span class='ocrx_word' id='word_1_738' title='bbox 1418 4581 1545 4647; x_wconf 87' lang='lat' dir='ltr'><strong>possunt</strong></span> <span class='ocrx_word' id='word_1_739' title='bbox 1561 4594 1614 4649; x_wconf 89' lang='lat' dir='ltr'><strong>per</strong></span> <span class='ocrx_word' id='word_1_740' title='bbox 1627 4581 1867 4652; x_wconf 84' lang='lat' dir='ltr'><strong>conjmrctionem</strong></span> 
     </span>
     <span class='ocr_line' id='line_1_81' title="bbox 161 4659 1866 4742; baseline 0.002 -19"><span class='ocrx_word' id='word_1_741' title='bbox 161 4668 230 4742; x_wconf 85' lang='lat' dir='ltr'><strong>plex</strong></span> <span class='ocrx_word' id='word_1_742' title='bbox 244 4686 251 4734; x_wconf 91' lang='lat'>;</span> <span class='ocrx_word' id='word_1_743' title='bbox 267 4672 366 4723; x_wconf 85' lang='lat' dir='ltr'><strong>tamen</strong></span> <span class='ocrx_word' id='word_1_744' title='bbox 379 4669 501 4739; x_wconf 90' lang='lat' dir='ltr'><strong>propter</strong></span> <span class='ocrx_word' id='word_1_745' title='bbox 523 4663 620 4721; x_wconf 79' lang='lat' dir='ltr'><strong>varios</strong></span> <span class='ocrx_word' id='word_1_746' title='bbox 635 4662 756 4719; x_wconf 80' lang='lat' dir='ltr'><strong>effectus</strong></span> <span class='ocrx_word' id='word_1_747' title='bbox 771 4661 888 4718; x_wconf 78' lang='lat' dir='ltr'><strong>diversa</strong></span> <span class='ocrx_word' id='word_1_748' title='bbox 907 4663 988 4719; x_wconf 90' lang='lat' dir='ltr'><strong>sorti-</strong></span> <span class='ocrx_word' id='word_1_749' title='bbox 1041 4659 1308 4730; x_wconf 83' lang='lat' dir='ltr'><strong>etdisjrmctionem</strong></span> <span class='ocrx_word' id='word_1_750' title='bbox 1322 4661 1430 4734; x_wconf 81' lang='lat' dir='ltr'><strong>exponi</strong></span> <span class='ocrx_word' id='word_1_751' title='bbox 1447 4681 1453 4729; x_wconf 92' lang='lat'>;</span> <span class='ocrx_word' id='word_1_752' title='bbox 1469 4681 1573 4720; x_wconf 87' lang='lat' dir='ltr'><strong>seusus</strong></span> <span class='ocrx_word' id='word_1_753' title='bbox 1588 4669 1807 4738; x_wconf 87' lang='lat' dir='ltr'><strong>conjunctionis</strong></span> <span class='ocrx_word' id='word_1_754' title='bbox 1821 4672 1866 4727; x_wconf 89' lang='lat' dir='ltr'><strong>hic</strong></span> 
     </span>
     <span class='ocr_line' id='line_1_82' title="bbox 162 4747 1865 4833; baseline 0.004 -23"><span class='ocrx_word' id='word_1_755' title='bbox 162 4759 209 4810; x_wconf 90' lang='lat' dir='ltr'><strong>tur</strong></span> <span class='ocrx_word' id='word_1_756' title='bbox 238 4753 409 4820; x_wconf 80' lang='lat' dir='ltr'><strong>vocubu1a3</strong></span> <span class='ocrx_word' id='word_1_757' title='bbox 437 4751 543 4808; x_wconf 87' lang='lat' dir='ltr'><strong>dicitur</strong></span> <span class='ocrx_word' id='word_1_758' title='bbox 569 4751 649 4807; x_wconf 89' lang='lat' dir='ltr'><strong>enim</strong></span> <span class='ocrx_word' id='word_1_759' title='bbox 674 4750 827 4824; x_wconf 88' lang='lat' dir='ltr'><strong>sapientia,</strong></span> <span class='ocrx_word' id='word_1_760' title='bbox 855 4750 985 4818; x_wconf 88' lang='lat' dir='ltr'><strong>scientia,</strong></span> <span class='ocrx_word' id='word_1_761' title='bbox 1040 4751 1083 4803; x_wconf 86' lang='lat' dir='ltr'><strong>cst</strong></span> <span class='ocrx_word' id='word_1_762' title='bbox 1100 4765 1106 4802; x_wconf 90' lang='lat'>:</span> <span class='ocrx_word' id='word_1_763' title='bbox 1124 4747 1151 4804; x_wconf 88' lang='lat' dir='ltr'><strong>Si</strong></span> <span class='ocrx_word' id='word_1_764' title='bbox 1168 4749 1244 4803; x_wconf 85' lang='lat' dir='ltr'><strong>ltcus</strong></span> <span class='ocrx_word' id='word_1_765' title='bbox 1263 4750 1409 4821; x_wconf 71' lang='lat' dir='ltr'><strong>praeridit,</strong></span> <span class='ocrx_word' id='word_1_766' title='bbox 1426 4767 1545 4809; x_wconf 88' lang='lat' dir='ltr'><strong>neccsse</strong></span> <span class='ocrx_word' id='word_1_767' title='bbox 1560 4759 1604 4811; x_wconf 89' lang='lat' dir='ltr'><strong>est</strong></span> <span class='ocrx_word' id='word_1_768' title='bbox 1625 4757 1753 4829; x_wconf 77' lang='lat' dir='ltr'><strong>evenire,</strong></span> <span class='ocrx_word' id='word_1_769' title='bbox 1767 4759 1799 4816; x_wconf 91' lang='lat' dir='ltr'><strong>id</strong></span> <span class='ocrx_word' id='word_1_770' title='bbox 1814 4765 1865 4833; x_wconf 79' lang='lat' dir='ltr'><strong>est,</strong></span> 
     </span>
     <span class='ocr_line' id='line_1_83' title="bbox 160 4836 1867 4922; baseline 0.004 -25"><span class='ocrx_word' id='word_1_771' title='bbox 160 4841 365 4916; x_wconf 74' lang='lat' dir='ltr'><strong>previdentia,</strong></span> <span class='ocrx_word' id='word_1_772' title='bbox 388 4841 582 4914; x_wconf 88' lang='lat' dir='ltr'><strong>providentia,</strong></span> <span class='ocrx_word' id='word_1_773' title='bbox 608 4839 772 4914; x_wconf 65' lang='lat' dir='ltr'><strong>dispositio</strong></span> <span class='ocrx_word' id='word_1_774' title='bbox 797 4839 987 4912; x_wconf 63' lang='lat' dir='ltr'><strong>praedestina·</strong></span> <span class='ocrx_word' id='word_1_775' title='bbox 1039 4851 1101 4892; x_wconf 91' lang='lat' dir='ltr'><strong>non</strong></span> <span class='ocrx_word' id='word_1_776' title='bbox 1114 4839 1211 4909; x_wconf 88' lang='lat' dir='ltr'><strong>potest</strong></span> <span class='ocrx_word' id='word_1_777' title='bbox 1232 4836 1399 4895; x_wconf 83' lang='lat' dir='ltr'><strong>simulasse</strong></span> <span class='ocrx_word' id='word_1_778' title='bbox 1427 4845 1597 4915; x_wconf 89' lang='lat' dir='ltr'><strong>utrumqne,</strong></span> <span class='ocrx_word' id='word_1_779' title='bbox 1612 4851 1645 4901; x_wconf 91' lang='lat' dir='ltr'><strong>ut</strong></span> <span class='ocrx_word' id='word_1_780' title='bbox 1664 4849 1742 4903; x_wconf 80' lang='lat' dir='ltr'><strong>Deris</strong></span> <span class='ocrx_word' id='word_1_781' title='bbox 1763 4850 1867 4922; x_wconf 77' lang='lat' dir='ltr'><strong>pueri-</strong></span> 
     </span>
     <span class='ocr_line' id='line_1_84' title="bbox 160 4924 1866 5007; baseline 0 -18"><span class='ocrx_word' id='word_1_782' title='bbox 160 4930 211 4989; x_wconf 85' lang='lat' dir='ltr'><strong>uo.</strong></span> <span class='ocrx_word' id='word_1_783' title='bbox 225 4930 281 4989; x_wconf 88' lang='lat' dir='ltr'><strong>Sed</strong></span> <span class='ocrx_word' id='word_1_784' title='bbox 296 4930 441 5003; x_wconf 86' lang='lat' dir='ltr'><strong>sapientia</strong></span> <span class='ocrx_word' id='word_1_785' title='bbox 454 4935 481 4986; x_wconf 92' lang='lat' dir='ltr'><strong>et</strong></span> <span class='ocrx_word' id='word_1_786' title='bbox 496 4930 617 4986; x_wconf 78' lang='lat' dir='ltr'><strong>scicntia</strong></span> <span class='ocrx_word' id='word_1_787' title='bbox 628 4931 665 4986; x_wconf 92' lang='lat' dir='ltr'><strong>dc</strong></span> <span class='ocrx_word' id='word_1_788' title='bbox 678 4928 818 4986; x_wconf 87' lang='lat' dir='ltr'><strong>omnibus</strong></span> <span class='ocrx_word' id='word_1_789' title='bbox 832 4931 875 4984; x_wconf 90' lang='lat' dir='ltr'><strong>est</strong></span> <span class='ocrx_word' id='word_1_790' title='bbox 884 4932 987 5000; x_wconf 76' lang='lat' dir='ltr'><strong>praete-</strong></span> <span class='ocrx_word' id='word_1_791' title='bbox 1039 4924 1108 4980; x_wconf 84' lang='lat' dir='ltr'><strong>deal</strong></span> <span class='ocrx_word' id='word_1_792' title='bbox 1122 4928 1150 4981; x_wconf 91' lang='lat' dir='ltr'><strong>et</strong></span> <span class='ocrx_word' id='word_1_793' title='bbox 1164 4940 1224 4980; x_wconf 91' lang='lat' dir='ltr'><strong>uon</strong></span> <span class='ocrx_word' id='word_1_794' title='bbox 1235 4927 1358 4995; x_wconf 80' lang='lat' dir='ltr'><strong>eveniat,</strong></span> <span class='ocrx_word' id='word_1_795' title='bbox 1375 4928 1454 4985; x_wconf 87' lang='lat' dir='ltr'><strong>etsie</strong></span> <span class='ocrx_word' id='word_1_796' title='bbox 1467 4934 1510 4987; x_wconf 88' lang='lat' dir='ltr'><strong>est</strong></span> <span class='ocrx_word' id='word_1_797' title='bbox 1524 4948 1639 5007; x_wconf 64' lang='lat' dir='ltr'><strong>rerum,</strong></span> <span class='ocrx_word' id='word_1_798' title='bbox 1658 4935 1866 5006; x_wconf 72' lang='lat' dir='ltr'><strong>disjunctionis</strong></span> 
     </span>
     <span class='ocr_line' id='line_1_85' title="bbox 158 5012 1866 5093; baseline 0.003 -17"><span class='ocrx_word' id='word_1_799' title='bbox 158 5017 231 5086; x_wconf 87' lang='lat' dir='ltr'><strong>ritis,</strong></span> <span class='ocrx_word' id='word_1_800' title='bbox 246 5021 275 5074; x_wconf 87' lang='lat' dir='ltr'><strong>et</strong></span> <span class='ocrx_word' id='word_1_801' title='bbox 286 5017 493 5091; x_wconf 77' lang='lat' dir='ltr'><strong>praesentibus,</strong></span> <span class='ocrx_word' id='word_1_802' title='bbox 509 5021 538 5074; x_wconf 89' lang='lat' dir='ltr'><strong>ct</strong></span> <span class='ocrx_word' id='word_1_803' title='bbox 561 5017 665 5073; x_wconf 86' lang='lat' dir='ltr'><strong>futuris</strong></span> <span class='ocrx_word' id='word_1_804' title='bbox 680 5015 766 5074; x_wconf 90' lang='lat' dir='ltr'><strong>honis</strong></span> <span class='ocrx_word' id='word_1_805' title='bbox 788 5019 816 5071; x_wconf 86' lang='lat' dir='ltr'><strong>ct</strong></span> <span class='ocrx_word' id='word_1_806' title='bbox 835 5015 931 5084; x_wconf 89' lang='lat' dir='ltr'><strong>malis,</strong></span> <span class='ocrx_word' id='word_1_807' title='bbox 959 5021 986 5072; x_wconf 89' lang='lat' dir='ltr'><strong>et</strong></span> <span class='ocrx_word' id='word_1_808' title='bbox 1040 5029 1145 5070; x_wconf 87' lang='lat' dir='ltr'><strong>sensus</strong></span> <span class='ocrx_word' id='word_1_809' title='bbox 1157 5012 1205 5069; x_wconf 89' lang='lat' dir='ltr'><strong>hie</strong></span> <span class='ocrx_word' id='word_1_810' title='bbox 1218 5018 1262 5071; x_wconf 88' lang='lat' dir='ltr'><strong>est</strong></span> <span class='ocrx_word' id='word_1_811' title='bbox 1275 5034 1281 5071; x_wconf 94' lang='lat'>:</span> <span class='ocrx_word' id='word_1_812' title='bbox 1299 5019 1357 5073; x_wconf 90' lang='lat' dir='ltr'><strong>lloe</strong></span> <span class='ocrx_word' id='word_1_813' title='bbox 1373 5016 1505 5074; x_wconf 84' lang='lat' dir='ltr'><strong>futuam</strong></span> <span class='ocrx_word' id='word_1_814' title='bbox 1519 5036 1579 5077; x_wconf 90' lang='lat' dir='ltr'><strong>nou</strong></span> <span class='ocrx_word' id='word_1_815' title='bbox 1593 5027 1689 5093; x_wconf 89' lang='lat' dir='ltr'><strong>potest</strong></span> <span class='ocrx_word' id='word_1_816' title='bbox 1703 5023 1787 5081; x_wconf 88' lang='lat' dir='ltr'><strong>aliter</strong></span> <span class='ocrx_word' id='word_1_817' title='bbox 1801 5043 1866 5082; x_wconf 82' lang='lat' dir='ltr'><strong>ere-</strong></span> 
     </span>
     <span class='ocr_line' id='line_1_86' title="bbox 158 5101 1866 5186; baseline 0.002 -24"><span class='ocrx_word' id='word_1_818' title='bbox 158 5104 350 5180; x_wconf 79' lang='lat' dir='ltr'><strong>praevidentia</strong></span> <span class='ocrx_word' id='word_1_819' title='bbox 365 5106 402 5162; x_wconf 90' lang='lat' dir='ltr'><strong>de</strong></span> <span class='ocrx_word' id='word_1_820' title='bbox 418 5105 530 5162; x_wconf 89' lang='lat' dir='ltr'><strong>eisdem</strong></span> <span class='ocrx_word' id='word_1_821' title='bbox 548 5103 753 5179; x_wconf 83' lang='lat' dir='ltr'><strong>;proridentia</strong></span> <span class='ocrx_word' id='word_1_822' title='bbox 764 5102 801 5158; x_wconf 90' lang='lat' dir='ltr'><strong>de</strong></span> <span class='ocrx_word' id='word_1_823' title='bbox 817 5103 986 5173; x_wconf 78' lang='lat' dir='ltr'><strong>gubernan-</strong></span> <span class='ocrx_word' id='word_1_824' title='bbox 1038 5101 1101 5158; x_wconf 88' lang='lat' dir='ltr'><strong>nire</strong></span> <span class='ocrx_word' id='word_1_825' title='bbox 1116 5118 1208 5176; x_wconf 88' lang='lat' dir='ltr'><strong>quam</strong></span> <span class='ocrx_word' id='word_1_826' title='bbox 1224 5121 1259 5161; x_wconf 85' lang='lat' dir='ltr'><strong>eo</strong></span> <span class='ocrx_word' id='word_1_827' title='bbox 1283 5106 1450 5178; x_wconf 87' lang='lat' dir='ltr'><strong>modoque</strong></span> <span class='ocrx_word' id='word_1_828' title='bbox 1465 5108 1571 5170; x_wconf 76' lang='lat' dir='ltr'><strong>everrit,</strong></span> <span class='ocrx_word' id='word_1_829' title='bbox 1586 5115 1718 5183; x_wconf 89' lang='lat' dir='ltr'><strong>etquam</strong></span> <span class='ocrx_word' id='word_1_830' title='bbox 1733 5113 1769 5170; x_wconf 89' lang='lat' dir='ltr'><strong>sit</strong></span> <span class='ocrx_word' id='word_1_831' title='bbox 1792 5131 1866 5186; x_wconf 76' lang='lat' dir='ltr'><strong>pra·-</strong></span> 
     </span>
     <span class='ocr_line' id='line_1_87' title="bbox 156 5189 1866 5269; baseline 0.002 -17"><span class='ocrx_word' id='word_1_832' title='bbox 156 5195 213 5263; x_wconf 91' lang='lat' dir='ltr'><strong>dis,</strong></span> <span class='ocrx_word' id='word_1_833' title='bbox 228 5212 296 5269; x_wconf 86' lang='lat' dir='ltr'><strong>quoe</strong></span> <span class='ocrx_word' id='word_1_834' title='bbox 310 5193 498 5268; x_wconf 89' lang='lat' dir='ltr'><strong>quandoque.</strong></span> <span class='ocrx_word' id='word_1_835' title='bbox 507 5192 649 5266; x_wconf 88' lang='lat' dir='ltr'><strong>accipitur</strong></span> <span class='ocrx_word' id='word_1_836' title='bbox 659 5207 713 5263; x_wconf 92' lang='lat' dir='ltr'><strong>pro</strong></span> <span class='ocrx_word' id='word_1_837' title='bbox 722 5189 914 5263; x_wconf 76' lang='lat' dir='ltr'><strong>praesidentia</strong></span> <span class='ocrx_word' id='word_1_838' title='bbox 928 5190 985 5246; x_wconf 87' lang='lat' dir='ltr'><strong>dis-</strong></span> <span class='ocrx_word' id='word_1_839' title='bbox 1037 5190 1146 5258; x_wconf 82' lang='lat' dir='ltr'><strong>visum,</strong></span> <span class='ocrx_word' id='word_1_840' title='bbox 1161 5197 1189 5248; x_wconf 89' lang='lat' dir='ltr'><strong>ct</strong></span> <span class='ocrx_word' id='word_1_841' title='bbox 1207 5194 1263 5249; x_wconf 89' lang='lat' dir='ltr'><strong>hoc</strong></span> <span class='ocrx_word' id='word_1_842' title='bbox 1277 5198 1320 5249; x_wconf 91' lang='lat' dir='ltr'><strong>cst</strong></span> <span class='ocrx_word' id='word_1_843' title='bbox 1347 5194 1465 5252; x_wconf 83' lang='lat' dir='ltr'><strong>salsum.</strong></span> <span class='ocrx_word' id='word_1_844' title='bbox 1484 5200 1553 5252; x_wconf 91' lang='lat' dir='ltr'><strong>ltem</strong></span> <span class='ocrx_word' id='word_1_845' title='bbox 1579 5198 1603 5255; x_wconf 93' lang='lat' dir='ltr'><strong>si</strong></span> <span class='ocrx_word' id='word_1_846' title='bbox 1629 5200 1712 5257; x_wconf 88' lang='lat' dir='ltr'><strong>aliter</strong></span> <span class='ocrx_word' id='word_1_847' title='bbox 1737 5203 1866 5259; x_wconf 74' lang='lat' dir='ltr'><strong>eveniret</strong></span> 
     </span>
     <span class='ocr_line' id='line_1_88' title="bbox 156 5274 1866 5364; baseline 0.005 -25"><span class='ocrx_word' id='word_1_848' title='bbox 156 5284 264 5356; x_wconf 88' lang='lat' dir='ltr'><strong>positio</strong></span> <span class='ocrx_word' id='word_1_849' title='bbox 278 5283 316 5340; x_wconf 78' lang='lat' dir='ltr'><strong>ele</strong></span> <span class='ocrx_word' id='word_1_850' title='bbox 332 5283 474 5340; x_wconf 84' lang='lat' dir='ltr'><strong>iaciendis</strong></span> <span class='ocrx_word' id='word_1_851' title='bbox 490 5300 497 5345; x_wconf 75' lang='grc' dir='ltr'>ς</span> <span class='ocrx_word' id='word_1_852' title='bbox 519 5274 802 5355; x_wconf 71' lang='lat' dir='ltr'><strong>praedestinatio-de</strong></span> <span class='ocrx_word' id='word_1_853' title='bbox 820 5277 982 5346; x_wconf 81' lang='lat' dir='ltr'><strong>salvandis,</strong></span> <span class='ocrx_word' id='word_1_854' title='bbox 1037 5295 1130 5350; x_wconf 90' lang='lat' dir='ltr'><strong>qnam</strong></span> <span class='ocrx_word' id='word_1_855' title='bbox 1145 5285 1189 5335; x_wconf 86' lang='lat' dir='ltr'><strong>est</strong></span> <span class='ocrx_word' id='word_1_856' title='bbox 1201 5281 1381 5352; x_wconf 80' lang='lat' dir='ltr'><strong>praseilum,</strong></span> <span class='ocrx_word' id='word_1_857' title='bbox 1396 5299 1457 5338; x_wconf 90' lang='lat' dir='ltr'><strong>non</strong></span> <span class='ocrx_word' id='word_1_858' title='bbox 1478 5285 1635 5353; x_wconf 85' lang='lat' dir='ltr'><strong>lallomtm,</strong></span> <span class='ocrx_word' id='word_1_859' title='bbox 1651 5287 1753 5346; x_wconf 83' lang='lat' dir='ltr'><strong>diviua</strong></span> <span class='ocrx_word' id='word_1_860' title='bbox 1768 5291 1866 5364; x_wconf 78' lang='lat' dir='ltr'><strong>prosi·</strong></span> 
     </span>
     <span class='ocr_line' id='line_1_89' title="bbox 156 5367 1865 5450; baseline 0.005 -24"><span class='ocrx_word' id='word_1_861' title='bbox 156 5376 186 5426; x_wconf 91' lang='lat' dir='ltr'><strong>et</strong></span> <span class='ocrx_word' id='word_1_862' title='bbox 200 5372 241 5428; x_wconf 88' lang='lat' dir='ltr'><strong>sic</strong></span> <span class='ocrx_word' id='word_1_863' title='bbox 253 5373 283 5428; x_wconf 90' lang='lat' dir='ltr'><strong>in</strong></span> <span class='ocrx_word' id='word_1_864' title='bbox 296 5370 355 5429; x_wconf 83' lang='lat' dir='ltr'><strong>Deo</strong></span> <span class='ocrx_word' id='word_1_865' title='bbox 367 5376 514 5446; x_wconf 85' lang='lat' dir='ltr'><strong>quantum</strong></span> <span class='ocrx_word' id='word_1_866' title='bbox 529 5370 567 5427; x_wconf 87' lang='lat' dir='ltr'><strong>ad</strong></span> <span class='ocrx_word' id='word_1_867' title='bbox 583 5367 741 5425; x_wconf 85' lang='lat' dir='ltr'><strong>essentiam</strong></span> <span class='ocrx_word' id='word_1_868' title='bbox 756 5367 834 5422; x_wconf 86' lang='lat' dir='ltr'><strong>idem</strong></span> <span class='ocrx_word' id='word_1_869' title='bbox 850 5371 896 5423; x_wconf 90' lang='lat' dir='ltr'><strong>est</strong></span> <span class='ocrx_word' id='word_1_870' title='bbox 911 5383 983 5439; x_wconf 74' lang='lat' dir='ltr'><strong>pree-</strong></span> <span class='ocrx_word' id='word_1_871' title='bbox 1036 5367 1158 5435; x_wconf 76' lang='grc' dir='ltr'><strong>ῖῖθθῖῖθς</strong></span> <span class='ocrx_word' id='word_1_872' title='bbox 1181 5367 1253 5440; x_wconf 92' lang='lat' dir='ltr'><strong>quia</strong></span> <span class='ocrx_word' id='word_1_873' title='bbox 1267 5372 1335 5425; x_wconf 91' lang='lat' dir='ltr'><strong>tunc</strong></span> <span class='ocrx_word' id='word_1_874' title='bbox 1358 5372 1414 5427; x_wconf 88' lang='lat' dir='ltr'><strong>hoe</strong></span> <span class='ocrx_word' id='word_1_875' title='bbox 1441 5388 1501 5429; x_wconf 91' lang='lat' dir='ltr'><strong>non</strong></span> <span class='ocrx_word' id='word_1_876' title='bbox 1529 5380 1606 5432; x_wconf 86' lang='lat' dir='ltr'><strong>esset</strong></span> <span class='ocrx_word' id='word_1_877' title='bbox 1624 5378 1796 5450; x_wconf 68' lang='lat' dir='ltr'><strong>praevisum,</strong></span> <span class='ocrx_word' id='word_1_878' title='bbox 1813 5380 1865 5435; x_wconf 87' lang='lat' dir='ltr'><strong>sed</strong></span> 
     </span>
     <span class='ocr_line' id='line_1_90' title="bbox 157 5455 1865 5536; baseline 0.003 -17"><span class='ocrx_word' id='word_1_879' title='bbox 157 5455 278 5515; x_wconf 76' lang='lat' dir='ltr'><strong>scientia</strong></span> <span class='ocrx_word' id='word_1_880' title='bbox 290 5464 319 5514; x_wconf 89' lang='lat' dir='ltr'><strong>ct</strong></span> <span class='ocrx_word' id='word_1_881' title='bbox 331 5458 561 5536; x_wconf 69' lang='lat' dir='ltr'><strong>praedestinatio.</strong></span> <span class='ocrx_word' id='word_1_882' title='bbox 1036 5455 1118 5513; x_wconf 81' lang='lat' dir='ltr'><strong>aliud</strong></span> <span class='ocrx_word' id='word_1_883' title='bbox 1132 5456 1214 5529; x_wconf 85' lang='lat' dir='ltr'><strong>quod</strong></span> <span class='ocrx_word' id='word_1_884' title='bbox 1227 5461 1297 5514; x_wconf 70' lang='lat' dir='ltr'><strong>turne</strong></span> <span class='ocrx_word' id='word_1_885' title='bbox 1317 5461 1456 5517; x_wconf 74' lang='lat' dir='ltr'><strong>eveniret.</strong></span> <span class='ocrx_word' id='word_1_886' title='bbox 1484 5465 1630 5522; x_wconf 80' lang='lat' dir='ltr'><strong>l&#39;nedietae</strong></span> <span class='ocrx_word' id='word_1_887' title='bbox 1656 5465 1796 5524; x_wconf 86' lang='lat' dir='ltr'><strong>solutioni</strong></span> <span class='ocrx_word' id='word_1_888' title='bbox 1824 5470 1865 5524; x_wconf 85' lang='lat' dir='ltr'><strong>sic</strong></span> 
     </span>
     <span class='ocr_line' id='line_1_91' title="bbox 193 5536 1862 5627; baseline 0.009 -27"><span class='ocrx_word' id='word_1_889' title='bbox 193 5545 320 5613; x_wconf 79' lang='lat' dir='ltr'><strong>chsao</strong></span> <span class='ocrx_word' id='word_1_890' title='bbox 345 5541 452 5606; x_wconf 65' lang='lat' dir='ltr'><strong>Cdll‘l.</strong></span> <span class='ocrx_word' id='word_1_891' title='bbox 470 5551 514 5612; x_wconf 73' lang='lat' dir='ltr'><strong>nn</strong></span> <span class='ocrx_word' id='word_1_892' title='bbox 529 5547 714 5627; x_wconf 66' lang='lat' dir='ltr'><strong>praescientia</strong></span> <span class='ocrx_word' id='word_1_893' title='bbox 735 5549 810 5602; x_wconf 86' lang='lat' dir='ltr'><strong>esset</strong></span> <span class='ocrx_word' id='word_1_894' title='bbox 824 5543 853 5599; x_wconf 92' lang='lat' dir='ltr'><strong>in</strong></span> <span class='ocrx_word' id='word_1_895' title='bbox 871 5536 940 5613; x_wconf 78' lang='lat' dir='ltr'><strong>neo,</strong></span> <span class='ocrx_word' id='word_1_896' title='bbox 958 5545 982 5600; x_wconf 90' lang='lat' dir='ltr'><strong>si</strong></span> <span class='ocrx_word' id='word_1_897' title='bbox 1035 5542 1173 5621; x_wconf 86' lang='lat' dir='ltr'><strong>objieitm</strong></span> <span class='ocrx_word' id='word_1_898' title='bbox 1189 5563 1195 5601; x_wconf 90' lang='lat'>:</span> <span class='ocrx_word' id='word_1_899' title='bbox 1214 5544 1241 5602; x_wconf 85' lang='lat' dir='ltr'><strong>si</strong></span> <span class='ocrx_word' id='word_1_900' title='bbox 1258 5549 1334 5603; x_wconf 85' lang='lat' dir='ltr'><strong>lleus</strong></span> <span class='ocrx_word' id='word_1_901' title='bbox 1347 5548 1459 5623; x_wconf 86' lang='lat' dir='ltr'><strong>aliquid</strong></span> <span class='ocrx_word' id='word_1_902' title='bbox 1475 5553 1619 5625; x_wconf 77' lang='lat' dir='ltr'><strong>praeridit,</strong></span> <span class='ocrx_word' id='word_1_903' title='bbox 1638 5553 1710 5611; x_wconf 90' lang='lat' dir='ltr'><strong>illud</strong></span> <span class='ocrx_word' id='word_1_904' title='bbox 1726 5558 1862 5616; x_wconf 76' lang='lat' dir='ltr'><strong>eveniet:</strong></span> 
     </span>
    </p>
   </div>
   <div class='ocr_carea' id='block_1_12' title="bbox 0 0 1920 6044">
    <p class='ocr_par' dir='ltr' id='par_1_15' title="bbox 0 0 1920 6044">
     <span class='ocr_line' id='line_1_92' title="bbox 0 0 1920 6044; baseline 0 1"><span class='ocrx_word' id='word_1_905' title='bbox 0 0 1920 6044; x_wconf 95' lang='lat' dir='ltr'><strong> </strong></span> 
     </span>
    </p>
   </div>
  </div>
 </body>
</html>
