3832 6044
550 133 583 188 IN
608 128 862 188 unctasnstun
881 128 1033 186 nonulla*
1050 129 1114 187 xix.
1643 135 1693 191 146

81 259 119 317 uit
132 258 257 332 quando
272 257 390 314 nullum
406 256 817 330 tempusfuit.1taque,tem-
835 261 926 328 Aper
954 253 1177 312 similitudinem
1203 256 1313 312 statum
1346 253 1535 323 custodiunt,
1569 259 1602 312 nt
1628 256 1695 316 lieet

81 354 189 408 eterna
216 365 361 406 essenon
385 353 560 421 potnerunt,
585 348 638 403 sed
661 351 723 405 erat
746 350 814 403 ante
867 360 929 417 quc
944 347 1029 413 sunt,
1053 359 1172 417 semper
1187 359 1327 404 essenon
1342 344 1456 417 possint
1471 344 1602 415 singula3
1618 361 1695 402 nun·

81 455 122 497 »ra
145 439 294 496 tetemitas
320 439 383 495 siue
407 442 550 511 tempore,
567 453 660 511 qnam
678 441 815 510 tempora
868 449 961 507 quam
990 437 1091 490 tamen
1123 433 1314 491 inveniuntur
1337 433 1419 492 aliud
1446 449 1510 492 esse
1536 433 1693 504 universa,

81 546 106 586 n
130 544 187 586 nec
212 531 360 585 auxerunt
381 545 450 585 eum
471 527 649 601 inciperent,
674 543 729 583 nec
744 543 814 583 eum
867 539 961 596 quam
972 522 1099 593 singula.
1115 526 1191 594 Ergo
1203 521 1278 584 nhil
1286 539 1400 582 novum
1410 523 1467 580 sub
1479 524 1551 582 sole.
1567 524 1694 591 Quando

81 635 142 688 nr,
173 623 361 676 consument.
388 618 490 691 Liquet
515 633 586 688 crgo
614 617 722 674 falsam
749 631 814 672 esse
867 612 965 683 magis
991 629 1083 687 supra
1106 612 1219 671 solem?
1243 615 1318 671 itam
1342 617 1371 670 ct
1394 612 1462 671 ideo
1485 612 1559 671 nihil
1579 628 1694 672 novum

81 709 180 766 ionem
207 723 312 765 eorum
339 707 391 781 qui
419 705 598 763 saeculorum
621 705 813 763 aeternitatem
869 702 925 759 sub
950 702 1027 771 soie;
1054 703 1127 776 quia
1149 707 1294 759 aeternum
1317 706 1361 760 est
1383 718 1475 775 supra
1500 701 1603 760 solem.
1633 702 1694 761 Sub

81 801 236 867 taverunt,
266 800 294 853 et
316 795 521 854 mutabilitatis
549 794 729 868 principium
751 794 813 851 sina
869 790 930 849 sole
945 794 975 848 et
987 789 1060 848 luna
1080 807 1194 848 novum
1208 804 1271 848 non
1285 795 1345 860 est;
1365 807 1420 848 nec
1434 794 1479 847 est
1493 795 1593 849 tamen
1612 796 1694 850 reter-

81 887 130 961 pio
155 886 246 944 inisse
271 886 366 943 testati
381 890 459 942 sunt.
477 885 544 954 Sed,
560 900 597 941 ne
613 884 686 942 toric
704 884 734 941 in
756 885 813 942 hoo
868 896 952 938 num.
979 883 1131 938 AEternum
1154 880 1235 937 enim
1258 896 1321 938 non
1344 884 1392 938 est
1411 880 1467 937 suh
1489 879 1550 937 sole
1569 881 1693 954 aliquid,
1750 941 1756 960 y,

81 990 156 1033 error
183 974 359 1047 hujusmodi
383 974 554 1031 confirmari
576 973 723 1042 videatur,
744 990 814 1030 eum
867 970 939 1044 quia
953 969 1138 1043 omnequod
1162 970 1219 1027 sub
1241 968 1303 1030 solo
1324 973 1377 1039 est,
1393 969 1424 1026 in
1438 969 1598 1043 semetipso
1620 986 1695 1044 prte-

81 1081 89 1123 .·
105 1083 113 1122 :
130 1065 208 1122 Nihil
228 1080 343 1121 notum
358 1064 415 1120 suh
429 1063 505 1131 sole;
530 1079 628 1136 neque
643 1062 720 1120 valet
733 1063 814 1137 quis·
867 1060 942 1129 terit;
954 1063 1176 1117 tamennovum
1190 1076 1252 1117 nou
1267 1064 1320 1129 ost,
1336 1059 1408 1134 quia
1422 1059 1453 1115 in
1469 1059 1694 1117 similitudinem

87 1154 190 1212 dicere
203 1172 209 1210 :
224 1157 297 1211 Eece
310 1154 367 1211 hoo
378 1168 482 1210 recens
497 1156 550 1210 est.
566 1155 631 1208 tam
646 1152 727 1209 enim
740 1167 814 1225 pra·
868 1150 914 1205 sui
928 1150 1045 1221 generis
1060 1149 1203 1206 subsistit.
1219 1152 1296 1221 Ergo
1321 1149 1378 1208 sub
1400 1149 1462 1207 sole
1485 1149 1558 1206 nihil
1580 1164 1694 1207 novum
1812 1149 1821 1163 “

91 1244 126 1300 in
155 1243 288 1313 saeculis,
317 1260 385 1318 quie
414 1242 511 1299 ierunt
538 1247 606 1299 ante
633 1258 698 1300 nos.
728 1241 814 1309 Quod
868 1239 1072 1307 estonum
1100 1244 1255 1298 oeternum.
1282 1239 1360 1310 Quia
1386 1240 1467 1297 enim
1492 1239 1643 1314 praecessit
1662 1239 1694 1298 in

81 1335 134 1390 ctu
157 1333 189 1390 id
211 1331 420 1407 accipiendum
436 1332 472 1389 sit
488 1351 494 1388 :
511 1331 611 1390 statim
630 1332 814 1405 subsequen·
868 1327 1058 1402 seculis-que
1069 1329 1188 1387 fuerunt
1198 1333 1266 1387 ante
1277 1345 1344 1397 nos,
1355 1329 1422 1386 ideo
1436 1345 1549 1387 novum
1561 1333 1691 1388 nonest:

81 1421 175 1481 serbis
186 1421 325 1490 ostendit,
341 1420 444 1478 dicens
459 1439 466 1478 ε
868 1420 897 1474 et
910 1417 983 1490 quia
996 1434 1058 1475 non
1072 1422 1117 1476 est
1129 1417 1346 1492 praeteritorum
1361 1418 1517 1487 memoria,
1532 1417 1600 1476 ideo
1612 1422 1695 1476 cter-

92 1517 137 1569 ent
143 1513 283 1583 priorum
291 1512 447 1583 mensatim
454 1511 505 1568 aed
513 1526 565 1568 nee
574 1525 674 1568 eornm
683 1511 812 1584 quiden,
868 1522 944 1563 num
962 1521 1023 1564 non
1038 1510 1091 1564 ast.
1107 1507 1237 1581 ideoque
1249 1507 1322 1583 quia
1332 1506 1694 1581 omnequodvenit,pra-

81 1607 143 1659 stac
155 1602 259 1672 futuri
271 1607 350 1674 aurit,
367 1603 423 1658 erit
434 1602 601 1659 recordatio
612 1602 696 1672 opud
705 1616 752 1658 eos
762 1602 816 1674 qui
835 1627 856 1684 B
870 1595 944 1666 terit,
961 1601 989 1653 et
999 1611 1061 1652 non
1071 1596 1191 1653 subsisti
1204 1601 1255 1654 nut
1269 1600 1426 1671 permanet
1440 1596 1514 1672 quid
1528 1612 1622 1671 quam
1636 1596 1693 1654 sub

92 1697 166 1748 sunt
179 1693 211 1748 tn
223 1693 391 1748 novissimo.
403 1694 487 1760 Nam,
505 1691 529 1747 si
542 1690 642 1764 priora
653 1694 681 1748 ct
691 1689 814 1747 novissi·
866 1684 944 1755 sole;
958 1700 1020 1742 uon
1029 1684 1368 1755 saturaturoculosvisn,
1385 1701 1440 1743 nee
1453 1684 1534 1743 auris
1549 1685 1691 1760 impletur

81 1779 320 1854 mpraesentibus
330 1795 454 1854 prorsus
465 1780 571 1836 cadem
582 1784 689 1848 essent;
701 1795 813 1852 nequa·
867 1774 985 1843 auditu;
1008 1774 1081 1848 quia
1099 1774 1173 1831 dum
1195 1775 1273 1832 intra
1295 1774 1439 1845 elabitur,
1459 1779 1488 1832 et
1505 1775 1581 1848 fugit
1602 1791 1693 1833 omna

89 1873 251 1943 praesentes
270 1869 407 1926 homines
423 1869 613 1942 aptioribus,
632 1872 660 1926 et
674 1885 692 1925 a
705 1867 811 1925 futuris
866 1863 941 1920 dum
952 1862 1190 1936 teneriputatur3
1206 1867 1235 1921 et
1249 1863 1417 1937 completur
1424 1863 1569 1921 sententia
1585 1883 1592 1922 ι
1608 1863 1694 1921 Veni·

81 1957 201 2028 issimo,
218 1958 294 2015 altos
308 1958 436 2026 diceret;
451 1975 507 2015 uec
527 1958 646 2027 diceret,
663 1957 745 2032 apud
759 1973 810 2016 eos
864 1957 910 2010 tas
924 1951 1101 2022 vanitatum,
1115 1957 1144 2010 et
1156 1952 1260 2012 omnia
1281 1952 1407 2010 vanitas.
1432 1951 1509 2019 Quid
1530 1966 1602 2022 ergo
1621 1952 1694 2025 quia

81 2050 113 2104 st
128 2063 185 2103 nos
198 2047 287 2104 futuri
302 2053 370 2103 sunt
384 2047 415 2103 in
429 2047 603 2116 novissimo,
622 2047 675 2104 sed
688 2047 808 2116 diceret,
865 2041 922 2098 sub
937 2040 999 2097 sole
1013 2057 1075 2098 non
1091 2045 1240 2098 saturatur
1257 2040 1362 2099 oculus
1382 2040 1458 2111 visu,
1472 2056 1527 2097 nee
1542 2040 1622 2096 auris
1639 2039 1694 2097 im-

81 2154 132 2195 ros
146 2137 200 2211 qui
214 2137 304 2194 futuri
318 2153 412 2194 sunus
427 2138 457 2194 in
472 2138 645 2195 novissimo.
662 2137 721 2195 Nisi
735 2138 809 2194 torte
864 2138 961 2213 pletur
969 2138 1093 2197 auditu?
1105 2141 1200 2214 Supra
1211 2139 1305 2197 solem
1319 2143 1367 2197 eat
1380 2138 1434 2196 ubi
1448 2153 1510 2196 nou
1527 2138 1625 2196 solum
1640 2153 1693 2196 no·

81 2231 135 2284 set
147 2226 326 2284 notissimos
337 2227 376 2283 ad
390 2227 573 2300 principium
588 2231 616 2284 et
627 2225 719 2284 finem
733 2227 810 2299 ejus·
862 2244 936 2285 vum
962 2231 1081 2285 nonest
1095 2227 1218 2302 aliquid,
1245 2228 1297 2285 sed
1320 2244 1377 2285 nec
1400 2226 1620 2296 transitorium
1640 2227 1693 2285 ubi

81 2315 165 2373 nauli
188 2316 378 2372 referendum
399 2332 467 2390 qu1s
488 2316 582 2385 meai,
606 2315 739 2390 alioquin
753 2332 809 2374 nee
864 2320 893 2374 et
905 2316 1040 2389 priorum
1054 2316 1201 2373 memoria
1213 2316 1412 2390 etpraesentia
1431 2315 1610 2384 futurorum,
1630 2315 1692 2373 imo

81 2422 92 2460 s
106 2420 173 2467 asse
187 2421 244 2462 neo
257 2405 420 2462 novissimo
434 2405 487 2478 qui
501 2405 564 2461 sinc
579 2405 725 2480 principio
748 2404 810 2463 fue·
864 2405 966 2463 omnia
975 2405 1123 2479 praeterita
1138 2408 1166 2462 et
1179 2404 1279 2462 futura
1290 2405 1449 2478 praesentia
1464 2409 1547 2474 sunt;
1571 2405 1623 2478 qui
1637 2419 1693 2462 nee

81 2498 111 2552 et
134 2495 198 2550 sine
219 2493 279 2551 fine
295 2494 384 2551 futuri
409 2499 487 2552 sunt.
515 2495 572 2553 Sed
586 2495 700 2569 primos
714 2499 743 2552 et
756 2511 809 2554 no·
863 2494 1046 2569 praeteritum
1055 2510 1111 2551 nec
1120 2493 1256 2552 futurum
1266 2493 1380 2568 aliquid
1390 2493 1431 2550 ihi
1439 2493 1552 2563 est,uhi
1560 2508 1693 2567 prasens

81 2598 99 2640 o
124 2583 165 2640 ad
189 2584 371 2657 principium
395 2590 424 2641 et
446 2585 538 2641 tinem
557 2584 693 2657 ejusdem
709 2585 809 2643 secuti
863 2588 907 2641 est
928 2599 1018 2641 omne
1041 2582 1124 2657 quod
1148 2587 1201 2653 est,
1224 2588 1253 2641 et
1276 2599 1365 2642 omne
1388 2583 1472 2658 quod
1499 2587 1544 2640 est
1569 2582 1610 2640 ihi
1637 2586 1690 2641 est.

81 2691 84 2727 ι
99 2671 250 2746 prohibet,
266 2674 348 2745 quod
359 2672 400 2729 ait
411 2692 417 2730 :
429 2677 494 2730 tam
509 2673 660 2747 praecessit
672 2673 704 2730 in
718 2690 810 2731 saeeu-
863 2673 906 2731 lhi
920 2688 991 2745 ergo
1006 2675 1035 2729 et
1047 2671 1152 2729 cordus
1166 2673 1233 2730 visu
1252 2672 1354 2730 satiari
1367 2676 1396 2730 et
1409 2671 1490 2730 auris
1511 2670 1616 2728 auditu
1639 2671 1694 2729 im-

81 2778 107 2817 oe
132 2761 253 2818 inerunt
265 2766 333 2818 aute
348 2778 413 2819 nos.
431 2762 515 2832 Quia,
532 2763 606 2819 dum
621 2763 680 2820 aha
700 2763 809 2822 saeida
863 2761 937 2837 pleri
958 2767 1077 2837 potest:
1094 2763 1147 2821 ubi
1171 2768 1381 2821 consummata
1394 2765 1423 2819 et
1439 2761 1529 2836 plena
1550 2761 1692 2836 perfactio

81 2850 221 2919 dentium,
238 2856 327 2924 atque
342 2851 400 2908 alia
415 2852 662 2925 subsequentium
676 2851 746 2909 dicit
760 2867 809 2909 ne·
863 2852 1033 2926 precipitur,
1050 2857 1077 2910 et
1091 2856 1233 2927 percepta
1251 2851 1435 2926 plenitudine
1459 2851 1607 2910 aeternitas
1628 2868 1693 2911 non

81 2956 133 2996 am
157 2955 188 2995 se
209 2940 322 3013 primos
346 2945 374 2998 et
396 2940 574 2998 novissimos
602 2941 737 3013 ejusdem
757 2958 810 2998 sa·
828 2985 848 3042 C
863 2946 1033 3000 evacuatur.
1060 2943 1106 3000 Sic
1129 2956 1201 3013 ergo
1224 2947 1286 3000 tota
1309 2943 1373 2999 hoeo
1389 2941 1543 3010 sententia,
1559 2958 1620 3016 qua
1634 2941 1691 2999 sub

81 3028 237 3101 gnificnsse
252 3029 391 3087 ostendit.
408 3032 494 3102 Ergo,
510 3031 581 3104 quia
600 3046 662 3088 non
678 3030 775 3088 solum
791 3046 809 3089 a
864 3031 925 3089 sole
938 3047 993 3088 nec
1007 3046 1122 3090 novum
1135 3030 1249 3105 aliquid
1263 3045 1318 3088 nec
1335 3034 1480 3087 aurnum
1494 3045 1558 3087 esse
1573 3029 1690 3100 dicitur,

81 3118 126 3176 ica
139 3118 271 3187 veritate,
288 3119 340 3176 sed
355 3119 501 3176 aratione
525 3136 646 3193 quoque
666 3120 810 3178 sententia
863 3121 902 3179 ad
923 3122 981 3179 hoc
994 3124 1128 3195 spectare
1146 3119 1273 3189 videtur,
1287 3123 1321 3177 ut
1333 3121 1478 3188 agnoscat
1501 3119 1593 3176 homo
1616 3118 1691 3191 quid

81 3211 129 3276 ret,
145 3223 202 3265 nos
216 3207 330 3265 dictum
344 3210 402 3266 hcc
424 3209 589 3266 referamus
603 3209 757 3266 adrerum
772 3209 809 3265 si·
862 3209 910 3269 vel
923 3209 1026 3281 iugero
1039 3209 1148 3267 debeat
1169 3208 1218 3265 rel
1232 3207 1326 3280 sequi.
1342 3211 1374 3263 in
1390 3222 1426 3263 co
1440 3206 1521 3262 enim
1535 3206 1619 3279 quod
1633 3205 1690 3263 sub

81 3297 187 3367 iinem,
203 3314 262 3372 que
277 3298 307 3355 in
322 3299 383 3355 suis
399 3299 558 3370 generibus
573 3299 615 3356 sio
629 3315 648 3356 a
661 3299 809 3373 principio
864 3299 924 3356 sole
938 3297 1013 3355 nihil
1027 3314 1141 3355 novum
1157 3301 1201 3355 est
1219 3299 1331 3353 aeterna
1344 3294 1500 3370 dispositio
1514 3295 1690 3354 ostenditur.

81 3390 117 3444 ta
132 3392 212 3456 sunt,
233 3392 266 3445 ut
289 3388 528 3463 unumquodque
546 3389 715 3446 secundum
730 3388 809 3445 simi·
863 3392 895 3446 in
917 3405 953 3446 eo
975 3390 1076 3446 autem
1101 3386 1184 3461 quod
1208 3385 1282 3444 nihil
1296 3385 1417 3443 subsoie
1430 3400 1611 3458 permanens
1626 3399 1691 3442 essa

81 3493 145 3545 em,
169 3481 198 3534 et
220 3476 350 3535 formam
368 3478 499 3551 primam
524 3478 646 3550 originis
666 3495 727 3534 sure
741 3494 810 3551 pro·
863 3481 975 3552 potest,
1007 3476 1038 3533 in
1062 3475 1097 3533 iis
1127 3493 1196 3551 quae
1229 3475 1286 3532 suh
1315 3474 1377 3534 sole
1402 3479 1471 3533 sunt
1497 3474 1690 3534 aeternitatem

81 3582 120 3622 tm
149 3567 289 3624 extendat
317 3571 345 3624 et
371 3567 444 3624 nihil
471 3567 508 3624 sit
534 3567 618 3641 quod
647 3567 808 3625 terminum
862 3566 986 3641 quidem
1001 3565 1173 3638 significari,
1196 3581 1259 3623 non
1273 3568 1365 3623 tatem
1379 3581 1444 3622 esse
1457 3564 1688 3624 demonstratur.

103 3653 307 3728 dispositionis
322 3655 352 3712 in
368 3673 422 3713 suo
437 3672 546 3727 genere
567 3657 701 3714 excedat.
718 3656 763 3715 Sic
777 3657 808 3713 in
862 3661 894 3714 in
918 3656 990 3731 ipsis
1012 3671 1083 3728 ergo
1107 3672 1175 3730 qua
1200 3655 1335 3714 subsole
1357 3659 1436 3724 sunt,
1452 3655 1541 3713 simul
1556 3655 1691 3726 agnosci·

81 3741 218 3801 iementis
232 3743 349 3812 mundi,
366 3744 406 3801 sie
421 3745 452 3801 in
464 3744 509 3814 iis,
525 3761 593 3820 quse
604 3761 640 3802 ex
655 3745 727 3819 ipsis
739 3761 808 3818 pro·
862 3763 940 3816 mus,
957 3745 1029 3804 etin
1042 3746 1174 3820 eoquod
1188 3746 1262 3804 nihil
1274 3749 1419 3804 aternum
1433 3748 1487 3814 est,
1512 3744 1690 3815 fugiendum

92 3835 162 3888 sunt
181 3831 229 3889 vel
243 3837 448 3906 procreantur,
463 3833 605 3891 omnibus
629 3839 737 3891 natura
750 3832 808 3906 pri·
862 3852 926 3893 esse
949 3836 1032 3911 quod
1056 3841 1133 3893 sunt.
1156 3840 1188 3893 tn
1212 3852 1247 3893 eo
1266 3839 1366 3894 autem
1381 3834 1465 3908 quod
1476 3833 1551 3892 nihil
1563 3849 1688 3904 novum,

86 3920 317 3996 dispositionem
342 3923 487 3992 custodit,
512 3927 546 3980 ut
569 3924 642 3981 nihil
670 3940 688 3981 a
711 3922 809 3997 primo
864 3926 1052 4000 sequendum
1076 3941 1140 3982 esse
1159 3926 1243 3998 quod
1261 3940 1323 3982 non
1342 3928 1420 3983 sunt.
1442 3925 1629 3999 Quapropter
1645 3939 1690 3981 re·

81 4027 119 4080 n,
145 4010 177 4067 id
199 4015 243 4068 est
262 4012 427 4082 diversum,
449 4018 501 4071 aut
514 4014 656 4071 dissimile
671 4014 702 4071 in
716 4013 809 4071 ueniri
863 4020 962 4073 currat
985 4015 1024 4073 ad
1050 4030 1201 4072 summam
1225 4014 1420 4084 sententiam,
1445 4017 1478 4071 ut
1502 4013 1575 4088 quia
1600 4013 1631 4071 in
1654 4012 1690 4071 iis

95 4100 155 4157 suh
170 4101 241 4157 sole.
259 4104 294 4159 ut
314 4101 398 4158 verbi
420 4103 525 4175 gratia,
540 4104 580 4161 ah
594 4103 677 4162 initio
700 4103 809 4161 coelum
862 4121 931 4179 qua
945 4105 1002 4162 suh
1026 4104 1088 4161 soie
1111 4108 1180 4162 sunt
1203 4103 1281 4162 oculi
1300 4103 1411 4174 satiari,
1426 4108 1455 4160 et
1467 4120 1554 4161 aures
1572 4103 1690 4179 impleri

81 4206 109 4259 n,
131 4193 160 4247 et
180 4194 258 4246 terra
273 4190 424 4249 deorsum.
440 4192 484 4249 nh
499 4192 582 4251 initio
603 4192 763 4251 luminaria
777 4193 808 4250 in
863 4211 917 4252 neo
944 4195 1067 4253 seientia
1088 4198 1231 4269 possunt,
1254 4194 1327 4269 quia
1347 4211 1409 4253 uon
1431 4195 1691 4269 comprehendunt

81 4277 132 4346 soi,
148 4277 220 4336 luna
234 4283 263 4336 et
278 4278 384 4351 stellae,
410 4297 481 4338 aves
496 4282 526 4338 in
545 4298 629 4351 aere,
654 4282 750 4356 pisces
774 4281 805 4338 in
862 4288 957 4342 totum
971 4284 1054 4358 quod
1067 4287 1126 4352 est3
1149 4299 1206 4340 neo
1220 4283 1368 4341 desiderio
1387 4287 1528 4358 possunt;
1548 4284 1621 4357 quia
1635 4283 1690 4342 etsi

81 4367 179 4424 bestiae
194 4369 225 4425 in
241 4373 327 4426 terra.
343 4369 387 4427 nb
401 4370 622 4429 initicvoitatus
637 4372 743 4429 armus
753 4386 805 4429 na·
823 4344 846 4398 ⁰
861 4374 1126 4448 comprehendant,
1148 4389 1211 4431 non
1230 4371 1340 4430 suffieit
1358 4376 1454 4431 totum
1472 4372 1556 4446 quod
1577 4376 1621 4429 est
1633 4387 1689 4429 neo

81 4456 209 4526 ›iseibus,
226 4475 345 4531 gressus
356 4461 517 4529 ominibus,
527 4461 665 4518 etbestiis
682 4460 806 4535 quihus·
860 4466 1008 4538 quantum
1037 4468 1164 4537 possunt
1193 4465 1350 4536 permanet
1373 4461 1456 4535 quod
1478 4476 1611 4535 praesens
1634 4464 1687 4521 est.

81 4550 204 4619 eptntus,
220 4552 249 4604 et
266 4553 378 4605 tractus
402 4550 600 4624 serpentibus.
617 4554 650 4607 Et
663 4551 728 4607 haee
742 4565 806 4607 om·
861 4551 963 4611 Sciunt
985 4552 1147 4609 vanitatem
1163 4567 1227 4609 esse
1241 4565 1331 4608 omne
1347 4549 1430 4625 quod
1445 4549 1502 4606 sub
1515 4550 1577 4606 sole
1592 4552 1644 4619 est,
1661 4553 1690 4608 et

81 4638 115 4693 ut
128 4633 263 4704 inerunt,
281 4637 322 4692 sic
345 4641 429 4706 sunt,
453 4639 494 4694 sie
516 4642 703 4712 permanent.
729 4641 763 4696 Et
781 4636 807 4695 si
860 4641 943 4716 qnod
955 4640 1077 4698 nihiide
1088 4640 1227 4698 universo
1241 4639 1345 4697 labore
1360 4655 1425 4710 suo,
1436 4654 1499 4714 quo
1512 4639 1617 4699 labora
1633 4638 1689 4700 sub

81 4740 97 4781 c
112 4724 187 4782 forte
201 4725 348 4784 miraculo
363 4726 464 4801 aliquo
479 4733 587 4803 proeter
597 4728 740 4786 usitatum
754 4743 806 4785 na·
861 4731 932 4801 sole,
947 4732 1039 4790 homo
1052 4729 1182 4804 amplius
1196 4730 1308 4788 habere
1322 4734 1429 4804 potest.

81 4830 185 4871 ursum
210 4815 372 4884 accidente,
389 4815 471 4874 aliud
484 4817 562 4875 fiunt
575 4834 668 4892 quam
688 4831 807 4890 semper
899 4821 981 4880 bicat
993 4837 1064 4893 ergo
1080 4839 1087 4879 ε
1104 4823 1213 4879 Cuncta
1228 4837 1275 4879 ras
1289 4819 1434 4890 difficiles,
1451 4825 1484 4879 ut
1495 4821 1691 4895 eomprehen-

81 4908 139 4961 n'on
149 4908 249 4960 umen
260 4904 290 4960 in
301 4908 362 4962 toto
368 4905 461 4975 fiunt,
477 4923 532 4965 nee
547 4924 665 4981 semper
677 4906 763 4975 fiunt,
775 4909 808 4962 ut
861 4911 971 4970 dantur
986 4911 1026 4970 ah
1038 4912 1173 4969 humano
1187 4926 1287 4981 sensu,
1303 4928 1372 4986 quae
1385 4926 1441 4969 nec
1456 4911 1608 4970 numerari
1621 4927 1690 4987 pos·

81 4990 283 5062 illainstitutio
295 4993 358 5050 etsi
373 4993 536 5069 aliquando
547 4996 701 5054 intermitti
708 4997 808 5054 videa·
862 5006 932 5059 sunt
945 5001 1144 5071 multitudine,
1155 5017 1210 5067 nee
1224 5001 1439 5075 comprehendi
1448 5004 1621 5076 quantitate,
1633 5018 1689 5059 neo

81 5095 203 5154 nquam
211 5084 311 5138 tamen
320 5081 455 5140 videatur
462 5083 594 5141 dissolvi.
606 5087 682 5156 Ergo
692 5089 721 5143 et
728 5086 807 5142 hano
862 5091 1063 5164 profunditate
1073 5092 1278 5167 pervestigari.
1292 5095 1326 5149 Et
1335 5092 1403 5150 ideo
1413 5107 1475 5149 non
1488 5092 1598 5149 mirum
1611 5094 1655 5146 est
1664 5089 1689 5146 si

81 5168 183 5225 ionem
202 5169 276 5240 regit
296 5169 442 5243 sapientia
463 5171 524 5228 bei.
551 5176 585 5230 Et
609 5173 692 5247 quod
718 5173 806 5230 nobis
861 5196 960 5239 sermo
969 5181 1079 5250 deficit,
1094 5182 1346 5253 uhiintelligentia
1354 5179 1532 5248 succumbit;
1543 5184 1573 5236 et
1581 5177 1621 5235 ob
1631 5179 1689 5235 hoo

81 5273 136 5314 um
151 5261 206 5326 &Sit
221 5258 278 5331 ipsi
292 5275 353 5316 110ss
368 5265 421 5317 esi·
439 5263 472 5317 Ei
485 5260 553 5318 ideo
578 5262 635 5318 sub
657 5261 718 5319 ⁵010
732 5261 807 5320 nihil
861 5285 923 5328 non
934 5271 1013 5328 vniat
1022 5286 1073 5328 eas
1085 5272 1177 5329 homo
1187 5271 1335 5346 explicare
1346 5283 1493 5336 sermone,
1502 5266 1689 5326 utrationem

81 5369 86 5404 ι
100 5352 163 5416 est;
183 5349 254 5421 qiua
269 5350 308 5407 ab
321 5350 372 5408 ilio
385 5351 437 5425 qui
450 5356 495 5409 est
507 5368 598 5426 supra
615 5354 709 5411 solem
723 5354 807 5428 quod
860 5359 1332 5435 reddatdesingulisquiaomnia
1345 5373 1408 5415 non
1419 5356 1503 5414 novit
1514 5372 1521 5412 ε
1533 5358 1597 5414 Non
1606 5355 1690 5416 enim

81 5437 805 5519 ralitcrtransit,abeternoordinatumest.tttqua
860 5448 1276 5508 saturaturooulusvisucum
1284 5462 1338 5521 per
1347 5444 1565 5518 seconsiderat3
1573 5461 1629 5504 uec
1637 5462 1689 5507 au·

81 5528 321 5604 ngulaquoeque,
333 5532 405 5605 quia
418 5532 448 5588 in
459 5533 626 5608 semetipsis
636 5550 690 5608 per
699 5535 806 5592 immu-
860 5539 900 5595 ris
912 5539 1054 5614 impletur
1066 5537 1180 5607 auditu,
1195 5553 1265 5594 oum
1279 5534 1413 5594 eruditur
1427 5533 1468 5593 ab
1478 5534 1581 5608 altero,
1596 5541 1630 5597 ut
1642 5537 1689 5597 rai

81 5622 457 5698 tamstarenonposaunt,
472 5622 807 5699 hauotammaaaan
859 5625 1707 5705 intantioozinmadinqmn'ttmonmmtum·
