3832 6044
154 112 217 155 cm

224 221 382 295 Praeeiprris
395 223 481 280 donis
495 225 589 295 gralia
604 229 689 298 parta
704 221 771 295 tuis.

154 291 279 366 l'ipcreo
291 293 389 349 nullas
403 296 559 351 mordaces
571 312 622 352 ore
631 293 766 366 loquelas

226 365 348 430 Proiers,
366 369 417 421 aut
431 366 487 421 diri
502 366 575 421 fellis
589 381 692 421 amara
707 363 799 435 capis.

154 439 219 492 Non
233 439 261 492 te
274 451 370 491 vanus
383 446 478 505 amor,
494 438 584 507 zelus,
600 434 737 501 versutia,
753 449 899 506 murmur,

227 510 290 562 b'on
304 508 395 573 furor,
408 508 558 580 impietas,
574 506 733 562 ambitiose
748 508 836 561 tenet.

154 580 191 633 At
202 577 300 651 potius
312 577 420 643 verbis,
434 577 581 658 example,
596 581 763 643 stemmate,
778 575 840 655 vita

227 647 442 704 Victorinorum
460 648 573 704 lumine
586 663 737 722 quemque
753 662 851 719 prusis.

156 714 981 792 Quiplacidumnorunt,mitemquoqueeernerevultum

226 789 353 845 Turbine
369 796 493 855 semoto,
509 797 611 872 pastor
625 789 765 856 amando,
783 792 877 843 tuum.

155 862 192 916 To
208 861 300 916 nostri
311 876 432 932 prorsus
444 861 567 931 vestigia
582 877 656 917 sana
670 859 804 929 magistri

228 931 371 1002 llugonis,
383 936 462 987 caste
473 932 537 1004 jam
549 936 630 1014 patet
644 931 694 986 illa
709 929 803 1002 sequi.

155 1003 246 1074 Cujus
262 1018 338 1074 opus
350 1004 473 1066 clarum,
486 1003 574 1058 studii
590 1002 712 1058 solabile
727 1015 840 1056 numen

227 1077 258 1128 ln
270 1074 369 1130 lucem
381 1074 460 1129 docti
473 1075 597 1130 mittitur
611 1078 673 1130 arte
687 1073 751 1128 viri.

155 1144 251 1217 lmpio
265 1144 400 1200 subversi
415 1145 499 1217 quod
513 1161 617 1200 sensus
631 1144 718 1201 devia
733 1143 862 1214 calcans,

224 1217 375 1271 lleereseos
389 1215 471 1270 sirus
488 1216 603 1287 respuit
616 1231 705 1271 omne
725 1229 847 1270 nocens.

155 1289 196 1343 Ae
209 1287 260 1360 pia
273 1286 416 1359 dispergit
430 1290 553 1341 maturus
570 1285 684 1341 semina
697 1285 800 1354 frugis.

226 1357 348 1428 abjecto
361 1358 440 1425 lolia,
456 1357 681 1431 seminibusque
693 1356 791 1412 malis.

816 97 910 153 HUGO
930 97 976 152 DE
996 96 1024 154 S.
1045 95 1203 153 VICTORE.

925 208 928 213 ’
997 224 1020 277 Α
1035 223 1175 277 Pascatur
1190 216 1314 274 celebris
1372 213 1505 270 orirens
1520 211 1567 268 dle
1581 216 1700 268 tuorum

1106 293 1214 359 Cretas,
1232 293 1260 344 et
1272 303 1342 344 exce
1356 303 1389 342 so
1402 285 1541 342 concinat
1557 298 1608 339 ore
1621 283 1726 339 melos.

1035 397 1085 452 Ad
1096 396 1290 452 reverendam
1305 394 1335 447 ia
1350 392 1469 448 Christo
1485 393 1607 447 Patrem
1620 388 1754 445 abbatem
1769 390 1864 446 Victo-

1070 470 1205 523 riaoram
1219 468 1364 522 Joaaaem
1378 463 1558 520 Borderiam
1568 476 1640 516 sicces
1653 460 1753 530 frater·
1766 461 1862 517 Fran-

1070 541 1164 595 ciscus
1175 538 1294 594 Grioas.

1035 645 1161 701 Maxima
1176 643 1342 700 claustralis
1358 640 1477 698 Borderi
1493 640 1587 709 gloria
1602 639 1669 695 vitre
1686 658 1692 695 :

1036 719 1100 781 Ouo
1115 715 1192 771 duce
1207 715 1351 787 ploratus,
1368 713 1490 768 feliciter
1504 712 1590 781 Hugo
1605 711 1718 776 revixit,

1035 786 1121 842 Haud
1137 785 1227 841 dubie
1242 790 1321 842 totus
1335 784 1425 840 debet
1438 782 1489 838 tibi
1501 781 1634 838 carmina
1648 782 1791 848 mundus,

1035 863 1059 912 Α
1094 873 1130 911 ue
1145 856 1314 912 futurorum
1327 854 1449 910 laudem
1473 869 1567 924 genus
1592 868 1681 909 omne
1708 857 1862 925 nepotum.

1038 930 1085 985 sd.
1110 927 1187 1008 quis,
1203 928 1280 999 proh
1297 928 1303 982 1
1321 925 1441 981 meritas
1455 923 1486 979 in
1503 927 1584 980 tanto
1605 939 1729 979 munero
1755 928 1863 994 grates,

1038 998 1206 1070 Officirsque
1223 998 1279 1052 tuis
1294 996 1444 1064 condigna
1459 999 1599 1067 poemata
1613 995 1708 1067 possit

1038 1069 1196 1125 Reddere?
1211 1084 1279 1124 eum
1306 1066 1421 1142 populi,
1449 1081 1512 1122 non
1540 1065 1663 1138 propria
1691 1064 1863 1137 commoda,

1742 1153 1827 1192 acras.

1037 1212 1182 1267 Virtutum
1198 1211 1222 1266 si
1237 1210 1359 1284 quidem
1374 1210 1528 1290 nequeunt
1542 1154 1814 1288 111ον111111νννίεξμονίἱε1

1037 1283 1162 1339 Praemia
1177 1281 1363 1354 comprendi,
1377 1296 1449 1352 qum
1464 1284 1533 1335 sunt
1546 1279 1616 1335 huie
1627 1278 1746 1348 cognita
1761 1277 1816 1334 soh

1039 1353 1093 1420 Qui
1110 1368 1224 1409 meroes
1237 1357 1281 1408 est
1294 1352 1387 1421 digna
1403 1351 1455 1407 tibi
1467 1354 1535 1424 post
1549 1350 1610 1406 fata
1624 1349 1750 1406 iuturus.

175 1528 1505 1569 mm

317 1667 669 1792 ruoiuuu
702 1631 1076 1791 anulonis
1107 1665 1289 1787 lam
1321 1663 1705 1785 uaesana

649 1968 778 2055 Vle
808 1966 1052 2056 fldaonls
1081 1964 1367 2053 vla'loalrtl

478 2204 512 2264 ln
528 2222 591 2283 qua
607 2203 757 2264 inseritur
769 2205 904 2284 epistola
919 2204 1045 2267 Osherti
1061 2204 1101 2263 do
1115 2202 1228 2263 morbo
1244 2207 1276 2262 et
1290 2201 1378 2261 obitu
1390 2198 1547 2277 Hugonis.

195 2568 280 2636 llugo
295 2566 332 2622 de
349 2568 457 2623 Sancto
478 2567 591 2623 Victore
616 2567 719 2623 illustri
745 2585 763 2623 a
785 2567 827 2622 ud
857 2568 988 2622 Saxones
1007 2565 1444 2638 Btameximiiviridisciplina
1458 2561 1868 2632 innumerieelebresprodie-

159 2651 267 2721 genere
281 2642 374 2704 ortus,
389 2637 577 2692 illustriorem
596 2638 725 2694 reddidit
752 2584 860 2693 <fiscum
887 2636 986 2691 surculi

159 2710 262 2774 linem,
279 2706 309 2762 iu
322 2724 383 2778 quo
394 2707 468 2763 lueis
481 2724 604 2763 usuram
619 2709 741 2780 accepit.
759 2713 785 2763 ls
812 2708 986 2764 teneriorem

159 2792 322 2902 puerorum
337 2794 405 2834 eum
422 2777 573 2850 implesset
584 2783 712 2842 autem,
730 2779 759 2833 in
786 2778 904 2833 dioecesi
922 2778 986 2833 llal-

183 2847 346 2903 eistadensi
361 2849 486 2904 traditus
499 2849 727 2904 estmonasterio
737 2849 985 2905 Sanctil‘aneratii

161 2922 194 2973 ut
208 2918 246 2974 ab
260 2918 395 2989 ejusdem
410 2919 560 2974 canonicis
572 2920 759 2988 regularibus
774 2920 983 2976 institueretur.

160 2992 192 3043 ln
205 2988 368 3044 litterarum
383 3006 453 3045 vero
469 2990 573 3046 studiis
595 3006 772 3072 progressus
797 2990 899 3046 iecisse
924 3007 985 3047 non

159 3059 433 3127 medioeresdocrt,
451 3078 520 3116 curn
542 3065 696 3118 notissima
723 3062 764 3117 rei
793 3062 886 3134 ipsius
913 3062 998 3117 veri.

158 3133 295 3197 tastum
319 3130 444 3202 ipsemet
476 3132 561 3199 Hugo
591 3131 641 3188 lib.
670 3149 699 3187 111
728 3133 844 3188 llidase.
875 3147 941 3204 eap.
958 3137 983 3188 3.

160 3201 254 3257 Verba
267 3201 291 3256 si
305 3202 372 3327 quis
388 3202 519 3275 requirit,
537 3203 599 3257 luce
625 3209 716 3259 sunt:
739 3205 803 3274 Epo
828 3205 986 3272 affirmare

159 3272 264 3338 audeo,
278 3274 311 3328 ai
322 3274 356 3329 rit
369 3289 415 3329 me
428 3290 560 3345 alequam
573 3275 653 3346 parad
660 3275 700 3330 ad
709 3275 904 3331 eruditionem
918 3290 986 3344 per-

160 3343 266 3400 tineret
288 3347 503 3414 contempsisse,
531 3347 583 3402 sed
615 3347 711 3402 arrrtta
735 3362 810 3416 sape
836 3346 982 3413 didicisse,

180 3429 223 3469 aaa
238 3415 306 3469 aliis
316 3417 395 3483 jirro,
418 3422 470 3471 ard
498 3416 694 3472 deliramento
714 3433 773 3472 esse
800 3417 982 3473 viderentur.

192 3485 283 3540 emitti
293 3501 349 3552 mc,
365 3486 434 3541 dim
448 3487 549 3541 aritae
563 3487 758 3542 sclrotasticas
768 3503 868 3557 assera,
890 3488 985 3543 elabo-

160 3560 286 3623 rassent
302 3556 431 3610 amaia-m
447 3572 547 3611 reram
563 3559 657 3612 oratis
670 3557 937 3627 sabjectarran,aat
954 3560 984 3612 in

159 3640 246 3680 cestim
261 3625 439 3681 verricatiam
456 3627 601 3682 vocabula
613 3630 729 3697 scirem,
744 3629 929 3696 perpendens
950 3629 985 3682 li-

160 3694 227 3750 bere
241 3696 327 3750 ittam
338 3702 480 3753 aretinum
495 3713 596 3752 reram
609 3715 669 3753 eron
682 3714 766 3768 posse
774 3700 986 3769 prosequaqm'

160 3766 327 3823 eoracmdem
342 3769 464 3822 neruine
478 3768 577 3823 urticae
601 3770 765 3838 iprcoraret.
791 3768 893 3837 Sapei·
918 3785 984 3825 eoc-

160 3841 268 3893 taraas
283 3838 462 3907 horoscopus
477 3839 518 3895 ad
528 3838 653 3895 lridemta
661 3840 982 3911 perriipitiaeacatari.

1040 2643 1109 2693 runt
1123 2641 1151 2692 et
1162 2637 1333 2710 philosophi
1347 2643 1376 2692 et
1392 2636 1531 2706 theologi,
1545 2635 1596 2761 qui
1611 2634 1751 2690 haustam
1763 2632 1803 2687 ab
1817 2632 1866 2690 illo

1039 2707 1207 2764 doctrinam
1218 2707 1329 2788 ubique
1345 2707 1478 2777 gentium
1488 2723 1543 2779 pro
1559 2706 1696 2770 aderunt,
1713 2707 1803 2775 atque
1828 2704 1866 2760 ad

1040 2778 1173 2834 diuersos
1187 2778 1390 2834 (ecclesiastieae
1405 2777 1556 2847 dignitatis
1571 2777 1670 2902 apices
1682 2775 1772 2830 etiam
1788 2791 1868 2831 sum·

1040 2865 1106 2904 mos
1122 2848 1268 2905 inoll'euso
1285 2848 1361 2922 pede
1383 2849 1509 2905 iverunt.
1533 2847 1588 2911 Qui
1631 2861 1866 2903 commemorem

1040 2920 1175 2991 abbates
1188 2921 1261 2993 quid
1270 2921 1437 3002 episcopos,
1447 2919 1519 2992 quid
1527 2917 1701 2983 cardinales,
1709 2916 1782 2989 quid
1793 2918 1867 2972 alios

1039 3007 1168 3063 quorum
1183 2991 1230 3046 vel
1245 2992 1314 3046 solis
1327 2991 1530 3047 describendis
1552 2988 1727 3046 nominibus
1754 2989 1867 3060 pagina

1040 3077 1100 3117 non
1113 3060 1259 3117 sufficeret
1269 3064 1282 3118 ‘l
1292 3064 1350 3118 sua
1360 3066 1429 3117 sunt
1437 3061 1597 3134 unicuique
1603 3064 1695 3129 gesto.
1704 3058 1866 3131 unicuique

1042 3132 1109 3188 vita
1128 3136 1218 3189 Suam
1235 3134 1330 3200 Hugo,
1346 3148 1407 3187 non
1423 3132 1639 3204 discipulorum
1666 3130 1758 3184 vitam
1782 3129 1864 3210 vivit.

1040 3202 1089 3258 llic
1105 3209 1281 3258 ornamenta
1291 3203 1422 3276 propria,
1435 3219 1495 3259 non
1510 3203 1607 3259 aliena
1619 3205 1866 3327 quaerunturdgr-

1040 3278 1087 3330 tur
1101 3274 1241 3344 magister
1251 3276 1337 3341 Hugo
1350 3290 1419 3330 eum
1433 3274 1464 3329 in
1485 3274 1542 3330 hoc
1562 3274 1634 3329 seho
1647 3271 1729 3328 astiei
1753 3287 1865 3327 exerc-1-

1039 3345 1070 3401 tii
1087 3360 1203 3413 genere,
1223 3352 1286 3402 turn
1301 3345 1333 3400 in
1347 3345 1421 3412 eliis,
1434 3361 1501 3426 quae
1517 3345 1555 3400 ad
1570 3344 1720 3417 pietatem,
1732 3347 1761 3398 et
1775 3342 1870 3398 sinee-

1039 3432 1107 3470 rum
1122 3415 1265 3485 religiosis
1281 3417 1476 3472 observantur
1484 3415 1598 3479 cultum
1609 3414 1764 3487 pertinent,
1775 3429 1864 3469 omne

1039 3486 1188 3557 reliquum
1202 3487 1269 3542 vitae
1286 3492 1404 3568 tompus
1425 3487 1508 3559 quod
1537 3502 1686 3541 annorum
1714 3501 1771 3540 xxv
1798 3483 1863 3553 fuit,

1039 3557 1194 3627 diligenter
1209 3557 1377 3630 insumpsit.
1390 3557 1591 3622 Quamobrem
1603 3556 1677 3611 alios
1691 3555 1866 3628 conseripsit

1039 3627 1141 3695 libros,
1157 3628 1210 3700 qui
1223 3629 1441 3700 seripturarum
1455 3644 1578 3684 sensum
1588 3632 1617 3683 et
1630 3627 1745 3682 divinos
1767 3642 1865 3682 sacra·

1038 3703 1210 3754 mentorum
1220 3701 1292 3754 ritus
1303 3699 1468 3771 explicant;
1485 3699 1559 3755 alios
1574 3715 1654 3764 rem,
1676 3697 1728 3770 qui
1750 3697 1865 3765 religio-

1040 3786 1079 3824 sm
1094 3769 1160 3825 vitre
1177 3769 1224 3841 pie
1237 3769 1485 3843 laudabiliterque
1507 3768 1695 3826 instituendas
1717 3772 1864 3824 rationem

1039 3840 1175 3908 tradunt;
1193 3841 1266 3896 alios
1281 3841 1414 3907 tandem,
1429 3842 1481 3912 qui
1495 3841 1611 3897 variam
1626 3855 1660 3895 ae
1671 3839 1864 3921 multiplicem

160 3907 214 3963 Ubi
228 3911 328 3964 autem
343 3909 494 3964 ‹leeirnum
511 3915 650 3965 octavum
665 3912 758 3966 atatis
782 3926 896 3965 annum
922 3912 985 3966 atti·
1003 3920 1023 3975 c
1038 3911 1235 3967 eruditionem
1248 3911 1486 3984 complectuntur
1500 3931 1507 3967 :
1521 3929 1589 3984 quae
1604 3910 1706 3967 omnia
1719 3927 1781 3966 sine
1810 3910 1864 3965 du-

159 3977 210 4047 git,
227 3979 327 4034 sreculi
341 3978 443 4047 lugam
459 3980 594 4036 meditari
605 3981 703 4053 erepit.
729 3981 760 4036 ld
781 3984 985 4037 communicat

159 4053 268 4120 patruo
281 4049 653 4118 HugoniHalberstadensi
679 4052 813 4107 Ecclesiae
839 4052 984 4109 archidia-

159 4133 246 4191 cono,
262 4118 424 4190 quistatim
439 4121 469 4176 in
494 4121 583 4192 hujus
612 4122 725 4178 consilii
751 4129 867 4196 partem
892 4125 982 4180 venit

158 4189 256 4245 Ambo
267 4190 356 4260 igitur
367 4207 454 4263 pares
469 4193 576 4248 animis
595 4194 691 4266 patria
715 4194 870 4250 excedunt.
896 4195 985 4250 Proti-

159 4260 310 4317 eiseuntur
324 4262 480 4319 llassiliam
494 4264 532 4319 ad
548 4264 762 4320 monasterium
777 4265 873 4321 Sancti
892 4266 985 4321 Victo-

158 4330 208 4400 ris,
225 4331 335 4404 ibique,
347 4333 486 4406 precibus
497 4338 557 4390 lleo
570 4335 699 4408 prolusis
718 4352 753 4391 ae
764 4335 844 4390 dono
855 4337 984 4408 acceptis

159 4401 314 4458 clarissimi
336 4405 476 4478 martyris
499 4406 675 4487 pignoribus
698 4407 841 4462 Lutetiam
862 4407 985 4462 Parisio-

158 4489 226 4528 rum
239 4474 398 4541 advolant3
421 4476 507 4532 exciti
535 4478 684 4533 nascentis
704 4476 858 4532 victorinae
874 4477 984 4532 domus

159 4544 249 4611 lama,
266 4562 334 4618 quae
350 4551 419 4603 tune
432 4547 489 4603 late
502 4564 556 4620 per
569 4547 674 4603 orbem
686 4547 835 4620 longeque
850 4547 984 4603 dissemi-

158 4614 297 4672 nabatur.
326 4620 390 4673 llree
418 4635 508 4742 porro
538 4635 623 4674 saera
647 4619 774 4691 pignora
799 4622 884 4675 eraut
909 4619 983 4677 daras

158 4700 248 4755 unus,
264 4691 293 4741 et
306 4687 450 4743 nonnula
466 4688 620 4760 capitisue
636 4690 765 4760 scapulee
775 4690 982 4762 praesegmina,

158 4755 366 4826 qureollerunt
378 4757 515 4813 Gilduino
539 4758 640 4814 abbati
666 4761 763 4816 Sancti
778 4761 899 4816 Victoris
926 4762 984 4834 pri-

158 4841 219 4881 mo.
234 4825 264 4880 in
279 4827 365 4895 cujrrs
381 4844 489 4882 manus
504 4833 574 4884 rot-a
588 4829 735 4891 emittunt,
752 4833 904 4903 sanctique
929 4839 985 4888 Au-

159 4895 268 4964 gustini
284 4898 427 4964 Regulam
442 4899 627 4978 profitentur.
641 4903 721 4955 Tune
733 4908 840 4972 praeter
864 4919 918 4974 pro
942 4909 985 4959 ter

159 4981 257 5022 annus
272 4971 350 5022 errat
372 4969 486 5024 llomrni
514 4969 687 5025 millesimus
709 4973 887 5028 aeritesimus
908 4919 985 5029 ‹Eoi-

157 5051 227 5092 mus
240 5037 374 5109 quintus,
390 5044 418 5094 et
432 5039 567 5097 decimus
582 5042 726 5122 septimus
738 5044 816 5098 lunii
830 5043 903 5103 aies.
922 5061 983 5116 quo

157 5107 393 5179 lraecactasunt,
410 5126 472 5165 nou
500 5111 562 5167 sine
592 5113 684 5169 divini
710 5113 841 5169 numinis
869 5113 982 5171 afflatu.

157 5178 432 5253 Hincpostaliquod
441 5186 559 5254 tompus
570 5184 890 5240 confirmatavotorum
899 5187 985 5241 emis-

158 5249 240 5306 sione
256 5252 341 5321 Hugo
357 5253 474 5325 philoso
498 5253 984 5327 liicisprimum,‹laindetheologi-

158 5320 200 5376 eis
215 5324 386 5379 monasterii
406 5271 514 5380 solroYis
533 5325 707 5397 praetleltmu
730 5341 859 5396 quarum
878 5326 984 5382 uberes

157 5389 270 5447 fructus
284 5393 491 5466 plaudentium
501 5397 707 5468 omnium,qui
720 5395 984 5462 huuemagistrum

157 5461 322 5532 audierant,
339 5467 516 5538 approbatio
531 5466 613 5522 brevi
627 5471 731 5522 testata
746 5471 798 5522 est.
815 5466 931 5540 Quippe
947 5485 984 5524 ex

195 5551 268 5624 (itt)
283 5552 406 5623 Speratt
414 5553 482 5610 bist.
496 5554 548 5612 lib.
562 5571 650 5622 111111,
666 5570 692 5611 e.
711 5558 753 5610 l8.

1038 3982 1088 4038 bio
1104 3982 1236 4039 lecerunt
1250 3988 1281 4038 ut
1296 3984 1392 4053 Hugo,
1408 3986 1436 4038 et
1451 3982 1497 4037 sui
1519 3983 1661 4054 temporis
1686 3981 1800 4036 clarum
1822 3981 1865 4036 lu·

1038 4069 1119 4121 men,
1132 4058 1159 4108 et
1175 4054 1248 4109 alter
1262 4053 1351 4109 tuerit
1371 4053 1538 4126 appellatus
1562 4052 1754 4122 Augustinus.
1783 4052 1865 4108 Unde

1039 4124 1131 4180 sancti
1144 4125 1283 4191 Thomas,
1298 4128 1326 4180 et
1339 4127 1557 4190 bonaventura,
1575 4125 1678 4180 Scotus
1692 4128 1721 4179 et
1734 4123 1783 4178 alii
1795 4122 1865 4179 doe·

1039 4199 1116 4250 tores
1132 4210 1147 4248 e
1163 4195 1266 4251 schola
1282 4198 1437 4266 liugonem
1451 4200 1589 4251 nostrum
1602 4211 1726 4250 suarum
1750 4199 1865 4250 senten·

1038 4265 1147 4322 tiorum
1161 4265 1309 4322 fautorem
1325 4266 1433 4338 saepius
1448 4265 1582 4329 laudant,
1600 4271 1629 4322 et
1642 4270 1804 4338 patronum
1822 4282 1866 4321 se-

1037 4341 1180 4408 quuntur.
1195 4340 1250 4392 lles
1265 4342 1309 4392 est
1322 4336 1419 4392 notior
1431 4352 1524 4409 quam
1535 4341 1567 4393 ut
1579 4336 1634 4393 illis
1654 4336 1866 4409 comprobetur

1038 4407 1192 4479 exemplis,
1237 4424 1282 4463 ure
1306 4407 1337 4462 in
1362 4406 1481 4462 illorum
1503 4407 1725 4463 commentariis
1752 4409 1865 4488 passim

1038 4482 1206 4534 occurrunt.
1245 4483 1311 4533 otus
1326 4492 1397 4548 ergo
1412 4477 1513 4533 litteris
1529 4482 1557 4534 et
1570 4478 1743 4533 monasticis
1753 4479 1866 4534 institu-

1038 4548 1291 4604 tionibusdeditus
1300 4548 1417 4604 nullum
1426 4549 1455 4603 in
1464 4549 1646 4605 monasterio
1661 4565 1772 4604 munus
1781 4565 1864 4604 eser-

1038 4620 1107 4686 cuit,
1123 4619 1285 4692 nequidem
1310 4619 1440 4693 prioris:
1469 4625 1584 4676 tantum
1610 4619 1695 4675 abest
1713 4624 1746 4675 ut
1769 4620 1865 4676 abbas

1039 4689 1123 4746 fuerit
1139 4696 1346 4763 contraquam
1361 4690 1539 4747 recentiores
1549 4690 1684 4747 nonnulli
1699 4691 1863 4758 Tritemius,

1040 4761 1136 4818 Sixtus
1164 4761 1313 4832 Senensis
1334 4761 1494 4817 dardanius
1520 4762 1723 4819 lateranensis
1746 4763 1866 4818 canoni-

1038 4848 1100 4896 eus,
1118 4832 1206 4887 etalii
1219 4848 1256 4887 ex
1281 4832 1392 4888 ineerta
1421 4832 1502 4888 fama
1526 4833 1731 4906 prodiderunt,
1761 4834 1866 4906 Supre-

1038 4918 1122 4957 mum
1138 4902 1218 4957 diem
1234 4902 1294 4970 egit
1309 4903 1393 4958 tertio
1410 4903 1477 4959 ldus
1504 4904 1653 4960 Februarii
1682 4904 1775 4959 atatis
1805 4920 1865 4959 sua

1038 4988 1118 5028 anno
1131 4975 1176 5042 11,
1196 4972 1299 5028 Christi
1318 4977 1396 5040 1110,
1421 4990 1482 5047 quo
1510 4975 1702 5031 auildumum
1724 4974 1865 5031 abbatem

1038 5043 1170 5115 primum
1185 5044 1281 5099 virere
1308 5044 1416 5111 adhuc,
1445 5050 1474 5101 et
1498 5046 1606 5101 vixisse
1625 5050 1729 5117 postea
1756 5046 1867 5117 signiti-

1038 5118 1107 5170 eant
1133 5115 1249 5188 scriptae
1278 5118 1315 5171 ad
1343 5116 1484 5172 cumdem
1507 5116 1653 5174 Caelestini
1676 5120 1762 5184 (nnn.
1797 5117 1864 5174 Chr.

1041 5186 1128 5256 1113),
1151 5186 1273 5256 Eugenii
1300 5187 1334 5242 111
1362 5186 1443 5256 (ann.
1472 5187 1538 5244 Chr.
1568 5191 1656 5257 1117),
1670 5188 1817 5244 anastasii
1833 5190 1866 5243 lV

1038 5257 1119 5328 (ann.
1137 5257 1203 5312 Chr.
1224 5261 1313 5324 1153),
1339 5256 1481 5313 Hadriani
1507 5261 1541 5314 lV
1569 5259 1650 5329 (ann.
1677 5259 1743 5315 Chr.
1775 5262 1865 5329 11511,

1038 5327 1179 5399 epistolia,
1203 5343 1271 5399 quar
1301 5329 1331 5383 in
1361 5329 1483 5384 archivo
1511 5329 1684 5385 monasterii
1712 5345 1867 5385 asservan-

1037 5401 1094 5453 tur.
1111 5401 1274 5455 llemorant
1288 5398 1456 5455 Vincentius
1469 5400 1685 5457 bellovacensis
1700 5400 1784 5472 (119),
1811 5404 1867 5457 llu-

1038 5468 1151 5525 randus
1178 5469 1356 5526 llimatensis
1387 5473 1461 5538 (2³0)
1500 5476 1529 5527 et
1560 5474 1689 5528 loannes
1725 5472 1867 5528 Parisieu·

1074 5557 1148 5630 (220)
1164 5562 1197 5615 ln
1211 5558 1368 5617 Rationali
1382 5557 1475 5627 atain,
1491 5560 1586 5629 officii
1600 5559 1652 5617 lib.
1668 5577 1705 5628 ιν,
1719 5576 1745 5617 c.
1762 5564 1808 5617 tr.
