3832 6044
175 138 224 192 tar
320 131 482 206 {HUGONlS
502 133 546 188 ilii
567 132 594 187 S.
615 128 769 186 traiani
782 122 855 185 OPP.
876 124 965 183 PARS
985 130 1005 182 1.
1025 146 1060 168 ¹·-
1080 124 1279 182 riccarius.
1302 154 1336 165 -
1356 127 1375 178 1.
1397 125 1430 179 ΙΝ
1453 122 1480 180 S.
1503 121 1727 179 scurrilium.
1833 127 1881 180 108

173 259 281 330 aipirtti
292 257 404 315 cubitos
419 257 599 314 altitudinis.
623 257 654 310 ln
668 255 725 310 hoc
735 257 816 326 patet
829 251 913 325 quod
932 266 997 307 ara·
1016 254 1039 307 Α
1054 251 1176 308 Hebraeo
1188 253 1245 308 hoc
1261 251 1302 305 sic
1317 249 1453 306 habetur.
1476 252 1509 305 tit
1523 248 1625 304 amnia
1644 247 1719 302 ostia
1734 251 1763 302 et
1776 252 1877 319 postes

173 349 274 404 cultim
289 348 393 418 viginti
409 347 515 402 cubitis
530 343 652 400 iniurius
679 346 743 398 erat
765 342 879 414 reliquo
896 340 999 397 doma.
1055 342 1203 416 quadrata
1218 357 1313 396 unum
1329 344 1432 396 cotrtra
1447 340 1582 395 alienun.
1602 337 1687 403 Quod
1702 336 1883 392 autemdicit

171 439 239 509 Sed,
255 443 281 495 et
297 440 396 494 attare
409 436 525 492 restittit
536 433 633 490 cedro.
645 434 703 488 Hoc
718 435 761 487 est
772 431 862 487 altare
874 429 1001 502 thymia·
1055 429 1112 498 hic,
1127 430 1202 487 ostia
1217 429 1374 503 truadrata,
1391 428 1420 483 id
1436 431 1488 495 cst,
1518 427 1648 498 desuper
1659 441 1719 481 non
1732 424 1880 492 rotunda3

171 527 269 593 matis,
285 526 368 598 quad
390 524 488 580 stabat
511 527 579 579 ante
601 521 767 586 oraculum,
791 520 880 576 idest
895 521 1001 576 Sancta
1055 520 1094 576 ad
1105 520 1362 594 comparationem
1372 518 1505 574 fortassis
1519 517 1632 573 dictum
1643 519 1687 571 cst
1697 531 1802 571 eorum
1814 533 1881 588 quus

172 619 353 671 sanctarum.
384 614 453 682 Sed,
483 619 511 669 et
543 617 637 668 tatum
659 613 758 667 attare
784 610 902 665 ct‘acttli
928 609 1002 664 tecit
1055 615 1139 667 erant
1154 610 1185 666 in
1200 609 1320 666 introitu
1335 607 1448 664 oraculi
1463 608 1503 662 sic
1520 608 1657 662 sarmata.
1677 605 1716 660 Et
1730 606 1882 674 perticum

171 720 256 761 utero.
274 707 375 776 ipsum
391 707 434 758 εει
459 717 519 773 quo
536 701 673 773 superius
701 699 770 755 texit
785 697 896 762 cedr0;
921 711 1001 753 nunc
1055 702 1263 758 cotunmarum
1276 702 1358 771 fecit,
1375 700 1473 766 idest,
1490 697 1638 771 porticum
1652 696 1682 752 in
1706 713 1768 768 quo
1783 695 1883 752 simili-

171 809 256 859 aura,
272 793 354 866 quod
371 792 469 847 staltat
484 798 552 846 anta
565 789 729 845 oraculum.
744 789 879 859 (liciaque
891 786 1001 843 cubita·
1055 796 1098 846 ter
1114 790 1269 847 columnas
1283 789 1393 863 posuit,
1407 788 1460 862 qui
1474 787 1605 860 porticus
1620 786 1710 855 longa
1722 788 1785 841 erat
1796 785 1882 858 quin-

171 900 238 938 rum
261 884 312 939 ata
337 881 489 937 eternam
510 894 583 950 urta,
609 877 852 934 subaudiendum
876 880 920 932 cst
942 875 1002 932 lata
1055 880 1199 952 quaginta
1227 879 1396 936 cubitorum
1429 876 1594 933 secundmn
1618 874 1804 932 latitudinem
1830 875 1881 930 do-

171 975 242 1038 erat,
264 977 292 1028 et
314 973 444 1042 qtrtupue
474 971 582 1040 attera,
608 974 641 1023 ut
665 983 683 1024 a
704 968 884 1036 summitate,
905 964 937 1020 itl
958 968 1001 1021 est
1054 985 1138 1025 mus:
1162 975 1190 1026 et
1203 970 1331 1026 atteram
1343 970 1494 1038 porticum
1510 968 1540 1023 in
1559 967 1639 1036 facie
1652 966 1777 1035 tnajcris
1790 967 1881 1033 pcrti-

170 1060 352 1117 extremitatc
368 1060 456 1114 tertias
473 1075 564 1129 casque
584 1058 625 1113 att
644 1059 842 1113 surrttnitatem
863 1055 999 1125 alterius,
1054 1072 1120 1130 cus,
1149 1057 1180 1114 id
1206 1063 1249 1115 est
1273 1063 1340 1114 ante
1364 1057 1512 1129 majorem
1539 1055 1697 1129 porticum.
1726 1054 1881 1110 Particum

170 1167 224 1222 pcr
239 1153 452 1215 transversum,
471 1147 580 1203 sedicet
594 1147 699 1202 decem
713 1148 811 1201 essent
821 1143 922 1211 cubiti,
938 1142 999 1199 lali·
1053 1162 1169 1219 petoque
1182 1149 1252 1204 sotii
1264 1149 1295 1204 in
1308 1163 1369 1220 pue
1383 1147 1520 1202 tribunal
1531 1145 1613 1214 fecit.
1630 1143 1743 1201 Solium
1757 1157 1882 1212 regnan-

171 1238 243 1295 tudo
257 1254 345 1310 taqua
360 1236 516 1293 altitudini.
543 1240 618 1292 iiam
633 1250 743 1308 eorpus
758 1233 903 1291 cherubin
924 1232 1000 1290 inter
1053 1237 1099 1304 lis,
1113 1234 1427 1308 tribunaljudicantis,
1452 1240 1481 1291 et
1495 1239 1538 1291 est
1552 1232 1737 1290 domuncula
1765 1231 1795 1287 in
1821 1247 1882 1305 qua

170 1324 286 1386 alarum
303 1327 521 1399 expansionem
538 1325 702 1382 tenebatur.
719 1325 882 1395 Posuitque
896 1322 999 1379 caeru·
1053 1326 1172 1382 sedetur
1184 1325 1457 1396 adjudicandum
1487 1339 1622 1380 seorsum
1646 1322 1686 1379 ad
1707 1319 1881 1379 dictandam

170 1418 226 1473 bitu
241 1418 272 1473 in
289 1418 382 1473 taedio
398 1417 502 1485 tempti
513 1417 675 1486 interioris,
688 1414 719 1470 id
734 1419 778 1471 est
791 1412 913 1480 oraculi,
934 1427 998 1467 vcr-
1052 1414 1240 1484 sententiam,
1263 1415 1311 1472 vel
1324 1415 1426 1489 palam
1442 1413 1481 1470 ad
1505 1409 1726 1488 proferendam.
1749 1413 1821 1468 Tam
1836 1411 1880 1466 in-

169 1506 208 1562 sis
223 1505 354 1562 vultibus
380 1505 419 1561 ad
443 1505 587 1561 orientem
601 1504 631 1561 in
642 1502 880 1577 propitiatorium
896 1517 997 1558 eoram
1053 1506 1210 1572 trinsecus,
1228 1518 1318 1576 quam
1333 1505 1518 1562 extrinsecus
1531 1503 1652 1573 serrati,
1667 1501 1697 1557 id
1712 1504 1755 1556 est
1768 1499 1840 1556 secti
1854 1502 1882 1554 et

169 1597 309 1669 positum.
324 1599 364 1652 tta
379 1600 410 1650 ut
423 1595 496 1651 alter
511 1595 558 1651 ala
568 1608 629 1650 una
642 1593 786 1666 parictem
796 1591 997 1649 meridianum
1016 1610 1036 1667 p
1051 1593 1134 1668 politi
1148 1593 1179 1650 in
1195 1598 1320 1667 utraque
1335 1592 1491 1666 superficie
1501 1591 1631 1666 parietis.
1647 1591 1687 1647 et
1698 1591 1881 1647 extrinsecae

167 1691 310 1756 tangeret,
334 1684 406 1741 alter
430 1684 553 1741 alanna
569 1682 840 1756 septentrionalem,
867 1681 997 1754 reliquas
1051 1697 1144 1755 usque
1157 1683 1198 1741 ad
1211 1686 1310 1755 majas
1329 1684 1441 1739 atrium
1456 1685 1594 1755 porrecto
1608 1679 1659 1737 tali
1673 1694 1773 1753 opere.
1789 1679 1881 1749 ltajus

167 1776 244 1832 duas
263 1775 432 1831 adinvicem
445 1775 605 1846 jungerent
620 1774 650 1828 iu
673 1771 774 1828 medio
788 1771 899 1828 crocini
915 1775 998 1828 tanta
1052 1773 1160 1829 atrium
1175 1771 1472 1840 exuinsecusminus
1483 1769 1734 1827 atriuminterius.
1746 1769 1880 1838 Necnon,

168 1864 252 1921 lieret
264 1863 397 1919 extensio
412 1863 539 1930 alarum,
556 1867 669 1936 quanta
684 1861 739 1917 fuit
753 1860 878 1918 latitudo
893 1876 997 1916 cracu-
1052 1866 1080 1919 et
1095 1863 1126 1918 in
1147 1862 1225 1919 atrio
1247 1863 1351 1919 domus
1365 1861 1487 1918 Domini
1499 1860 1657 1931 interiori,·
1675 1863 1704 1916 et
1717 1858 1749 1914 in
1760 1858 1881 1928 porticu

167 1955 197 2012 ii.
214 1956 252 2011 Et
262 1956 335 2026 fecit
349 1956 381 2010 in
394 1952 558 2024 eis,scilicet
572 1951 744 2025 parietibus,
758 1949 997 2023 citet·ubim,alias
1052 1951 1155 2008 domus
1169 1952 1302 2021 Datnini,
1317 1951 1373 2007 tale
1389 1966 1466 2024 opus
1480 1949 1593 2006 lactum
1606 1953 1659 2005 est.
1681 1946 1767 2015 Quod
1780 1950 1880 2004 autem

168 2046 280 2102 larinas
295 2043 450 2101 cherubim
461 2043 492 2099 in
507 2042 632 2098 diverns
642 2041 716 2098 locis
730 2040 853 2114 sculpsit
863 2040 893 2096 in
904 2039 998 2114 pcne-
1052 2040 1082 2096 in
1107 2043 1254 2097 structura
1277 2040 1424 2112 parietum
1448 2055 1501 2113 per
1522 2039 1621 2095 varios
1644 2036 1773 2104 ordines,
1801 2050 1881 2091 nuuc

167 2134 266 2200 tibus;
282 2140 309 2190 et
323 2132 441 2202 palmas
455 2147 611 2202 tirannum,
627 2135 654 2187 et
664 2131 741 2188 alias
754 2132 870 2201 figuras
885 2130 997 2186 cumas.
1052 2129 1226 2202 quadratae,
1242 2128 1302 2186 sive
1324 2129 1432 2202 politos
1458 2128 1574 2203 lapides
1600 2126 1710 2201 posuit,
1733 2141 1815 2182 nuno
1836 2141 1882 2181 ce-

167 2226 203 2281 In
219 2226 355 2295 inpressu
366 2223 485 2278 oracul-i
494 2222 567 2292 fecit
579 2221 686 2278 ostiola
699 2221 768 2292 dua,
780 2224 813 2276 ut
827 2223 895 2293 post
906 2218 999 2275 ‹leter-
1053 2218 1134 2287 droa,
1150 2217 1181 2273 id
1203 2223 1248 2275 εει
1260 2218 1342 2289 ligna
1361 2218 1555 2292 imputribilia
1567 2235 1574 2286 3
1591 2216 1701 2274 idcirco
1713 2216 1837 2282 lactum,
1850 2217 1884 2272 ut

167 2310 270 2368 minat.
293 2311 359 2366 Duo
383 2309 459 2364 ostia
485 2307 521 2365 de
544 2308 633 2379 lienis
653 2306 785 2377 uticanis
808 2306 998 2376 altrinsecus,
1052 2307 1179 2364 varietas
1198 2307 1265 2381 ipsa
1279 2311 1434 2364 structurae
1448 2308 1558 2378 gratior
1576 2305 1883 2379 fleretatquc'deoen·

168 2400 278 2457 scilieet
292 2414 387 2456 unum
410 2398 468 2465 bic,
486 2397 613 2454 alterum
627 2396 717 2452 illinc.
733 2396 772 2452 Ει
785 2400 999 2466 utrumquem·
1054 2397 1119 2454 tior.
1148 2397 1212 2454 lilia
1238 2390 1338 2455 autem
1362 2397 1483 2454 luerunt
1506 2397 1581 2455 atria
1605 2397 1715 2453 domus
1743 2394 1881 2461 Domini;

169 2492 242 2547 tium
256 2489 371 2558 duplae
381 2494 457 2558 erat,
471 2486 502 2543 id
516 2491 560 2543 cst
572 2486 648 2542 duas
663 2485 767 2542 valvas
779 2484 913 2552 habens3
929 2489 957 2541 et
969 2498 999 2540 se
1054 2486 1112 2544 alia
1126 2487 1236 2544 domus
1250 2489 1339 2558 regis,
1355 2488 1418 2544 sive
1432 2488 1607 2556 extrinseca,
1624 2487 1685 2544 sire
1711 2485 1881 2543 intrinseca.

167 2581 293 2635 invicem
310 2583 419 2646 tenens,
437 2576 510 2648 quia
525 2591 666 2632 connexae
682 2573 774 2630 valvae
790 2574 829 2630 ad
840 2577 957 2646 postem
967 2573 997 2628 in
1052 2577 1093 2632 et
1104 2577 1206 2646 finatt,
1220 2576 1251 2633 id
1265 2581 1309 2633 est
1328 2576 1486 2634 artificiose
1501 2576 1671 2650 composuit
1684 2575 1730 2632 rel
1744 2573 1883 2631 formarit

169 2665 271 2723 medio
284 2663 416 2736 positum
431 2664 655 2733 aperiebantur.
664 2663 872 2731 Etaaificuait
886 2662 997 2718 atriutn
1053 2666 1129 2723 duas
1157 2667 1433 2741 columnasflareus,
1460 2666 1491 2722 id
1519 2671 1562 2722 est
1588 2682 1625 2722 ex
1652 2681 1709 2722 sere
1736 2663 1829 2722 tusas.
1845 2667 1883 2718 is

168 2756 306 2825 interius,
319 2752 401 2826 quod
417 2751 555 2810 exteriori
571 2751 754 2821 cingebatur.
770 2752 927 2821 Dispositis
947 2752 999 2807 tri·
1053 2759 1089 2812 tte
1113 2754 1251 2811 columne
1265 2771 1327 2811 non
1342 2756 1382 2812 ad
1396 2755 1577 2828 portandam
1598 2754 1754 2822 fabricam,
1775 2753 1829 2809 scd
1843 2751 1882 2808 ad

171 2843 224 2900 ius
235 2842 390 2900 ordinibus
398 2845 430 2898 tn
440 2841 568 2912 pariete,
583 2841 678 2897 tribus
690 2840 825 2911 tammum
832 2841 997 2911 petitarum
1053 2849 1193 2902 orannim
1215 2843 1300 2902 laeta
1316 2849 1394 2916 sunt,
1417 2849 1446 2901 et
1468 2845 1498 2901 in
1518 2844 1634 2918 porticu
1648 2843 1751 2918 templi
1766 2847 1880 2901 erecte.

169 2939 197 2991 et
211 2949 273 2990 ano
286 2934 437 3003 tignorum
453 2931 543 2988 cedri.
1018 2935 1232 3027 Caltitudines
1260 2935 1421 2993 octodecim
1449 2936 1617 2992 cubitorum
1631 2947 1644 3006 ;
1671 2934 1702 2990 in
1740 2932 1881 3000 circuitu,

205 3024 250 3096 (itt
264 3026 332 3079 Rea.
346 3022 412 3093 Vttl.
427 3021 608 3089 AEdifieacit
632 3035 748 3093 quoque
761 3019 881 3076 cicinum
901 3021 997 3076 saltus
1052 3025 1214 3082 duodecim
1237 3025 1417 3093 cubitorum,
1445 3025 1503 3082 hoc
1525 3028 1569 3081 est
1593 3023 1677 3097 quod
1706 3024 1785 3081 linea
1809 3024 1882 3079 duc-

169 3113 286 3170 Libam'.
317 3114 438 3185 Propter
467 3109 698 3167 immensitatem
721 3114 749 3166 et
776 3108 997 3166 multitudinem
1052 3116 1146 3174 decim
1167 3116 1335 3172 cubitorum
1357 3114 1504 3173 ambulat
1522 3117 1693 3172 colamnam
1711 3104 1905 3185 utramqtte,'

168 3201 267 3277 operis
283 3199 370 3257 saltui
385 3204 577 3273 comparatur
590 3198 701 3255 domus
717 3216 724 3267 ;
746 3197 794 3254 vei
805 3197 877 3271 quia
892 3213 929 3254 ex
947 3196 997 3253 illo
1051 3205 1116 3262 hee
1130 3210 1193 3262 erat
1207 3218 1351 3263 mensure
1363 3203 1566 3261 rotunditatis.
1590 3202 1706 3261 Silices
1720 3201 1882 3260 duodecim

167 3292 293 3351 miliaria
313 3294 435 3363 sumpta
449 3294 502 3347 asi.
527 3292 662 3358 Quattuor
689 3289 904 3346 deambulacra
918 3288 998 3344 iniat*
1052 3293 1222 3351 cubitorum
1250 3294 1427 3366 cingeretur,
1457 3291 1589 3350 ambiret
1616 3308 1683 3349 eam
1719 3296 1748 3348 et
1787 3295 1882 3348 totam

168 3383 322 3439 columnas
337 3380 475 3436 cedrinas
485 3381 601 3450 secit,et
613 3379 756 3437 tabulatis
770 3378 899 3435 cedrinis
913 3378 998 3434 uesti—
1051 3384 1264 3442 rotunditatem
1287 3384 1351 3455 ejus
1382 3382 1639 3455 complecteretur,
1665 3381 1716 3437 vet
1749 3379 1883 3437 ambitus

167 3472 210 3527 vit
236 3474 328 3527 totam
355 3483 515 3539 cameram,
540 3482 605 3540 qua
633 3469 838 3541 quadrariam
866 3470 997 3541 quinque
1052 3474 1200 3532 calumme
1215 3472 1381 3530 secundum
1405 3472 1529 3529 ductum
1543 3471 1692 3527 bacarum
1720 3466 1883 3526 duodecim

168 3558 313 3615 coturnnis
325 3556 559 3612 sustentabatur.
574 3557 655 3612 Unus
669 3563 767 3613 autem
782 3556 855 3613 orda
870 3556 997 3614 taleam
1052 3563 1221 3620 cubitorum
1235 3566 1307 3631 erat,
1330 3561 1378 3618 vel
1398 3560 1477 3618 linea
1492 3560 1571 3617 fusili
1585 3572 1675 3634 opere
1696 3558 1736 3615 itti
1756 3559 1883 3615 cneum·
1900 3550 1906 3627 J

168 3648 322 3704 columnas
341 3645 518 3717 quindecim.
535 3645 707 3701 &cundum
728 3644 808 3701 hane
831 3644 997 3719 dispositio-
1051 3653 1142 3709 ducta
1161 3649 1313 3708 ambiebat
1334 3666 1402 3707 eam
1425 3648 1586 3707 duodecim
1607 3649 1777 3706 cubitorum
1797 3642 1904 3722 Capi?

167 3751 238 3793 nem
261 3740 319 3792 tres
333 3733 455 3791 ordines
474 3732 651 3790 intrinsecus
666 3736 753 3790 erant
767 3731 996 3802 columnmum
1051 3739 1121 3799 tella
1135 3737 1359 3797 summitatibus
1374 3740 1585 3797 columnarum
1609 3738 1797 3812 superposita
1818 3740 1908 3794 mas

167 3830 196 3883 ct
218 3830 348 3899 quatuor
376 3821 601 3893 deambulacra,
623 3824 681 3880 hoc
703 3827 748 3880 est
771 3823 939 3881 intervalla.
965 3828 998 3882 tit
1053 3845 1113 3902 gna
1127 3835 1212 3886 erant
1231 3828 1349 3900 singula
1371 3827 1525 3885 altitudine
1548 3827 1682 3901 quinque
1700 3826 1906 3893 cubitorum,'

166 3915 241 3973 inter
261 3914 448 3972 columncss
464 3912 574 3987 pariete
591 3928 686 3987 usquc
710 3912 750 3969 ad
773 3912 906 3987 primum
921 3914 998 3972 ordi·
1052 3934 1183 3993 quorum
1198 3934 1284 3992 opus,
1306 3922 1335 3975 et
1352 3917 1467 3974 iactura
1480 3917 1547 3974 talis
1560 3915 1744 3973 describiutr.
1765 3900 1908 3997 Utrum-J

166 4017 247 4072 nem,
269 4018 364 4059 unum
386 4002 593 4073 inmmsssum5
620 4001 750 4076 apmmo
765 4003 804 4060 ad
819 4004 996 4073 noandum,
1052 4025 1109 4082 qne
1128 4009 1302 4081 capitelium
1319 4007 1414 4079 fusile
1428 4002 1506 4080 erat,
1525 4006 1613 4081 quasi
1626 4005 1657 4064 in
1671 4004 1797 4063 madum
1812 4004 1883 4062 retis
1901 4004 1906 4015 “

166 4091 311 4161 &ieiumi
328 4092 460 4151 seeundo
476 4108 572 4166 thue
592 4092 631 4150 ad
651 4093 770 4150 tertium
795 4092 894 4162 atiad;
911 4103 928 4150 a
943 4097 999 4150 iti·
1053 4103 1082 4157 et
1104 4100 1278 4155 catenarum
1305 4097 1361 4154 sibi
1384 4095 1512 4154 invicem
1539 4095 1616 4153 miro
1643 4108 1733 4170 opere
1764 4076 1907 4151 canwx-'

165 4182 207 4240 tio
234 4186 334 4241 autem
357 4190 454 4257 usque
469 4182 509 4240 cd
523 4182 667 4255 parietem
680 4182 788 4239 iterum
803 4181 931 4239 aliudin
946 4185 999 4239 tle-
1054 4193 1162 4246 tarum.
1179 4186 1443 4254 Quemadmodum
1457 4200 1494 4242 ex
1506 4185 1563 4242 hac
1577 4183 1776 4258 descriptione
1790 4156 1907 4258 appa-⁵

164 4269 247 4329 broeo
261 4272 390 4331 habetur
406 4288 412 4328 :
438 4271 582 4330 Tabulata
596 4271 719 4330 cedrina
732 4272 862 4346 desuper
876 4272 1002 4329 ordinas
1016 4320 1040 4388 n
1052 4283 1098 4336 ret
1109 4277 1176 4350 ipsa
1196 4275 1332 4350 capitella
1346 4290 1408 4333 non
1428 4275 1533 4343 solida,
1558 4274 1611 4331 sed
1632 4272 1783 4348 perforata
1796 4271 1884 4329 undi-
1898 4238 1913 4369 ξ

165 4360 911 4437 columnarumquadragintaquinqueauindecim
919 4379 998 4420 unus
1053 4383 1111 4442 que
1127 4366 1195 4423 lusa
1218 4370 1296 4434 sunt,
1320 4368 1353 4422 ut
1373 4364 1574 4421 connexiones
1589 4378 1693 4420 eorum
1707 4362 1881 4432 introrsum,
1902 4422 1910 4437 ,ρ

165 4451 345 4519 ordo.Quod
361 4450 403 4509 sic
417 4451 540 4523 intelligi
555 4456 662 4526 potest,
679 4457 712 4510 ut
722 4467 783 4510 non
798 4452 999 4526 qnadraginta
1053 4461 1082 4514 et
1097 4455 1225 4512 exterius
1240 4454 1309 4511 retis
1328 4453 1458 4511 formam
1482 4453 1691 4526 exprimerent.
1717 4453 1790 4518 Qua
1814 4464 1885 4508 con·

165 4542 299 4617 quinque
321 4540 489 4611 columnas,
517 4534 739 4610 sed'tahulata
764 4542 795 4599 id
817 4547 862 4599 est
879 4541 998 4601 mitulus
1053 4545 1196 4604 nexiones
1225 4547 1253 4601 et
1282 4543 1463 4618 perplexitas
1490 4546 1604 4616 septem
1629 4541 1728 4598 modis
1756 4541 1795 4598 ab
1820 4540 1883 4597 imo
1896 4539 1914 4621 ,'

165 4630 366 4707 quadraginta
379 4633 524 4705 quinque,
543 4632 654 4706 quibus
669 4630 839 4690 enodatum
858 4647 998 4707 compac-
1053 4648 1174 4693 sursum
1201 4634 1233 4690 in
1258 4632 1385 4707 capitelli
1411 4630 1527 4690 ambitu
1553 4631 1674 4688 variata
1699 4633 1777 4698 sunt,
1804 4624 1903 4704 quos'

166 4720 230 4775 tum
243 4722 364 4776 estesse
378 4720 516 4777 meamus
527 4740 535 4789 ;
548 4725 645 4779 ottres
659 4722 780 4779 ordines
792 4722 822 4778 in
836 4722 996 4793 nabrdato,
1053 4725 1162 4782 modos
1175 4726 1288 4797 septem
1312 4737 1417 4780 versus
1431 4723 1545 4779 notant.
1561 4719 1672 4777 Deinde
1686 4719 1748 4776 dno
1762 4718 1882 4775 ordines
1897 4702 1915 4783 J

165 4823 296 4882 quorum
319 4809 428 4880 singuli
452 4809 625 4882 quindecim
649 4811 766 4868 tabulm
794 4812 995 4870 eminebant.
1053 4813 1330 4884 malogranatarum
1359 4810 1390 4868 in
1418 4809 1543 4868 cncuitu
1570 4807 1740 4882 capitellum
1760 4807 1904 4873 ambio-J

164 4899 225 4955 lloc
250 4901 294 4954 est
308 4897 391 4971 quod
405 4897 486 4966 dicit,
503 4904 700 4972 cooperatura
723 4906 781 4958 tres
803 4902 932 4971 ordines,
949 4918 998 4959 su·
1053 4902 1137 4970 bant,
1153 4906 1186 4959 ut
1205 4901 1271 4975 ipsa
1284 4901 1493 4973 malogranata
1516 4899 1698 4956 extrinsecus
1722 4880 1903 4972 prudentia}

164 4984 308 5044 hauditur
321 4986 462 5057 habebat,
478 4988 654 5062 recipientes
673 4990 800 5049 alterum
817 4992 856 5048 ad
870 4991 997 5049 alterum
1053 4992 1141 5066 quasi
1167 4995 1265 5064 tegere
1288 4991 1458 5048 riderentur
1485 4988 1628 5047 retiactda
1663 4987 1881 5062 capitellorum,
1897 4976 1914 5069 ἴε

165 5080 217 5135 ter.
234 5081 267 5134 ln
281 5076 355 5150 ipsis
367 5077 492 5135 ordibus
507 5078 632 5150 singulae
648 5078 757 5137 tabula
769 5080 883 5137 ordinis
906 5081 997 5138 unius
1051 5080 1084 5137 id
1099 5085 1143 5138 cst
1153 5080 1219 5154 ipsa
1234 5080 1380 5154 capitella,
1396 5092 1463 5154 qua
1477 5084 1562 5137 erant
1575 5092 1665 5152 super
1679 5076 1881 5134 summitatem
1897 5100 1911 5137 ‚t

165 5167 298 5239 singulas
322 5167 440 5225 tabulas
460 5167 581 5225 alterius
604 5169 717 5226 ordinis
736 5170 890 5244 oppositas
904 5170 996 5243 respi·
1052 5170 1272 5228 columnarum.
1307 5171 1457 5240 Capitalia
1485 5173 1584 5226 autem
1610 5169 1678 5239 ista,
1706 5180 1771 5240 qua
1794 5168 1899 5248 erant,

165 5257 303 5327 ciebant3
328 5258 369 5316 ita
387 5259 470 5333 quod
489 5259 582 5317 altera
605 5259 645 5317 ad
669 5259 793 5316 alteram
812 5259 996 5330 jungebatur
1052 5261 1357 5331 superseminantem
1383 5261 1591 5317 cataractarum
1606 5257 1696 5331 quasi
1715 5269 1802 5327 opere
1825 5253 1904 5331 ulit,

164 5347 218 5411 ter,
242 5346 345 5417 idest,
368 5354 426 5405 tres
442 5349 472 5405 iu
497 5349 622 5420 singulis
637 5349 796 5406 ordinibus
813 5348 878 5406 aliis
899 5347 994 5405 tribus
1049 5349 1205 5421 fabricata
1220 5354 1318 5420 erant,
1334 5347 1365 5404 id
1389 5352 1442 5418 cst,
1467 5349 1497 5404 in
1518 5348 1631 5406 eisdem
1655 5343 1798 5419 capitellis
1812 5354 1882 5402 cum

164 5433 285 5491 attenua
299 5437 411 5495 ordinis
434 5439 580 5513 appositis
604 5442 860 5507 connecterentur,
877 5438 995 5495 insertis
1051 5437 1267 5507 malogranatis
1296 5435 1458 5493 similitudo
1477 5436 1617 5495 loliorum
1637 5434 1689 5492 lilii
1713 5434 1793 5491 iacta
1820 5420 1904 5490 erat*

165 5521 312 5595 capitibus
336 5524 457 5582 alterius
479 5528 519 5584 ad
542 5527 677 5586 alteram.
703 5530 744 5585 nt
765 5542 855 5598 nuper
882 5529 993 5585 cotum·
1051 5528 1180 5602 desuper
1208 5527 1237 5583 ln
1275 5525 1356 5600 ipsis.
1388 5524 1473 5594 Quod
1508 5525 1664 5601 sequitur:
1702 5524 1738 5581 In
1759 5526 1914 5599 porticu,

163 5626 219 5675 nus
246 5614 496 5686 incarceratam
517 5618 601 5688 tt'ana
620 5619 653 5678 iu
667 5618 934 5691 arctamenta.
960 5621 994 5678 tn
1051 5622 1182 5694 quatuor
1208 5617 1390 5691 coauctam„
1413 5616 1577 5676 obscurum
1605 5619 1657 5674 cst.
1687 5616 1721 5674 iit
1747 5613 1883 5678 lonassis
1895 5606 1907 5641 ⁴¹
