3832 6044
147 168 178 222 st
239 207 241 211 .
299 160 451 219 llUGONlS
471 164 516 218 DE
537 163 564 219 S.
586 163 734 220 vicians
752 161 829 219 ΟΡΡ.
848 160 936 218 PARS
955 162 977 217 l.
997 186 1032 202 -·
1053 159 1702 221 execenm.-1.1NS.sen1Prunau.
1823 170 1864 222 92

149 287 302 360 Beniamin
315 303 369 361 per
381 287 500 346 Sarrlem
511 287 629 373 scilieet,
642 288 696 361 qui
706 291 846 345 nascetur
857 287 894 344 de
903 290 973 343 Beu-
987 289 1011 342 h
1028 287 1103 359 quid
1113 287 1219 357 sgittis,
1236 289 1339 362 etipsa
1351 289 1415 346 haec
1434 289 1501 346 loca
1511 289 1614 345 iecisse
1628 290 1777 354 dicuntur,
1790 306 1859 362 qino

146 378 260 450 jamin3
276 377 429 434 dimicabit
439 377 516 446 dico,
532 376 564 433 in
577 377 707 451 populos
717 381 794 445 tuos,
808 377 893 437 idest
907 391 976 432 oon·
1030 375 1070 432 ab
1084 376 1253 435 hominibes
1279 379 1310 435 in
1325 380 1367 435 eis
1392 380 1469 436 iacta
1482 385 1570 448 sunt3
1584 379 1636 446 sic,
1662 384 1690 435 et
1715 380 1806 436 stelles
1821 379 1859 435 de

149 472 195 524 tra
207 467 336 540 populos
351 472 426 536 tuos,
443 467 604 536 camales,
621 467 780 540 Sequitur:
795 469 839 524 Dc
856 467 977 523 Machir
1030 467 1106 523 coelo
1119 466 1260 538 dipuntur
1272 468 1386 532 iecisse,
1400 470 1483 542 quod
1497 469 1539 525 eis
1554 469 1718 542 praesidens
1738 470 1768 524 in
1784 469 1859 524 coelo

27 546 31 551 ’
147 558 299 627 principes
312 556 539 628 descenderunt,
553 563 581 613 et
596 557 633 613 de
641 557 781 613 Zabulon
797 557 851 627 qai
866 557 977 612 enerci-
1031 559 1107 612 neus
1122 557 1198 614 iecit.
1212 558 1316 616 Stelloe
1328 566 1481 616 maumites
1501 561 1533 616 io
1556 560 1663 616 ordine
1676 575 1730 616 sao
1741 575 1861 629 pergae-

149 651 212 702 tam
230 647 373 702 ducerent
397 647 437 702 ad
461 646 644 703 bellandam.
661 650 720 703 lloc
740 647 779 702 ad
798 651 976 719 praesentem
1031 652 1148 702 omitt.
1177 648 1371 704 mtentiouem
1398 652 1426 704 et
1452 648 1599 705 rationem
1619 648 1747 706 ostendit
1769 649 1799 704 iu
1824 665 1860 705 eo

148 734 302 792 historiam
327 740 449 809 spectat.
473 736 586 793 Laudat
607 737 687 792 enim
708 736 783 802 illos,
800 737 852 809 qui
871 735 978 791 della·
1030 735 1113 808 quod
1128 735 1187 792 ait:
1201 739 1350 794 Manantes
1374 738 1405 793 in
1420 738 1524 794 ordine
1538 754 1604 795 suo.
1620 740 1737 796 llanent
1767 738 1858 804 enim,

148 824 222 893 chir,
237 825 298 881 sive
317 824 355 882 do
370 826 513 895 Zabulon,
528 827 589 882 sive
604 827 641 882 de
658 827 801 893 issachar,
817 841 873 898 pro
883 841 978 898 popu·
1031 824 1083 879 nbi
1097 840 1214 881 moram
1241 826 1362 892 iaciunt,
1378 833 1407 884 et
1431 828 1621 884 vehementer
1644 827 1810 884 intendunt.
1828 831 1859 883 ln

148 914 178 971 lo
192 930 248 970 suo
262 914 423 972 discrimen
437 916 507 972 belli
530 916 629 974 subire
643 931 704 973 non
719 916 978 972 drmitaverunt.l2
1032 913 1136 970 ordine
1150 917 1250 973 subm
1265 922 1397 981 manent,
1413 917 1466 973 uhi
1482 918 1511 972 in
1526 933 1561 974 eo
1589 917 1673 991 quod
1701 923 1861 988 agimtra-

149 1005 299 1061 contrario
327 1006 425 1084 arguit
438 1022 499 1072 eos,
516 1005 568 1079 qui
597 1006 860 1072 sesubhaxerunt,
876 1005 907 1061 id
934 1010 979 1061 est
1032 1004 1143 1060 tionem
1161 1020 1222 1060 non
1250 1005 1400 1065 deserum.
1428 1007 1600 1064 Maledicite
1626 1013 1716 1064 tersa
1742 1007 1860 1063 Meroth

149 1093 253 1151 Ruben
267 1097 297 1152 et
323 1095 395 1161 Gad,
411 1096 459 1153 vel
486 1096 607 1164 Galaad,
636 1102 664 1152 et
690 1099 764 1163 ban,
789 1101 819 1152 et
839 1100 920 1162 aser,
950 1099 980 1152 et
1033 1096 1140 1166 [Meros
1154 1110 1207 1151 seu
1221 1096 1353 1168 Meretri,
1367 1098 1444 1153 dicit
1454 1098 1579 1168 angeles
1589 1099 1718 1154 Domini.
1730 1096 1862 1153 velnun-

148 1185 257 1254 dignos
271 1184 404 1242 irrisione
417 1200 472 1259 pro
487 1203 542 1243 sua
556 1186 794 1244 dissimulatione
808 1191 901 1244 notat.
918 1188 978 1242 lloc
1032 1184 1089 1240 tius
1105 1185 1157 1240 bei
1166 1184 1204 1240 ad
1215 1201 1263 1241 me
1275 1186 1398 1242 veniens
1412 1185 1494 1254 dixit,
1510 1186 1557 1242 vel
1570 1202 1625 1255 ego
1645 1186 1711 1258 ipsa
1734 1184 1860 1255 augelus

149 1276 289 1348 estquod
304 1276 457 1350 sequitur:
474 1279 575 1334 Divisa
600 1284 705 1335 caetra
720 1277 877 1349 scitabere,
898 1291 980 1348 mag·
1033 1273 1083 1330 Dei
1094 1273 1221 1331 existens
1235 1273 1304 1330 dico
1317 1274 1404 1331 vobis
1414 1291 1450 1331 ex
1459 1279 1548 1348 'porte
1563 1277 1638 1347 ejus,
1655 1279 1687 1330 ut
1702 1274 1862 1330 maledica-

149 1367 342 1424 aaaimorum
361 1374 481 1437 reperta
509 1374 551 1427 est
566 1371 724 1425 contentio.
742 1372 773 1425 ln
799 1367 922 1424 hebraeo
937 1367 979 1422 sio
1033 1365 1069 1421 tis
1082 1369 1166 1421 terres
1182 1365 1300 1422 lleroth.
1318 1368 1430 1422 Nomen
1445 1369 1489 1422 est
1512 1364 1641 1436 regionis
1657 1364 1703 1420 rel
1728 1363 1862 1420 hominis

149 1456 294 1513 habetur:
311 1457 456 1528 Billagoth
482 1459 577 1515 ruben
592 1453 726 1529 gotholib
739 1457 892 1515 helchiche
918 1457 978 1514 lem
1033 1454 1213 1526 possessoris
1228 1455 1293 1526 ejus
1307 1470 1326 1510 a
1339 1471 1400 1529 quo
1420 1455 1498 1512 dieta
1513 1459 1557 1512 est
1571 1461 1648 1511 terra
1661 1453 1779 1510 Meroth.
1796 1455 1864 1509 Ma-

149 1532 281 1636 25-ippn
303 1532 390 1610 nim
412 1559 496 1638 psas
520 1560 649 1616 mmm
680 1550 711 1606 id
738 1554 782 1605 est
821 1550 979 1606 divisiones
1035 1544 1151 1599 ledicite
1163 1543 1382 1601 habitatoribus
1406 1547 1480 1615 ejus.
1498 1544 1604 1602 Subrlit
1625 1559 1750 1599 oausam
1766 1560 1773 1598 :
1789 1545 1860 1613 quia

148 1636 253 1694 liabeo
267 1652 380 1708 magna
403 1638 556 1695 calliditas
584 1640 690 1696 cordis.
709 1639 794 1707 Quod
810 1638 850 1694 sie
877 1638 1016 1698 intelli-a
1033 1648 1093 1688 tlon
1108 1640 1254 1690 aenaeae
1266 1634 1307 1689 (ld
1320 1635 1469 1691 auxilium
1484 1634 1612 1701 nemaei,
1626 1633 1656 1688 id
1672 1636 1715 1689 0⁸²
1729 1634 1760 1687 in
1775 1632 1862 1701 adjac-

149 1725 282 1796 gendum
295 1730 412 1800 putant.
434 1730 476 1783 Ex
489 1742 602 1798 magna
617 1728 775 1785 calliditate
793 1728 892 1785 cordis
906 1727 979 1784 divi·
1035 1723 1144 1778 lorium
1154 1723 1398 1792 fortissimorum·

149 1814 187 1872 sit
200 1830 232 1870 se
245 1814 350 1871 liuben
362 1815 401 1872 ab
413 1815 488 1884 aliis,
504 1815 682 1874 atterminos
696 1817 865 1888 suoslouge
880 1818 981 1890 posuit
1069 1810 1302 1882 (trallianos
1322 1818 1443 1884 patrem
1467 1813 1593 1882 familie
1613 1811 1787 1882 decimari]
1811 1813 1862 1865 Pa-

150 1919 167 1961 a
182 1903 348 1978 frequentia
360 1904 509 1963 bellorum
524 1905 554 1962 in
569 1905 619 1963 tali
638 1907 783 1963 divisione
798 1906 837 1963 ab
852 1911 979 1980 utraque
1034 1904 1109 1957 trem
1118 1900 1167 1956 hic
1177 1900 1421 1972 dicit,majorem,
1434 1901 1592 1967 seniorem,
1607 1899 1861 1957 honorabiliorem

149 1997 242 2067 parte,
266 1999 300 2050 ut
323 1994 525 2068 undecunque
541 1995 603 2052 sive
619 1996 690 2053 hino
717 1996 779 2052 sive
797 1995 877 2052 illino
901 1995 980 2051 bella
1034 1988 1110 2045 inter
1122 1988 1197 2045 alios
1209 1989 1288 2046 illius
1300 1990 1430 2058 familia,
1444 1991 1481 2046 de
1497 2007 1558 2063 que
1572 1995 1600 2047 et
1612 1989 1675 2063 ipse
1690 1989 1753 2045 tuit.

150 2085 313 2152 surgerent,
323 2081 442 2141 adeum
453 2084 777 2158 securequiesoentem,
787 2100 848 2142 non
859 2085 980 2158 pondus
1069 2079 1138 2149 tlon.
1155 2079 1209 2150 lli.)
1223 2081 1266 2136 De
1278 2080 1354 2149 sono
1368 2080 1556 2136 Baolberitb.
1573 2079 1669 2135 Berith
1691 2079 1862 2147 coniuratio

149 2171 253 2243 praelii,
269 2171 322 2229 sed
337 2171 440 2228 sibilus
466 2177 582 2230 tantum
597 2172 670 2230 levis
684 2174 773 2231 famae
802 2173 978 2247 perveniret.
1035 2167 1243 2241 interpretatur
1255 2169 1325 2224 hinc
1334 2168 1501 2225 baalberith
1511 2169 1625 2225 idolum
1637 2166 1861 2239 conjurationis.

150 2260 233 2317 Unde
247 2261 350 2319 subdit
364 2280 371 2318 z
390 2263 489 2331 Quare
503 2263 631 2336 habitas,
644 2264 762 2332 scilicet,
779 2281 797 2320 o
820 2269 852 2320 tu
864 2264 980 2330 Ruben,
1035 2258 1149 2314 Occidit
1161 2260 1276 2328 fratres
1289 2274 1357 2314 suos
1368 2260 1447 2328 filios
1456 2259 1608 2329 lerobaal,
1617 2259 1808 2328 septaopiota
1823 2258 1863 2312 oi-

149 2352 230 2408 intcr
240 2352 520 2426 duostarniaos;id
535 2357 578 2412 est
590 2358 621 2411 ut
631 2354 669 2410 ad
678 2357 942 2426 neutrampartem
952 2357 981 2408 te
1035 2363 1093 2404 tos.
1104 2347 1133 2404 Si
1143 2363 1249 2403 omnes
1258 2347 1569 2420 septuagintaoocidit,
1579 2347 1734 2421 quomodo
1747 2361 1863 2402 remen

150 2443 262 2509 teneas,
279 2445 309 2498 et
322 2443 380 2500 hoo
394 2443 463 2500 idco
477 2443 550 2501 iacis
561 2449 595 2500 at
607 2443 831 2516 audiassililos,
845 2443 875 2499 id
889 2442 981 2498 estle·
1035 2437 1072 2493 sit
1086 2453 1164 2494 unus
1174 2436 1315 2493 illorum?
1331 2437 1389 2494 Sed
1408 2437 1450 2492 sio
1464 2437 1577 2494 (lictum
1592 2441 1658 2520 est:
1674 2437 1780 2493 oceidit
1801 2450 1863 2504 sep

148 2545 218 2586 vem
233 2529 346 2587 tamam
359 2536 485 2601 butum,
503 2549 626 2590 securus
640 2533 678 2589 de
690 2534 798 2603 longe;
814 2532 916 2589 sibilos
938 2530 982 2586 in·
1036 2529 1185 2598 taagieta,
1197 2533 1225 2583 el
1237 2530 1381 2584 senensis
1393 2542 1471 2582 unus
1480 2527 1568 2600 quasi
1578 2526 1742 2583 dicerehrr:
1757 2524 1864 2581 occidit

149 2633 243 2690 quam
254 2635 389 2690 gregum,
405 2621 435 2675 id
450 2626 494 2676 est
508 2624 672 2678 castrorum
684 2627 713 2678 et
722 2623 916 2687 exercituum,
929 2636 981 2674 arr·
1035 2615 1225 2688 septuaginta
1239 2620 1346 2688 praeter
1359 2632 1466 2683 unum,
1494 2615 1546 2689 qtri
1573 2614 1725 2672 remansit.
1757 2615 1862 2670 Virtam

149 2705 215 2764 dias
229 2705 307 2774 dico,
323 2711 351 2763 et
361 2707 434 2763 nihil
448 2708 550 2775 iacias,
559 2711 640 2765 stude
648 2710 800 2767 iterumad
815 2708 980 2764 irrisionem
1035 2721 1142 2777 ineam,
1158 2706 1238 2777 qood
1248 2707 1381 2776 laetificat
1395 2709 1500 2779 Deam,
1530 2721 1599 2763 eum
1627 2705 1821 2772 sacrificatur,
1836 2708 1864 2760 et

150 2793 216 2864 ejus
225 2793 518 2866 repetit:divisiones
530 2796 634 2853 Ruhen
644 2796 909 2868 magnaculliditas
918 2812 981 2852 eor·
1035 2795 1172 2851 homines
1195 2795 1408 2853 combibitur.
1436 2796 1515 2864 Quid
1542 2801 1585 2852 est
1611 2798 1666 2853 iste
1692 2795 1864 2851 abimelec?

149 2881 205 2938 dis.
224 2881 252 2938 Si
265 2897 338 2939 vero
352 2883 393 2939 sio
408 2883 523 2954 legatur
539 2903 545 2941 :
560 2885 672 2942 Divisio
695 2892 801 2942 contra
824 2900 855 2941 se
878 2884 981 2941 Rubea
1036 2883 1125 2950 Quasi
1136 2883 1216 2940 diem
1228 2884 1339 2939 nullius
1349 2886 1435 2958 pretii
1445 2891 1498 2942 est.
1513 2887 1553 2942 at
1563 2886 1662 2943 adisse
1675 2885 1762 2943 aliud
1771 2900 1783 2941 .·
1793 2884 1864 2957 quia

150 2973 413 3042 magnanimorum
434 2980 554 3044 reperta
576 2977 724 3032 contentio
738 2981 790 3032 est.
807 2978 864 3030 lloc
890 2975 980 3030 modo
996 2994 1017 3051 ρ
1036 2989 1156 3029 servum
1171 2989 1260 3028 suum
1274 2973 1365 3029 zebul
1375 2974 1526 3045 abjectum
1541 2975 1716 3048 quemdam,
1732 2974 1864 3030 civilem

150 3059 273 3129 intelligi
291 3065 399 3133 potest.
413 3064 487 3119 Cum
511 3063 614 3121 Rtrben
643 3068 720 3122 essct
744 3063 858 3121 divisus
879 3067 982 3119 eontra
1037 3063 1464 3137 constituitprinoipemsuper
1477 3065 1593 3122 nobiles
1613 3065 1703 3121 viros.

151 3149 368 3223 semet-ipsum,
383 3151 412 3207 id
426 3156 549 3209 osteum
564 3153 722 3222 dubitaret,
739 3158 767 3210 et
779 3155 809 3209 in
823 3153 981 3226 semetipso
1072 3154 1142 3226 tiro.
1155 3154 1210 3226 xl.)
1220 3156 1350 3211 Locutus
1361 3155 1519 3226 esthplite
1528 3170 1628 3212 omnes
1639 3170 1787 3213 semones
1797 3171 1863 3210 suos

150 3239 240 3296 variis
254 3241 493 3313 cogitationibus,
514 3248 542 3301 et
561 3245 717 3302 contrariis
744 3244 897 3301 desideriis
912 3245 983 3299 tluc-
1037 3259 1138 3301 coram
1152 3245 1277 3299 Domino
1293 3245 1324 3302 ia
1338 3244 1477 3315 Maspha.
1495 3246 1653 3301 Sermones
1679 3243 1750 3300 dicit
1762 3244 1863 3311 verba,

151 3333 256 3398 tuaret,
270 3334 300 3387 et
314 3347 417 3388 secum
431 3333 577 3391 rixaretur
586 3339 687 3391 utrum
704 3334 743 3391 ad
752 3334 866 3391 bellum
880 3349 983 3407 perge·
1036 3332 1196 3407 quaefacta
1211 3333 1328 3388 lucrant
1341 3332 1535 3407 interipsum,
1547 3337 1575 3389 et
1587 3333 1738 3407 principes
1752 3333 1864 3390 Galaad

149 3421 194 3474 ret
207 3433 312 3487 necne,
326 3425 415 3493 alque
423 3422 453 3477 in
464 3422 713 3480 hacdubitatioue
724 3440 840 3481 morem
855 3424 979 3481 laceret:
1036 3423 1073 3479 de
1088 3422 1258 3495 principatu
1273 3438 1336 3480 suo.
1354 3423 1551 3479 Haeclocutus
1566 3428 1610 3478 est
1620 3438 1722 3479 coram
1737 3422 1863 3479 Domino

151 3507 336 3577 magnanimi
351 3509 390 3564 do
417 3510 559 3577 Zabulon,
581 3517 609 3569 et
624 3512 822 3585 Nephthelim‚
851 3513 981 3586 prompti
1037 3514 1075 3570 ad
1088 3512 1345 3568 confirmationem
1361 3513 1441 3584 pacti
1452 3513 1535 3585 quod
1549 3516 1613 3570 erat
1625 3512 1701 3569 inter
1721 3528 1783 3569 eos.
1799 3513 1866 3568 Nisi

150 3596 188 3651 ad
214 3597 444 3666 contentionem,
472 3603 500 3655 et
528 3605 678 3657 certamen
704 3602 817 3658 inventi
838 3607 915 3657 sunt.
932 3601 981 3657 Vel
1033 3602 1115 3671 sorte
1126 3600 1231 3655 vizeliac
1245 3615 1275 3655 es
1289 3600 1387 3656 Baiae
1398 3601 1462 3669 filie
1477 3599 1604 3673 Saphar,
1619 3599 1672 3674 qui
1687 3599 1863 3656 scilieethoo

150 3684 255 3743 Ruben
269 3685 366 3744 diviso
376 3687 415 3745 ab
430 3687 504 3756 aliis,
520 3693 549 3746 et
563 3691 718 3747 recedente
743 3708 780 3748 ue
793 3697 929 3764 pergeret
942 3693 981 3748 ad
1034 3688 1153 3761 repetis,
1178 3688 1261 3760 quod
1281 3689 1378 3757 magis
1390 3689 1465 3760 juris
1491 3688 1569 3744 illius
1592 3705 1657 3745 esse
1684 3688 1861 3754 videbatur;

150 3775 297 3848 praelium,
314 3777 396 3853 quod
422 3783 522 3835 tamen
550 3783 653 3836 contra
676 3780 700 3854 ip
711 3797 778 3838 sum
793 3786 865 3850 orat,
881 3781 912 3837 id
938 3785 981 3838 est
1034 3778 1180 3853 quoniam
1192 3779 1256 3834 haee
1270 3783 1347 3834 terra
1361 3780 1424 3850 ejus
1439 3778 1502 3847 luit,
1515 3779 1656 3852 quamilli
1672 3778 1860 3844 abstulimus,

150 3866 407 3924 contrahonorem
418 3868 497 3940 ejus:
510 3869 774 3938 magnanimorum
784 3875 901 3945 reporta
912 3887 980 3927 con·
1034 3867 1215 3925 concedente
1230 3870 1401 3925 beonostro
1414 3884 1526 3941 :quam
1540 3869 1689 3926 sublatam
1704 3874 1804 3925 tamen
1815 3868 1862 3924 ille

150 3954 241 4012 tentm
256 3959 308 4011 est.
325 3959 392 4012 Post
406 3958 446 4013 ad
456 3957 529 4015 alios
541 3975 663 4033 quoque
677 3959 843 4017 irrisionem
858 3977 980 4019 conver·
1034 3974 1192 4032 nunquam
1212 3957 1354 4030 repetisse
1377 3958 1587 4029 cognoscitur:
1603 3961 1663 4015 abi
1671 3960 1753 4030 sorte
1766 3965 1799 4013 tu
1813 3959 1863 4014 do-

150 4043 193 4100 tit.
209 4043 331 4114 Galaad,
348 4048 421 4116 Dan,
437 4051 518 4104 Aser.
532 4049 579 4105 isti
592 4049 751 4119 vacabant,
765 4051 817 4106 sed
829 4052 978 4122 Zabulon,
1035 4064 1100 4105 cere
1114 4055 1142 4104 ct
1153 4053 1322 4107 incastrace
1332 4054 1426 4118 potes,
1443 4050 1523 4119 qaod
1536 4051 1598 4118 ipse
1611 4064 1745 4120 abactam
1754 4051 1863 4119 jargo-

149 4138 178 4190 et
201 4134 397 4218 Nepbtpaiim
423 4137 597 4196 obtutaret
610 4141 727 4197 animas
740 4155 810 4197 suas
831 4143 923 4197 morli
948 4143 979 4197 ia
1035 4143 1083 4194 tas
1096 4139 1133 4194 sit
1143 4151 1200 4206 pro
1210 4138 1371 4207 repetenda
1386 4143 1468 4195 tetra
1487 4139 1545 4195 ista
1567 4145 1672 4195 eontra
1687 4139 1793 4209 lsrael,
1808 4145 1863 4193 aut

149 4223 270 4294 remoue
280 4225 545 4300 Romoellieromel.
560 4230 670 4286 Locum
680 4233 764 4286 notet
778 4229 829 4285 ubi
845 4246 980 4303 pugnan—
1029 4229 1213 4298 pagnaoerit
1240 4233 1345 4283 corstra
1360 4243 1426 4284 eum
1444 4245 1450 4295 ;
1466 4227 1576 4284 scilieet
1589 4227 1678 4284 lsrael
1703 4227 1787 4284 omni
1810 4226 1861 4283 illo

149 4310 223 4367 dum
238 4316 291 4369 est.
307 4318 339 4370 ln
354 4316 477 4373 llebreeo
492 4317 639 4374 habetur:
656 4321 757 4375 Romae
772 4320 875 4376 zachee
895 4320 1014 4404 quod„
1035 4322 1167 4390 tempore
1181 4317 1301 4389 meando
1316 4318 1413 4374 lsrael
1427 4317 1575 4374 habitavit
1599 4319 1630 4373 in
1657 4317 1803 4389 Hesctoa,
1833 4324 1862 4373 et

148 4399 357 4474 interpretatur
370 4407 656 4476 superaltiludiaaa
670 4409 777 4478 campi.
791 4407 979 4479 significatur
1033 4409 1162 4465 oiacub's
1176 4410 1252 4478 eius,
1266 4412 1332 4475 ete,
1353 4407 1435 4481 quod
1444 4407 1508 4478 jam
1523 4412 1567 4463 est
1581 4423 1635 4481 per
1646 4411 1793 4463 trecentos
1808 4422 1861 4463 eu-

149 4493 248 4548 autem
263 4493 346 4567 quod
360 4495 390 4551 in
404 4512 512 4570 campo
527 4497 579 4553 ubi
592 4497 759 4571 preliatum
774 4502 826 4565 est,
852 4498 978 4555 inimicis
1032 4513 1097 4553 nos.
1111 4498 1146 4554 Si
1156 4498 1317 4554 tradideris
1329 4499 1361 4553 in
1375 4512 1482 4554 manus
1494 4512 1574 4554 meos
1586 4499 1665 4566 filios
1678 4497 1787 4568 Amen,
1796 4513 1861 4568 qrae-

149 4581 317 4653 superiores
331 4583 398 4641 laeli
414 4591 493 4655 sunt,
518 4587 570 4642 ubi
583 4603 616 4644 se
637 4588 784 4644 dederunt
802 4587 975 4645 discrimini.
1032 4602 1148 4659 meaque
1158 4590 1277 4658 ρνίεηιιε
1289 4589 1384 4657 fuerit
1410 4602 1553 4659 egressas,
1568 4586 1776 4644 halocasotam
1791 4587 1861 4656 olfe-

150 4667 196 4724 Sio
210 4667 310 4742 itaque
326 4674 427 4728 Romae
453 4690 513 4731 non
542 4691 652 4733 nomen
667 4678 724 4734 loci
752 4677 977 4747 intelligendum
1031 4693 1097 4734 rain
1112 4679 1247 4733 Domino.
1264 4677 1361 4732 Ritum
1377 4675 1530 4744 gentilium
1545 4681 1664 4733 secutus
1688 4677 1860 4732 humanum

148 4760 202 4824 est,
214 4757 267 4813 sed
281 4758 466 4817 altitudinem
480 4764 635 4833 significat,
651 4766 682 4821 in
692 4783 753 4839 quo
764 4766 871 4824 erravit
884 4772 978 4826 trans·
1032 4767 1209 4838 sangumem
1217 4766 1307 4833 vovit,
1323 4766 1399 4822 siout
1408 4765 1647 4840 postealegimus
1661 4782 1762 4835 regem
1773 4767 1860 4823 lloab

148 4844 228 4902 latio.
244 4846 348 4905 Stella
359 4857 511 4907 manentes
525 4855 557 4908 io
572 4855 686 4926 ordine,
702 4861 730 4910 et
756 4871 847 4911 craeso
861 4873 913 4913 sao
926 4858 978 4913 ad·
1030 4857 1126 4913 fillum
1146 4873 1234 4913 suum
1258 4856 1430 4913 immolasse
1447 4872 1536 4930 super
1563 4872 1676 4913 muros.
1707 4859 1767 4914 lloc
1786 4872 1859 4927 orgo

148 4937 396 4995 versasSisaram
408 4949 633 5011 pchnaoerunt.
650 4946 712 4999 Non
727 4949 760 5000 ut
775 4946 977 5003 mathematici
1031 4951 1134 5003 contra
1147 4946 1254 5018 legem,
1279 4946 1336 5002 nisi
1351 4945 1424 5002 torte
1439 4946 1554 5002 occulto
1583 4946 1724 5002 instinctu
1755 4945 1859 5001 divino

147 5031 254 5101 putant
268 5044 322 5101 per
335 5030 565 5087 constellationis
587 5032 681 5088 latum
706 5034 817 5090 victum
847 5036 976 5093 Sisaram
1031 5041 1196 5104 excusetur,
1217 5041 1250 5092 ut
1267 5041 1345 5092 recte
1359 5036 1398 5093 ah
1412 5036 1554 5109 apostolo
1572 5036 1777 5094 intersanctos
1804 5052 1859 5091 nu-

148 5118 294 5191 scriptura
308 5118 447 5188 affirmat,
464 5121 516 5177 sed
543 5122 698 5191 figurative
713 5124 842 5181 caelestia
857 5125 923 5197 ipsa
937 5125 977 5183 ad
1030 5128 1161 5181 meratus
1175 5124 1212 5181 sit
1225 5126 1327 5195 (Hele.
1343 5125 1393 5196 ει).

148 5207 214 5279 ejus
237 5211 462 5282 oppressionem
488 5211 575 5285 quasi
602 5211 763 5268 intendisse
791 5213 879 5281 dicit;
904 5214 976 5286 quia
1065 5213 1861 5285 (leuen.)Percusseontqueveeschaanannim,-

148 5296 292 5354 [lominus
306 5301 382 5368 coli,
395 5305 428 5359 ut
441 5301 607 5358 vinceretur
617 5318 672 5359 sua
681 5301 868 5374 providentia
877 5301 976 5375 dispo·
1029 5305 1100 5374 quia
1114 5302 1234 5359 deamat
1243 5318 1255 5358 .·
1263 5303 1420 5373 Fugitioas
1430 5310 1472 5359 est
1484 5305 1605 5361 Galaad
1614 5305 1651 5362 de
1658 5303 1818 5375 Ephraim,
1830 5312 1858 5362 el

147 5383 216 5440 suit.
244 5387 506 5450 Quemadmodum
534 5407 605 5462 ergo
619 5391 649 5446 iu
665 5396 742 5448 terra
770 5395 897 5457 montes,
914 5391 975 5448 sive
1030 5392 1488 5462 liahilotiamediollpbraimet
1512 5394 1660 5452 Manasse.
1678 5397 1708 5450 ln
1733 5393 1858 5450 nehroeo

147 5471 248 5540 valles,
265 5473 326 5531 sive
342 5477 482 5549 qualibet
508 5480 567 5537 alia
590 5484 706 5536 terrena
733 5483 907 5551 arguuntur,
927 5481 976 5537 vel
1029 5483 1295 5540 eichebeturhtem
1306 5482 1858 5557 Galaad,quodiuterpretaturcosGo-

148 5559 319 5630 laudantur,
334 5580 403 5621 cum
418 5568 457 5623 ab
471 5568 644 5627 hominibus
658 5569 688 5624 in
703 5569 745 5642 eis
773 5570 974 5640 manentibus,
1031 5573 1111 5644 laod,
1135 5571 1218 5645 quod
1232 5575 1277 5628 est
1290 5589 1359 5628 cum
1386 5573 1590 5644 indignatione
1617 5574 1855 5647 pronuntiatum.

148 5653 178 5719 et
196 5651 238 5709 eis
250 5652 480 5728 praesidentibus
492 5657 734 5745 reprehensibile,
749 5657 811 5716 sivo
824 5657 975 5719 laudabile
1029 5661 1120 5730 Quasi
1147 5660 1294 5721 diceretm
1310 5680 1315 5719 :
1332 5665 1389 5723 Vos
1403 5662 1457 5740 qui
1477 5661 1571 5723 estis?
1584 5665 1636 5720 aut
1649 5661 1754 5736 quales
1779 5663 1857 5724 inter
