3832 6044
147 133 197 186 tot
315 125 467 181 fleamus
487 127 531 181 llll
551 119 932 183 ammoneremus
953 121 972 176 l.
992 147 1027 160 ·-·
1046 118 1247 175 extenuet.
1268 147 1303 157 -
1320 118 1342 170 l.
1358 117 1392 169 lN
1413 115 1441 169 S.
1463 109 1690 168 SCRIPTUerll.
1799 105 1854 159 508

184 251 311 316 Quasrro
340 250 474 306 CCCVlll.
499 247 643 311 Quaeritm·
672 261 711 301 au
746 245 838 300 homo
864 241 973 297 debeat
991 243 1015 298 A
1030 242 1145 313 saeuite]
1161 242 1255 309 (Rotae.
1272 239 1341 305 xri).
1359 238 1431 292 ltcm
1452 232 1593 306 quiedam
1616 229 1734 286 videtur
1757 225 1856 282 dicero

148 335 581 409 tantumdiligereprouimum
591 333 889 408 quantumseipsum.
900 330 973 395 Quia
1029 331 1059 387 iu
1074 331 1131 388 hoc
1147 329 1276 404 capitulo
1295 343 1363 401 quae
1376 325 1414 381 acl
1428 323 1562 380 infirmos
1587 319 1733 393 pertinere
1755 317 1857 372 viden-

149 426 350 500 scriptumest
365 443 371 482 :
386 426 500 496 Diliges
518 426 693 494 precanum
718 430 802 478 tuum
825 423 902 478 sicut
924 421 974 476 tet·
1031 426 1086 486 tur,
1101 420 1233 477 utillud:
1269 419 1327 487 Qui
1344 432 1405 472 aaa
1427 413 1602 481 irrnridacat,
1625 408 1856 464 manducantem

146 529 235 585 psum
251 515 371 583 (uaria.
391 515 480 586 xxia..
498 513 619 571 Salutio.
646 513 725 569 Sicut
752 509 976 566 similitudinem
1030 513 1232 579 riotispauat,
1244 506 1332 578 etqui
1343 504 1517 571 irraadueat,
1537 498 1771 555 manducantem
1798 510 1860 550 reon

150 606 241 670 notat,
255 618 317 660 non
332 602 539 677 quantitatem,
556 601 722 658 secundum
734 599 894 673 quosdam,
906 613 976 652 cum
1025 599 1141 669 jrcdicet
1157 598 1266 665 (ibidus
1280 595 1327 652 lris
1337 595 1417 650 enim
1430 589 1529 649 vorbis
1553 587 1688 644 infirmos
1714 586 1860 642 instruere

149 690 256 748 dicitur
272 711 278 749 :
295 691 386 762 Dilige
396 691 568 765 proximum
584 695 668 747 tuum
683 690 758 745 sicut
783 687 921 760 teipsum,
936 685 977 740 'iil

150 783 194 836 est
204 779 243 836 ad
253 780 337 853 quod
346 780 485 853 teipsum,
496 779 527 835 id
537 785 581 835 est
590 779 630 835 ad
640 780 706 846 hoc,
720 783 752 834 ut
761 777 976 842 halreatlteum

150 872 178 923 et
193 873 340 943 quantum
355 872 438 941 potes
454 882 577 940 operam
591 867 641 934 da,
667 871 700 922 ut
723 865 774 921 illa
802 864 900 935 faciat,
925 877 979 934 per

150 970 218 1030 quae
232 955 369 1012 salvetur.
386 957 455 1021 Qua.
467 959 566 1011 autem
578 953 608 1010 in
622 953 826 1027 superioribus
836 951 873 1007 de
885 949 979 1006 chari-

151 1045 210 1100 tate
217 1044 282 1115 jam
292 1043 457 1108 dictasunt,
470 1059 530 1100 non
542 1047 657 1116 oportet
667 1047 808 1116 repetere.
824 1043 887 1096 Non
899 1037 979 1094 enim

152 1132 255 1189 omnia
266 1132 378 1207 ultique
391 1133 435 1189 vel
450 1137 586 1207 possunt,
602 1132 649 1188 vel
661 1131 771 1188 debent
785 1129 853 1186 dici.

188 1223 315 1286 Quusrio
331 1224 439 1280 cccix.
457 1224 599 1293 Irrfirruus
614 1227 712 1278 autem
723 1222 793 1291 ficte,
820 1224 874 1276 otc.
898 1220 980 1284 Quae·

152 1311 226 1367 ritur
240 1310 394 1384 quomodo
409 1310 563 1367 infirmum
578 1311 713 1384 accipiat.
727 1307 848 1367 Solatia.
865 1310 927 1363 Non
937 1322 981 1361 so-

154 1398 287 1455 cundum
301 1398 508 1466 constantiam,
525 1399 578 1455 sed
592 1397 759 1455 seeundum
781 1395 981 1466 cognitionem

153 1487 224 1544 fidei
235 1488 283 1544 hic
298 1487 432 1559 intelligit
446 1488 610 1544 infirmum.

1031 688 1156 743 ridetur.

1068 811 1338 877 ansrioCCCXlV.
1355 809 1416 864 Suo
1442 807 1568 862 Domino
1593 806 1663 874 stat,
1693 806 1746 856 ant
1767 799 1859 855 cadit.

1032 902 1151 958 Videtur
1163 900 1331 974 Apostolus,
1347 914 1417 953 curn
1441 895 1472 952 id
1494 895 1574 962 dicit,
1598 907 1687 948 omne
1711 887 1860 962 judicium

1032 991 1069 1047 do
1084 990 1165 1046 bono
1179 988 1266 1045 nobis
1281 986 1415 1043 auterre:
1432 1000 1514 1052 nam,
1540 998 1608 1038 eum
1636 997 1672 1036 ox
1698 976 1860 1034 intentione

1033 1083 1061 1135 ct
1074 1079 1137 1135 sola
1147 1077 1288 1135 charitate
1296 1077 1388 1132 homo
1399 1073 1553 1139 silbanus,
1566 1086 1633 1143 quie
1644 1066 1775 1124 hominis
1783 1064 1862 1137 judi-

1034 1169 1079 1224 cio
1091 1166 1324 1238 nonsubjacent,
1335 1162 1489 1236 quomodo
1497 1175 1659 1233 possumus
1669 1156 1802 1229 aliquem
1808 1153 1862 1209 bo-

1033 1274 1107 1314 num
1117 1256 1252 1329 judicare
1264 1255 1277 1311 ‘t
1290 1253 1411 1310 Soluti0.
1424 1250 1553 1308 Ecclesia
1567 1249 1605 1304 ilo
1620 1244 1785 1302 manifestis
1800 1247 1863 1300 tan-

1035 1350 1097 1402 tum
1111 1344 1235 1417 judicat,
1252 1347 1280 1399 et
1295 1358 1356 1398 uon
1372 1340 1409 1396 de
1424 1338 1564 1395 occultis:
1585 1351 1645 1392 non
1659 1333 1739 1389 enim
1747 1330 1864 1404 judicat

1034 1434 1118 1509 quod
1140 1433 1268 1489 charitas
1289 1431 1319 1487 in
1340 1431 1441 1502 aliquo
1466 1428 1512 1501 sit,
1537 1426 1608 1500 qiria
1628 1428 1697 1481 tunc
1715 1421 1866 1495 judicaret

1035 1541 1109 1590 esse,
1125 1522 1208 1597 quod
1222 1521 1347 1578 nesciret
1358 1535 1432 1585 esse,
1445 1516 1588 1590 sedquod
1599 1515 1685 1584 signa
1701 1510 1863 1574 charitatis,

189 1579 318 1642 QUAE⁸T¹⁰
334 1580 430 1635 CCCX'
448 1578 506 1646 Oai
519 1580 655 1648 infimum
666 1578 801 1648 m’wlus
811 1575 980 1632 manducer·
1001 1602 1021 1656 Β
1036 1628 1103 1687 quae
1118 1611 1149 1668 in
1160 1628 1195 1668 eo
1206 1610 1273 1679 sint,
1289 1608 1451 1665 ostendunt
1461 1607 1492 1662 in
1506 1622 1542 1661 eo
1556 1619 1620 1660 esse
1629 1601 1814 1659 charitatem.
1825 1599 1866 1655 Si-

157 1668 471 1738 Uaasqutsqueautem
485 1669 516 1723 ta
531 1683 583 1724 sito
598 1682 685 1723 seusu
707 1665 849 1722 abundet.
873 1662 983 1730 Quaeri-

155 1762 203 1814 tur
216 1756 371 1829 quomodo
386 1755 544 1829 Apostolus
560 1756 685 1813 suadeat
705 1755 799 1823 illurn,
825 1752 877 1826 qui
900 1751 983 1807 cibos

155 1845 296 1902 discernit
310 1845 366 1901 sibi
384 1861 451 1902 esse
472 1845 753 1918 derelinquendum
779 1859 850 1899 cum
868 1840 983 1897 malum

156 1933 194 1990 sit
205 1932 289 1990 cibos
302 1932 481 2001 discernere,
504 1937 532 1988 et
555 1933 635 1988 huno
660 1931 819 1998 muudum,
848 1934 877 1985 et
904 1929 984 1984 huno

156 2022 348 2079 immundum
363 2027 478 2095 putare,
493 2038 564 2078 oum
577 2021 677 2095 potius
692 2037 710 2077 a
731 2019 781 2077 tali
800 2034 898 2076 erroro
909 2020 986 2073 esset

156 2110 378 2176 retrahendum,
394 2111 451 2167 hoc
467 2111 547 2168 onim
566 2110 592 2166 ei
607 2110 770 2167 concedere
779 2107 904 2175 videtur,
916 2121 986 2161 cum

156 2199 214 2255 hoc
230 2198 266 2254 sit
280 2214 350 2254 eum
378 2199 408 2254 in
435 2214 533 2254 errore
557 2198 667 2255 fovere.
699 2195 820 2254 Salutio⁴
846 2192 987 2250 Permittit

158 2288 258 2344 minus
271 2287 387 2344 malurn
412 2287 476 2344 fieri
500 2292 532 2344 ut
558 2288 658 2360 majus
672 2286 788 2343 malum
816 2284 985 2348 devitatum

158 2375 259 2449 majus
284 2376 364 2434 enim
394 2376 510 2433 malum
536 2381 613 2433 esset
637 2379 741 2432 contra
776 2371 987 2431 conscientiam

159 2466 257 2534 edere,
272 2465 448 2540 quamcibis
463 2465 646 2540 quibusdam
666 2464 824 2531 abstinere,
854 2478 925 2518 oum
948 2459 987 2516 ab

159 2554 201 2613 eis
211 2553 423 2612 abstinendum
437 2571 501 2612 esse
514 2559 597 2630 putet
610 2574 616 2612 :
629 2553 766 2627 quisquis
780 2551 861 2609 euim
885 2555 989 2608 contra

160 2642 374 2700 conscientiam
389 2642 468 2710 facit,
484 2647 597 2716 peccat.

196 2750 324 2813 Qunsrio
339 2750 446 2806 cccxl.
464 2748 608 2812 Quaeritur
623 2751 723 2803 utrum
737 2746 795 2813 illc,
808 2745 861 2818 qui
885 2745 926 2801 sio
950 2744 989 2800 oi·

160 2837 217 2893 bos
230 2835 379 2903 discernit,
392 2840 503 2908 peccet.
513 2839 615 2892 Nonne
624 2835 696 2892 vivit
707 2834 873 2891 seeundum
883 2834 989 2890 doetri-

161 2940 233 2982 nam
246 2923 402 2997 Apostoli?
417 2925 440 2981 si
455 2929 483 2981 et
497 2926 553 2981 hoc
569 2928 621 2993 est,
635 2923 790 2996 quomodo
801 2924 928 2997 peccat?
940 2926 990 2980 So·
1009 2955 1029 3012 C
1045 2986 1071 3039 te

162 3013 244 3071 lulio.
256 3016 320 3071 Non
333 3013 381 3069 hic
395 3014 483 3070 docet
495 3013 653 3087 Apostolus
663 3012 747 3086 quod
770 3018 915 3085 tanquam
938 3012 991 3067 bo·

162 3118 237 3159 num
250 3100 286 3158 sit
298 3103 461 3173 agendum,
474 3103 527 3159 sed
540 3103 623 3176 quod
636 3102 737 3158 minus
751 3101 867 3158 malum
882 3101 927 3170 sit,
944 3117 990 3157 os·

162 3191 256 3250 tendit
271 3211 277 3249 :
293 3192 394 3248 minus
408 3192 488 3249 enim
503 3193 618 3249 malum
633 3196 676 3248 est
695 3191 776 3248 bono
787 3190 858 3266 ,zelo
880 3206 988 3258 errare,

163 3296 257 3355 quam
280 3285 384 3339 contra
412 3282 626 3339 conscientiam
653 3280 808 3337 manifeste
845 3295 988 3352 peccare:

163 3386 256 3444 quare
270 3387 307 3427 ne
320 3372 419 3442 majus
433 3377 590 3444 peccatum
614 3371 755 3438 incurrat,
781 3369 922 3427 ferendus
948 3373 992 3425 est

164 3460 262 3533 potius
277 3477 370 3534 quam
382 3461 552 3518 irritandus.
570 3463 643 3517 Sunt
656 3465 758 3517 autem
768 3460 911 3533 quiedam
923 3475 991 3532 quae

164 3547 255 3606 etiam
266 3547 297 3604 in
311 3552 392 3605 Novo
406 3552 592 3605 testamento
606 3549 810 3621 prohibentur,
828 3553 860 3605 ut
874 3565 911 3605 ne
924 3548 992 3621 quis

165 3636 310 3706 sangiune
317 3636 493 3693 animalium
507 3641 655 3705 vescatur,
665 3636 871 3693 velsuttocatis
881 3640 990 3692 utatur.

164 3728 188 3780 Α
203 3724 387 3799 quibusdam
401 3724 490 3781 etiam
503 3725 698 3792 abstinemus,
714 3724 785 3797 quia
800 3740 862 3781 non
879 3729 923 3780 est
941 3740 992 3780 ne-

166 3829 247 3870 cesse
262 3813 304 3870 eis
318 3814 442 3882 uti‚uta
461 3828 550 3870 carne
575 3813 695 3886 equina,
720 3828 782 3869 non
811 3813 883 3886 quia
907 3828 992 3886 eque

165 3901 247 3959 bona
261 3906 338 3959 esset
349 3901 389 3958 ad
411 3901 603 3970 vescendum,
633 3905 665 3957 ut
692 3901 824 3971 bovina,
846 3902 899 3958 sed
922 3901 994 3975 quia

166 4005 243 4063 opus
256 3993 381 4046 nonest.
397 3994 420 4045 Α
434 3989 618 4063 quibusdam
626 3989 821 4059 abstinemus,
846 3991 918 4064 quia
940 4007 993 4047 no-

166 4079 216 4136 xia
230 4083 299 4135 sunt
312 4083 345 4136 ut
359 4095 491 4154 serpens,
506 4078 580 4136 bulo
591 4084 619 4136 et
633 4079 824 4153 hujusmodi:
841 4097 908 4154 quae
930 4079 993 4153 qui-

166 4167 237 4225 dem
250 4184 402 4225 venenosa
415 4173 492 4239 sunt,
508 4168 575 4226 ideo
589 4175 739 4226 vescentes
750 4170 956 4248 interimentia.

203 4260 331 4323 Qunsrro
347 4260 467 4316 cccxli.
481 4257 626 4323 Quaeritur
648 4259 803 4332 quomodo
824 4259 907 4315 cibos
935 4259 994 4314 dis-

93 4427 94 4430 *
167 4345 337 4404 cernebant.
353 4347 493 4421 Nunqnid
511 4339 645 4422 aliquam
657 4347 879 4404 immunditiam
893 4346 923 4402 in
946 4347 993 4403 his

1036 1701 1154 1769 militer,
1164 1717 1235 1756 cnm
1242 1699 1367 1771 judicat,
1383 1697 1429 1753 vel
1447 1695 1627 1753 condemnat
1640 1691 1781 1764 aliquem,
1802 1705 1865 1744 non

1036 1791 1150 1864 judicat
1160 1790 1243 1863 quod
1254 1787 1395 1855 criminis,
1409 1786 1446 1842 de
1461 1802 1522 1858 quo
1538 1786 1704 1849 accusatur,
1728 1795 1797 1837 reus
1818 1778 1864 1843 sit,

1038 1880 1090 1936 sed
1101 1878 1184 1953 qnod
1199 1878 1225 1934 ei
1240 1877 1326 1947 sigua
1338 1876 1367 1932 in
1384 1873 1573 1932 accusatione
1593 1872 1657 1943 ejus
1674 1872 1865 1932 concurrunt,

1038 1974 1160 2042 propter
1171 1984 1239 2042 quie
1250 1968 1358 2023 ineam
1367 1967 1479 2039 justam
1490 1964 1541 2019 dat
1551 1960 1737 2018 sententiam.
1753 1957 1867 2029 Siobji-

1040 2058 1134 2114 eiatur
1148 2056 1325 2130 qnorltestes
1349 2055 1413 2111 falsi
1432 2053 1499 2125 sint,
1530 2050 1641 2124 quihus
1670 2047 1866 2113 convincitur,

1039 2152 1068 2204 et
1082 2146 1232 2203 accusatio
1247 2145 1331 2214 falsa,
1355 2144 1426 2216 quia
1447 2143 1483 2198 de
1504 2139 1627 2197 crimine
1651 2137 1706 2193 sibi
1727 2134 1867 2209 imposito

1040 2252 1102 2292 nou
1118 2240 1242 2302 tenetur,
1259 2233 1387 2289 dicimus
1402 2230 1485 2304 quod
1496 2229 1646 2287 accusatio
1659 2242 1729 2283 vera
1741 2228 1769 2282 et
1780 2229 1868 2281 testes

1040 2324 1104 2380 veri
1118 2327 1197 2392 sunt,
1213 2322 1267 2380 etsi
1291 2320 1422 2377 criminis
1444 2319 1522 2375 illius
1544 2334 1613 2374 rous
1637 2332 1698 2373 non
1722 2313 1776 2382 sit;
1796 2312 1870 2387 quia

1041 2430 1113 2470 vera
1139 2413 1246 2469 dieitur
1270 2410 1430 2478 accusatio,
1464 2409 1494 2465 id
1522 2411 1566 2464 est
1591 2401 1868 2480 irreprehensibilis,

1043 2521 1112 2560 eum
1123 2504 1175 2560 liat
1190 2502 1294 2559 ordine
1304 2500 1472 2575 iudiciario.
1491 2498 1627 2557 Similiter
1640 2495 1767 2553 dicimus
1785 2492 1870 2568 quod

1043 2591 1172 2649 Ecclesia
1182 2591 1308 2647 damnat
1322 2606 1418 2658 reum,
1443 2588 1509 2644 licet
1531 2585 1644 2642 crimen
1663 2585 1693 2641 in
1715 2600 1750 2638 eo
1760 2597 1823 2638 uon
1834 2581 1871 2636 sit

1044 2696 1207 2755 superquo
1230 2684 1396 2746 accusatur,
1423 2677 1495 2751 quia
1516 2693 1602 2733 reum
1630 2674 1670 2731 ibi
1699 2672 1871 2752 convictum

1040 2769 1200 2842 iudiciario
1215 2769 1319 2824 ordine
1330 2767 1504 2841 accipimus.

1079 2896 1209 2958 Qunsrio
1225 2894 1344 2950 CCCXV.
1358 2890 1453 2947 ltulria
1464 2890 1494 2946 in
1507 2889 1661 2945 meliorem
1674 2891 1789 2950 partem
1810 2902 1873 2941 ver·

1073 2982 1134 3038 uda
1149 2987 1227 3049 sunt,
1244 2987 1277 3037 ut
1290 2981 1360 3037 dicit
1372 2980 1531 3053 expositor.
1548 2977 1691 3043 Quueritm
1706 2991 1776 3046 ergo
1798 2991 1873 3048 quo-

1044 3073 1136 3129 modo
1151 3071 1295 3142 ambigua
1307 3071 1452 3127 <lebamus
1468 3070 1497 3126 in
1512 3069 1666 3125 meliorem
1680 3071 1796 3140 partein
1811 3081 1874 3122 ver·

1044 3167 1123 3219 tere:
1138 3178 1210 3219 nam
1226 3178 1296 3217 cum
1309 3177 1395 3234 teque
1409 3159 1531 3230 ambigo
1545 3159 1583 3214 ile
1597 3158 1688 3222 hono,
1712 3173 1751 3212 aa
1771 3154 1873 3228 ipsum

1045 3251 1082 3308 sit
1094 3252 1221 3318 bonum,
1238 3251 1312 3306 sicut
1325 3250 1362 3305 de
1377 3248 1467 3316 malo,
1484 3264 1522 3305 arr
1538 3247 1575 3304 sit
1587 3246 1711 3314 malum,
1734 3260 1796 3300 non
1818 3243 1874 3298 mi-

1044 3340 1269 3396 nusiudisercte
1291 3354 1379 3409 agere
1403 3337 1504 3394 uideor
1525 3335 1690 3407 judicando
1713 3332 1786 3389 illud
1809 3348 1875 3387 esse

1044 3429 1171 3496 bonum,
1185 3444 1280 3501 quam
1292 3425 1457 3498 judicando
1483 3441 1547 3481 esse
1571 3423 1706 3489 malun1;
1731 3421 1784 3478 sed
1803 3436 1875 3476 eum

1046 3522 1185 3574 neutrum
1201 3516 1238 3574 sit
1251 3516 1324 3572 milri
1339 3515 1496 3572 definitum
1508 3519 1536 3570 et
1549 3515 1816 3580 certum‚neutrum
1825 3510 1876 3565 de·

1046 3607 1104 3662 heo
1118 3605 1258 3662 delinire:
1275 3603 1430 3677 quomodo
1451 3618 1522 3673 orgo
1543 3601 1704 3671 intelligere
1727 3599 1875 3655 debemus

1047 3694 1130 3767 quod
1144 3693 1261 3761 (licitur,
1276 3693 1420 3763 ambigua
1434 3692 1464 3747 in
1479 3691 1633 3748 meliorem
1647 3693 1763 3763 partem
1783 3692 1877 3744 verte-

1047 3801 1077 3842 re
1090 3785 1103 3840 ‘l
1120 3783 1241 3841 Solutio.
1258 3782 1392 3852 Credere,
1411 3782 1546 3854 judicare
1558 3781 1606 3838 vol
1620 3785 1743 3846 vertere,
1767 3777 1876 3850 aecipi-

1047 3880 1094 3931 tur
1107 3873 1154 3930 lric
1169 3889 1224 3946 pro
1243 3876 1346 3945 optare
1360 3891 1366 3928 :
1379 3873 1436 3929 hoo
1458 3872 1538 3927 enim
1563 3869 1690 3927 consulit
1716 3867 1876 3941 Apostolus

1049 3969 1080 4020 ut
1091 3980 1161 4019 oum
1174 3962 1318 4033 ambigua
1327 3961 1547 4033 fieriridemuS,
1564 3976 1600 4016 ea
1610 3959 1691 4016 bona
1703 3957 1876 4025 intentione,

1048 4058 1077 4109 et
1090 4069 1150 4109 non
1166 4052 1246 4108 mala
1259 4051 1323 4107 fieri
1343 4056 1504 4124 optemus:
1531 4067 1602 4107 nam
1628 4066 1689 4123 qua
1715 4047 1877 4105 intentione

1047 4145 1132 4214 fiant,
1148 4159 1217 4198 oum
1232 4141 1263 4197 id
1277 4158 1295 4198 a
1309 4141 1396 4197 nobis
1411 4140 1479 4197 sciri
1493 4156 1554 4196 non
1575 4141 1678 4213 possit,
1704 4153 1766 4195 non
1788 4137 1877 4194 debe·

1048 4250 1117 4289 mus
1130 4231 1265 4305 judicare
1277 4231 1360 4304 quod
1373 4230 1446 4287 sciro
1460 4247 1522 4287 non
1538 4245 1710 4303 possumus.

1085 4358 1212 4421 Qunsuo
1227 4355 1357 4411 CCCXVl.
1374 4356 1446 4408 item
1461 4351 1611 4426 expositor
1621 4349 1691 4407 dicit
1706 4367 1713 4406 :
1736 4349 1791 4413 Qui
1814 4363 1877 4404 ma-

167 4435 264 4508 magis
279 4453 373 4511 quam
388 4437 419 4494 in
434 4437 490 4494 illis
510 4436 740 4507 constituebant,
763 4440 994 4510 propterquam
1048 4444 1111 4500 lum
1122 4447 1207 4516 putat
1219 4442 1343 4509 malurn,
1359 4441 1486 4508 fallitur;
1509 4441 1562 4496 sed
1584 4439 1637 4513 qui
1657 4438 1772 4495 malum
1793 4442 1879 4512 putat

167 4524 209 4580 eis
223 4525 301 4582 vesei
316 4526 511 4583 recusarent?
528 4526 556 4583 Si
570 4526 627 4582 hoe
642 4529 703 4582 est:
720 4525 841 4599 culpam
861 4525 994 4581 median·
1048 4533 1174 4600 honum,
1188 4548 1249 4589 non
1264 4530 1392 4587 fallitur:
1408 4545 1508 4585 nonne
1523 4529 1649 4596 malum,
1673 4543 1737 4592 esse
1761 4525 1877 4582 malurn

168 4617 196 4670 te
206 4617 342 4671 ereatura
357 4614 388 4670 in
403 4617 496 4670 iteum
510 4613 717 4681 retundebant,
732 4619 760 4670 et
774 4613 815 4670 sic
829 4613 996 4687 peccabant
1049 4626 1093 4677 est
1102 4637 1208 4677 verum
1222 4621 1236 4676 ‘t
1251 4624 1279 4676 et
1300 4617 1414 4674 malum
1444 4632 1508 4673 esse
1532 4617 1658 4681 honum,
1682 4618 1725 4671 est
1746 4613 1879 4671 falsum?

168 4701 207 4756 td
222 4707 357 4759 mortem·
373 4701 457 4767 Quod
474 4701 498 4757 Si
513 4702 552 4758 ad
567 4707 695 4759 mortem
707 4701 882 4775 peccabant,
900 4702 995 4776 quali·
1050 4709 1206 4774 Quomodo
1217 4723 1288 4778 ergo
1298 4708 1349 4781 qui
1360 4710 1445 4780 putat
1458 4705 1489 4762 id
1497 4705 1580 4779 quod
1587 4721 1692 4762 verum
1706 4708 1750 4760 est
1757 4701 1877 4771 fallitur,

168 4793 212 4845 ter
223 4789 310 4859 jubet
322 4789 480 4862 Apostolus
493 4806 544 4846 eos
557 4790 587 4846 in
597 4795 691 4846 morte
707 4791 848 4848 tolerari?
872 4791 993 4848 Solutio.
1051 4802 1079 4855 et
1091 4799 1143 4871 qui
1157 4802 1242 4870 putat
1256 4796 1287 4852 id
1300 4794 1503 4869 quodfalsum
1518 4799 1561 4850 est
1573 4810 1634 4850 non
1648 4793 1757 4849 fallitur
1770 4792 1784 4847 ξ)
1798 4792 1879 4849 Solu.

169 4877 315 4935 Errabant
338 4882 366 4933 ⁰¹
399 4879 573 4950 peccabant,
599 4879 651 4934 sed
679 4879 841 4949 venialiter,
868 4897 930 4937 110ss
956 4881 996 4936 td
1050 4888 1100 4944 tio.
1115 4887 1181 4941 Sine
1189 4884 1364 4958 praejudicio
1378 4881 1508 4939 melioris
1519 4880 1670 4938 sententiae
1685 4879 1879 4936 dicimushoc

168 4970 306 5035 mortem,
322 4982 385 5024 non
399 4967 479 5024 enim
493 4967 560 5024 ideo
575 4984 593 5024 a
607 4968 681 5024 olbis
701 4969 884 5041 quibusdam
908 4969 997 5026 absti-
1051 4990 1115 5030 osse
1126 4972 1167 5029 sic
1179 4971 1425 5041 intelligendum:
1443 4971 1497 5035 Qui
1512 4971 1626 5027 malum
1639 4973 1724 5044 putat
1734 4983 1798 5024 esse
1816 4983 1879 5024 ma·

168 5055 290 5126 nebant,
319 5057 402 5130 quod
428 5057 582 5114 crederent
606 5057 739 5130 aliquam
774 5058 995 5114 immunditiam
1051 5063 1124 5130 lum,
1140 5060 1258 5126 fallitur,
1275 5077 1293 5116 a
1307 5075 1398 5115 cursu
1410 5076 1464 5115 suo
1477 5059 1621 5126 tardatur,
1637 5057 1708 5132 quia
1725 5073 1795 5112 enm
1810 5072 1880 5111 cou-

168 5147 225 5203 lllis
239 5147 346 5217 inesse,
363 5146 569 5220 sedquiasub
583 5147 648 5218 lege
670 5147 756 5220 positi
781 5147 927 5203 abstinere
958 5147 996 5204 ab
1052 5148 1329 5222 temnitetspcrnit,
1346 5147 1590 5205 velsaltcmeum
1606 5144 1880 5215 minnsdiligit.Qui

169 5237 211 5293 eis
225 5240 449 5305 consueverant,
465 5251 555 5307 grave
569 5235 625 5293 illis
640 5235 887 5293 consuetudinem
906 5236 998 5309 depo·
1052 5244 1153 5296 autem
1164 5237 1279 5294 malum
1297 5241 1382 5310 putat
1394 5234 1519 5304 bonnm,
1536 5251 1598 5292 non
1609 5234 1727 5303 fallitur,
1749 5232 1780 5289 id
1795 5232 1879 5288 estin

169 5339 250 5382 nere·
1051 5327 1100 5384 via
1110 5342 1230 5383 morum
1242 5341 1304 5382 non
1315 5324 1485 5393 offenditur,
1496 5341 1551 5381 neo
1561 5325 1706 5391 tardatur,
1720 5322 1792 5396 quia
1803 5320 1834 5378 in
1844 5336 1880 5377 co

206 5416 334 5477 Quusrro
348 5418 480 5473 CCGlllll.
497 5416 641 5480 Quaeritur
651 5415 690 5471 ad
701 5428 779 5488 quos
794 5414 995 5488 spectetquod
1050 5417 1134 5493 qnod
1149 5415 1241 5472 credit
1254 5431 1324 5471 eum
1338 5413 1679 5487 honum,ampliuscum
1689 5411 1792 5482 diligit,
1802 5411 1880 5467 etsie

170 5500 219 5558 hic
230 5499 301 5556 dicit
312 5505 481 5574 Apostolus.
496 5506 617 5563 Salutio.
646 5504 692 5561 Ad
719 5503 857 5578 prelatos
879 5503 996 5560 videtur
1049 5501 1881 5581 quodammodoerrandoprolicitNotaudumquodsunt

169 5587 317 5663 pertinere
328 5592 412 5665 quod
425 5593 505 5652 dicit.
519 5597 677 5666 infirmum
689 5594 933 5664 autentusa'pite
941 5593 997 5665 [as-
1051 5593 1193 5668 pradum
1203 5593 1359 5653 manifeste
1372 5592 1464 5662 hona,
1477 5593 1619 5668 quedam
1632 5591 1788 5653 manifeste
1800 5589 1880 5649 mala
