3832 6044
485 131 637 187 HUGONIS
655 131 702 185 DE
722 131 749 186 S.
771 128 919 187 victoni:
937 128 1012 184 OPP.
1032 128 1121 185 PARS
1141 130 1161 186 l.
1182 158 1216 169 -
1235 128 1428 186 EXEGETICA
1447 127 1562 183 obsta.
1829 124 1877 179 tte

163 274 256 334 quem
269 256 404 314 vendunt
419 253 588 312 Simoniaci.
606 257 749 310 Nummos
762 257 867 309 mntrro
880 252 990 309 dantin
1011 254 1035 308 Α
1050 269 1103 310 nee
1113 255 1144 310 ia
1160 260 1258 312 morale
1273 253 1337 327 loe,
1354 269 1408 310 nee
1422 254 1453 309 ia
1469 250 1684 321 Hierosolymis
1694 247 1880 319 adorabitis;

164 347 304 414 Ecclesia,
321 344 373 418 qui
387 358 449 399 non
464 341 601 397 simulate
623 340 803 409 calcatibus,
820 341 872 398 scd
891 345 992 414 aperte
1048 344 1168 401 saivari
1179 345 1354 401 adoratores
1368 342 1668 400 adorabaatPatrem
1684 339 1715 394 ia
1728 338 1880 408 spiritual

164 435 288 495 terrenis
307 431 449 489 serviunt.
476 429 510 486 lii
542 446 648 487 omnes
670 430 827 501 ejiciuntur
852 431 889 487 de
910 433 993 503 parto
1048 435 1182 490 emitote.
1197 434 1238 490 Et
1252 435 1551 490 coatinaeaeaerunt
1564 428 1715 499 casipate.
1737 425 1880 499 niosiputi

165 517 904 593 sortissanctorum,qnivelfictebona,velaperte
914 517 994 575 mela
1048 520 1085 577 de
1100 521 1217 578 civitate
1230 538 1300 578 cum
1320 522 1388 578 cibo
1414 519 1539 577 veniunt
1552 517 1592 575 ad
1616 514 1788 583 Dominum,
1805 514 1880 571 dum

164 611 287 670 iaciunt.
303 612 337 666 Et
346 606 496 666 funiculus
508 611 700 674 peccatorum
714 607 807 664 modo
819 606 948 678 flagellat
956 605 995 662 ad
1049 609 1074 666 ei
1087 609 1124 665 de
1139 609 1197 668 hoe
1224 610 1339 668 mundo
1365 625 1419 684 per
1443 606 1696 683 praedicationem,
1710 602 1882 661 veldoeui·

163 140 214 192 755

165 699 391 767 remotionem,
406 696 517 770 quibus
529 696 686 754 incorrecti
698 697 730 754 in
744 697 804 754 fine
811 696 993 768 ligabuntur.

166 793 242 849 Oves
257 803 380 864 quoque
395 791 424 843 ct
436 785 530 843 boves
542 785 630 858 ejicit,
644 786 717 859 quia
733 785 836 843 talium
851 785 954 853 vitam,
968 788 996 840 et

165 880 334 938 doctrinam
345 875 476 934 ostendit
490 876 661 949 reprobam.
678 880 726 932 AEs
739 881 768 933 et
793 891 913 932 mensas
926 874 996 931 sub·

165 969 261 1037 vertit,
274 966 346 1040 qnia
369 969 398 1021 et
416 965 448 1021 in
470 965 530 1021 line
544 964 617 1037 ipsae
642 981 700 1034 res,
716 981 792 1039 quas
821 964 994 1033 dilexerant,

166 1057 365 1115 destruentur.

299 1199 378 1261 cir.
390 1196 444 1259 IV.
462 1194 507 1256 lte
520 1196 644 1256 rrruirere
654 1196 865 1257 Seruaritano.

202 1338 290 1397 venit
299 1338 414 1396 terasia
422 1338 577 1406 civitaten,
589 1353 653 1408 aaa
665 1339 774 1395 dieitur
783 1339 888 1396 Stabar
899 1340 995 1406 (Joorr.

167 1430 215 1504 1v),
227 1432 282 1486 etc.
303 1427 528 1484 Adventnslesu
544 1426 692 1497 significat
706 1427 803 1483 earnis
819 1427 997 1500 assumptio·

167 1534 247 1576 nem.
261 1514 373 1583 Sichar,
384 1530 452 1587 qnae
465 1514 673 1588 interpretatur
682 1518 822 1573 conrivatio
833 1515 995 1576 valramus.

1049 715 1220 757 namsuam
1245 699 1376 756 fructum
1401 698 1474 756 boni
1498 691 1604 771 operis
1622 695 1654 751 in
1682 691 1825 765 mnibus
1840 690 1881 761 gi·

1050 791 1155 857 gnunt.
1168 789 1207 844 Et
1222 790 1386 858 mirantur,
1400 787 1480 861 qaod
1494 801 1561 843 cam
1588 785 1714 841 maliem
1732 782 1879 854 multer,

1049 876 1123 933 dum
1150 881 1270 950 stupent
1297 878 1335 935 de
1363 875 1567 934 misericordia
1590 873 1651 942 bei,
1675 869 1760 946 quod
1788 868 1879 926 etiam

1050 965 1204 1035 gentilitati
1218 965 1268 1023 liei
1281 966 1377 1038 gratia
1388 966 1587 1040 dispensatur.
1602 964 1643 1019 Et
1655 960 1775 1031 amlier,
1790 957 1822 1015 id
1836 963 1880 1016 est

1050 1053 1207 1124 gentilitas,
1224 1070 1378 1123 conversa,
1395 1058 1477 1111 tanta
1497 1051 1627 1110 veritatis
1641 1047 1813 1121 cognitione
1826 1061 1879 1121 per

1050 1143 1142 1199 iidem
1156 1146 1306 1217 percepta,
1318 1143 1440 1216 reliquit
1466 1141 1608 1212 baddam
1621 1153 1707 1196 suam
1731 1151 1786 1210 per
1798 1133 1879 1208 cupi·

1050 1233 1149 1291 ditatis
1161 1233 1450 1290 abrenuntiationem
1462 1250 1470 1302 ;
1481 1238 1509 1290 et
1523 1232 1607 1302 abiit,
1622 1244 1678 1303 per
1688 1228 1880 1299 benemope·

1050 1323 1196 1380 rationem
1209 1328 1238 1380 et
1249 1328 1441 1388 peccatorum
1469 1337 1593 1379 suorum
1617 1317 1835 1383 remissionem,
1847 1317 1877 1372 ia

1051 1415 1211 1486 civitatem,
1228 1413 1258 1470 id
1274 1418 1318 1471 est
1331 1412 1497 1470 infidelium
1511 1408 1744 1476 multitudinem,
1760 1412 1789 1464 et
1801 1405 1877 1462 dieii

1052 1504 1219 1561 horninibus
1244 1505 1317 1576 illas,
1343 1519 1398 1576 per
1422 1500 1689 1576 predicationem:
1713 1496 1824 1565 Venite,
1851 1500 1878 1551 et

168 1604 317 1678 significat
346 1602 486 1673 gentilem
519 1604 675 1677 populum.
709 1605 838 1679 Populus
865 1620 998 1678 namque
1017 1594 1148 1660 avidae
1162 1594 1319 1660 bominem,
1333 1593 1476 1666 qatdiait
1502 1589 1580 1647 milti
1602 1585 1876 1658 acclamasset

169 1693 285 1769 gentilis
299 1691 357 1748 sub
371 1695 495 1765 peccato
509 1692 564 1749 luit
575 1692 743 1761 conclusus,
760 1698 787 1750 et
798 1698 950 1751 estramus
960 1693 997 1749 de

63 1769 71 1793 “
168 1785 298 1844 oleastro
312 1782 439 1851 excisus,
460 1781 543 1839 olivae
568 1783 704 1840 insertus.
731 1787 807 1839 Fons
828 1783 930 1853 Jacob,
945 1782 998 1856 qui

170 1873 211 1931 ibi
219 1875 292 1942 erat,
304 1871 473 1929 naturalem
484 1871 793 1942 significatrationcm,
808 1887 868 1928 non
878 1870 998 1928 aliunde

170 1964 353 2032 surgentem,
369 1959 426 2016 nisi
445 1975 568 2017 aeausa
581 1960 718 2016 omniun
730 1960 892 2028 bonorum,
908 1959 937 2015 id
955 1963 1000 2016 cst

170 2055 241 2110 Deo.
258 2053 291 2107 Et
301 2041 370 2107 ideo
384 2049 510 2123 pulchre
524 2048 649 2106 dicitur:
663 2050 741 2107 Erat
756 2050 798 2106 iti
811 2050 881 2121 sons
895 2050 997 2122 Jacob,

170 2141 202 2199 id
215 2139 349 2198 estratlo
373 2138 498 2211 infinita,
525 2138 617 2195 Patris
641 2138 794 2197 altitudine
821 2138 997 2213 procedens.

169 2231 364 2289 lesusautem
374 2230 525 2300 fatigatus
535 2229 696 2297 eeitinere,
706 2229 924 2299 sedebatsapra
932 2228 1000 2299 soa-

172 2325 239 2378 tem.
254 2321 310 2375 lter
321 2320 390 2374 lesu
399 2323 444 2374 est
453 2317 636 2392 dispensatio
647 2317 879 2386 ineamattonis3
895 2317 998 2385 sessio,

171 2407 306 2480 dignatio
319 2406 494 2464 humilitatis
506 2425 513 2476 ;
529 2406 683 2484 lassitudo,
710 2407 867 2464 infirmitas
882 2406 998 2473 carnis;

172 2501 255 2554 sexta
265 2496 351 2564 hora,
368 2499 451 2553 sexta
463 2498 534 2551 oetas
546 2513 553 2563 3
564 2499 682 2568 puteus,
697 2495 884 2567 profunditas
909 2495 1000 2565 huJ‘ns

172 2586 292 2653 sarculi3
319 2584 515 2656 Samaritana,
544 2584 682 2641 Ecclesia.
710 2584 794 2640 Venit
808 2600 880 2654 ergo
894 2584 1001 2640 mulier

171 2690 234 2732 non
246 2674 311 2744 iam
332 2672 504 2743 justificata,
534 2673 586 2728 sed
609 2672 822 2744 justificanda:
847 2688 1001 2746 qnaenon-

173 2762 258 2829 dum,
287 2759 412 2815 dimissa
436 2760 545 2832 hydria
560 2760 738 2833 cupiditatis,
765 2762 923 2818 hauriebat
947 2760 1001 2816 iln-

172 2848 256 2906 vium
281 2847 441 2920 voluptatis
468 2847 505 2902 de
533 2847 684 2920 proiundo
709 2849 810 2906 saeculi
835 2850 999 2923 praesentis.

1052 1680 1181 1738 Ecclesia
1195 1697 1328 1755 namque
1352 1697 1389 1738 ex
1412 1679 1550 1751 gentibus
1575 1690 1721 1734 conversa
1744 1673 1878 1731 omniurn

1052 1771 1179 1829 salutem
1191 1770 1349 1838 desiderat,
1363 1775 1391 1827 et
1403 1785 1518 1838 omnes,
1532 1783 1610 1842 qnos
1637 1769 1744 1840 potest,
1759 1762 1799 1820 ed
1810 1761 1878 1819 divi-

1051 1876 1124 1917 uam
1135 1861 1282 1918 visionem
1295 1864 1393 1918 vocat.
1409 1860 1449 1916 Et
1468 1861 1606 1916 seierum
1620 1857 1656 1913 de
1669 1857 1792 1931 civitate
1814 1853 1878 1919 illa,

1052 1953 1081 2006 et
1094 1950 1251 2007 veniebant
1263 1950 1388 2007 adeam.
1407 1948 1453 2006 Sic
1468 1951 1589 2021 propter
1615 1944 1751 2001 audium
1776 1955 1878 1998 vocem

1052 2038 1271 2113 praedicationis
1283 2043 1424 2096 exeuntes
1439 2039 1476 2095 de
1491 2037 1636 2112 pravitate
1663 2032 1798 2107 pristinae
1812 2045 1879 2088 con·

1052 2129 1237 2197 versationis,
1253 2128 1450 2186 veneruntad
1464 2126 1665 2199 cognitionem
1688 2121 1819 2181 veritatis
1830 2119 1877 2186 illi,

1053 2217 1104 2291 qni
1119 2222 1270 2274 consortes
1285 2220 1355 2274 sunt
1369 2215 1458 2274 iuturi
1477 2220 1595 2273 laternae
1619 2209 1824 2271 beatitudinis.
1836 2205 1880 2264 lli·

1054 2311 1138 2365 scnnt
1149 2306 1200 2363 lilii
1214 2306 1350 2363 Ecclesiae
1362 2309 1489 2363 matrem
1505 2320 1591 2362 suam
1619 2300 1728 2359 imitari
1742 2317 1752 2368 ς
1767 2297 1881 2355 discent

1052 2412 1115 2453 non
1127 2396 1228 2464 armis,
1242 2396 1296 2452 sed
1310 2395 1409 2452 verbis
1422 2393 1556 2451 infideles
1571 2393 1610 2450 ad
1634 2395 1729 2450 ileum
1754 2388 1880 2452 ducere;

1053 2485 1170 2542 discant
1181 2501 1242 2543 non
1255 2485 1386 2559 peritura
1397 2484 1480 2542 bona
1488 2483 1531 2540 eis
1545 2483 1575 2540 vi
1587 2481 1714 2548 auterre,
1725 2477 1779 2535 sed
1792 2480 1822 2534 et
1834 2491 1882 2549 pe

1053 2575 1146 2631 ritura
1160 2579 1189 2631 et
1200 2590 1399 2649 permansura
1414 2573 1456 2630 eie
1470 2589 1524 2647 per
1536 2571 1710 2630 charitatem
1735 2566 1879 2624 conferre.

1054 2666 1159 2738 dolii,
1174 2665 1335 2722 moadeca.
1343 2666 1383 2721 Et
1395 2665 1567 2735 respondit:
1576 2663 1641 2734 Ego
1653 2660 1747 2718 taceo
1756 2656 1881 2714 meadu-

1055 2769 1125 2811 eare
1138 2753 1248 2826 eibum,
1261 2768 1347 2824 qoem
1361 2769 1411 2809 eos
1431 2754 1559 2810 nescitis.
1586 2753 1670 2808 niteas
1683 2749 1768 2806 cibes
1782 2752 1836 2814 est,
1849 2751 1883 2800 et

1053 2842 1167 2913 sedam
1182 2842 1366 2898 volantatem
1382 2843 1446 2912 ejics
1456 2843 1509 2913 φα·
1517 2841 1597 2896 misit
1607 2854 1662 2895 me.
1675 2836 1820 2893 voluntas
1834 2836 1884 2888 Pa-

173 2937 260 2993 Dieit
269 2936 297 2992 ei
309 2935 415 2991 lesos:
428 2935 468 2990 da
478 2934 555 2992 aiibi
568 2936 674 2993 bibere.
690 2937 761 2993 Petit
773 2941 857 2995 lesus
870 2954 889 2994 a
902 2938 1002 3011 primi·
1021 2959 1041 3015 c
1056 2931 1107 2988 tris
1121 2931 1186 3003 eius
1200 2935 1244 2988 est
1259 2930 1412 2987 conversio
1427 2936 1455 2987 ct
1467 2929 1639 3004 justificatio
1653 2925 1798 2997 hominis,
1813 2922 1885 2998 quia

174 3024 234 3082 lira
248 3021 378 3083 Ecclesia
402 3022 439 3079 de
464 3022 612 3095 gentibus,
626 3028 732 3097 potum
743 3025 823 3094 fidei,
848 3026 955 3100 quain
972 3042 1002 3082 se

174 3113 405 3187 Redemptorcm
424 3112 571 3169 credattu.
584 3113 656 3171 Petit
681 3118 786 3187 potum
809 3116 941 3184 rationis,
971 3120 1004 3172 ut

175 3203 239 3278 lpse
253 3205 371 3261 Creator
399 3201 601 3273 investigatur.
618 3206 652 3260 Et
667 3204 741 3260 dum
770 3206 809 3262 ab
835 3223 870 3263 ea
898 3210 1004 3279 potum

175 3291 316 3366 postulat,
329 3295 403 3366 potu
415 3307 483 3348 eam
509 3291 636 3348 eoeiestis
653 3293 754 3363 gratim
779 3293 914 3351 inebriat.
929 3299 1005 3367 Apo-

177 3380 243 3436 stoli
255 3380 286 3437 in
299 3380 415 3437 civitate
431 3395 515 3437 escas
540 3384 653 3450 emunt,
669 3382 743 3438 dum
766 3382 797 3439 in
822 3384 936 3439 mundo
950 3398 1005 3438 sua

176 3467 387 3541 predicatione
408 3467 500 3524 fidem
513 3468 543 3524 in
564 3469 694 3542 populis,
711 3475 740 3527 et
766 3471 880 3528 bonam
903 3486 1006 3544 opera·

177 3554 289 3610 tionem
297 3555 336 3610 ad
343 3555 489 3612 honorem
500 3560 529 3611 et
537 3555 721 3613 voluntatem
736 3559 895 3615 salvatoris
905 3559 1006 3633 acqui-

176 3647 256 3700 runt.
279 3643 367 3711 Vade,
384 3658 456 3699 noca
470 3647 569 3700 airam
585 3650 679 3702 tuarn.
691 3648 853 3718 Respondit
874 3651 983 3706 nrrtlter
994 3665 1006 3707 .·

177 3730 245 3787 Non
272 3728 365 3786 babeo
387 3731 496 3787 viram.
511 3731 598 3788 Dicit
611 3733 639 3788 ei
659 3734 764 3789 lesos:
784 3736 866 3793 Bere
890 3737 1004 3806 amisti,

1057 3021 1188 3080 Christus
1201 3021 1295 3079 reficit
1309 3021 1450 3095 seipsum,
1467 3022 1541 3078 dum
1568 3019 1703 3077 infideles
1729 3016 1884 3074 veritatem

1057 3111 1153 3169 docet.

1092 3203 1447 3259 Levateoealosvestros:
1470 3206 1498 3258 ct
1522 3201 1619 3283 videte
1637 3200 1781 3271 regiones,
1814 3195 1883 3267 qaia

1058 3292 1136 3349 altre
1159 3297 1229 3348 stent
1243 3294 1310 3363 jam
1326 3291 1368 3348 ad
1379 3306 1510 3348 messem..
1524 3287 1672 3363 Apostoiis
1692 3283 1885 3344 offerentibus

1059 3379 1160 3437 eibum
1183 3379 1380 3454 corporalem,
1405 3379 1492 3437 docet
1515 3395 1567 3436 eos
1580 3394 1672 3452 quern
1694 3375 1797 3433 cibum
1822 3372 1884 3445 ipse

1059 3467 1177 3537 esuriat,
1194 3468 1320 3525 salntem
1333 3468 1442 3526 sedicet
1466 3468 1635 3525 hominum.
1652 3467 1756 3523 Levate
1771 3461 1882 3527 acidos,

1059 3563 1087 3616 ct
1101 3559 1208 3631 videte,
1221 3559 1253 3614 id
1279 3564 1322 3615 est
1346 3559 1495 3616 intellectu
1517 3557 1712 3621 considerate,
1726 3553 1884 3629 qniatrm·

1059 3651 1163 3703 sancta
1176 3646 1273 3703 hieme
1287 3646 1477 3717 infidelitatis,
1496 3647 1580 3705 adest
1603 3646 1684 3703 calor
1697 3641 1770 3699 fidei
1795 3644 1824 3698 et
1834 3654 1883 3713 pa·

1058 3740 1124 3792 rata
1138 3738 1207 3791 suni
1221 3735 1321 3804 corda,
1337 3741 1370 3792 nt
1381 3753 1473 3809 opera
1481 3735 1600 3810 justitiae
1613 3751 1650 3792 cx
1659 3732 1716 3790 iilis
1729 3729 1880 3803 colligatis.

64 3882 65 3885 ,
178 3835 238 3877 noa
254 3819 346 3877 babeo
360 3820 468 3876 nitram.
485 3821 620 3890 Quinque
634 3823 711 3879 enim
726 3824 1007 3898 vtrostrabaisti;et
1060 3823 1298 3898 thuiseminat
1317 3824 1405 3882 simul
1429 3823 1672 3897 gaudeat,etqui
1695 3821 1790 3879 metit.
1808 3823 1882 3877 truc

178 3923 260 3964 aare
273 3923 359 3980 quem
374 3907 473 3978 babes,
491 3923 552 3964 aaa
567 3915 610 3965 est
635 3916 704 3965 tarn
720 3913 776 3968 vir.
804 3912 940 3986 Quinque
953 3913 1008 3969 viri
1059 3928 1118 3988 que
1133 3928 1209 3986 opus
1223 3916 1295 3981 erat,
1312 3918 1340 3971 ct
1355 3915 1512 3982 seminare,
1528 3919 1558 3972 et
1570 3918 1691 3982 metere,
1706 3909 1816 3985 quiain
1829 3908 1881 3965 hot

179 4000 259 4066 sunt,
272 3995 406 4069 quinque
420 4010 525 4068 sensus
552 3997 694 4070 eorporis.
712 4000 767 4066 Qui
792 4002 860 4058 ideo
875 4007 953 4059 recte
967 4003 1009 4059 di·
1060 4005 1185 4076 apparet
1196 4002 1352 4076 probabile
1364 4004 1491 4061 verbum
1504 4005 1669 4074 :Atiasest
1683 4003 1737 4074 qui
1749 4000 1879 4066 sabbat,

179 4087 288 4140 cuntur
298 4084 407 4141 animae
423 4084 488 4153 viri,
502 4086 810 4160 quiaillinaturaliter
835 4097 904 4148 sunt
918 4110 1009 4167 copu-
1060 4098 1088 4149 et
1102 4093 1244 4164 altaequi
1268 4095 1352 4150 raetit
1365 4093 1462 4165 (toan.
1476 4095 1524 4167 tv).
1550 4093 1609 4151 Nisi
1620 4092 1701 4149 enim
1727 4083 1879 4164 praeparati

178 4172 239 4241 lati,
254 4176 352 4248 utper
367 4189 471 4231 eorum
493 4176 746 4250 conjunctionem,
759 4180 911 4239 bonorum
941 4199 1010 4256 ope
1060 4187 1158 4238 essent
1179 4198 1232 4255 per
1257 4183 1419 4256 prophetas
1458 4200 1519 4240 non
1550 4183 1687 4240 audirent
1713 4178 1877 4254 apostolos:

178 4277 247 4319 rum
259 4261 370 4319 babeat
385 4262 607 4334 iocunditatem,
625 4270 654 4323 et
664 4267 796 4341 proterat
810 4271 935 4343 prolem.
954 4270 1008 4337 Qui
1022 4310 1045 4364 D
1060 4286 1121 4326 non
1134 4270 1214 4327 enim
1227 4271 1395 4328 crederetur
1408 4272 1560 4345 apostolis,
1574 4271 1631 4329 nisi
1645 4271 1800 4344 prophetae
1814 4280 1878 4342 prat·

179 4350 316 4410 videlicet
327 4367 433 4409 sensns
446 4353 554 4410 enimse
570 4355 719 4427 sigillatim
741 4358 918 4430 moriuntur,
934 4359 1008 4415 dum
1061 4359 1226 4416 cessissent.
1242 4360 1306 4430 ligo
1321 4360 1391 4416 miri
1402 4376 1452 4417 vos
1468 4365 1585 4432 metere,
1601 4360 1682 4434 qaod
1694 4376 1756 4416 noo
1772 4359 1880 4416 labore·

178 4457 234 4515 per
240 4441 427 4512 iniquitatem
435 4443 644 4500 succedentem
655 4451 897 4518 conumpuntnr.
910 4447 1008 4505 Etistis
1060 4448 1124 4504 stis.
1134 4448 1201 4503 Atii
1215 4448 1438 4515 laboraverant,
1450 4454 1479 4506 et
1493 4464 1543 4506 vos
1557 4451 1589 4506 in
1603 4449 1718 4506 labores
1733 4461 1834 4504 eoram
1843 4447 1881 4500 ia·

178 4528 251 4586 viris
263 4530 397 4598 mortrds,
414 4529 445 4586 id
459 4536 504 4587 est
517 4531 655 4588 sensibus
670 4549 724 4606 per
746 4533 932 4607 iniquitatem
945 4550 1009 4592 eor
1062 4536 1182 4592 troistis.
1194 4535 1272 4593 liulti
1280 4535 1398 4593 labores
1410 4536 1530 4594 inerunt
1536 4536 1713 4610 patriarchis
1725 4539 1755 4593 et
1760 4533 1882 4609 propbe·

179 4618 286 4691 ruptis,
300 4619 455 4689 conjungit
467 4619 523 4675 sibi
534 4620 670 4678 humana
682 4627 789 4680 natura
804 4629 931 4698 sextum,
947 4640 1008 4681 non
1061 4626 1107 4694 tis,
1122 4625 1154 4681 in
1167 4625 1427 4698 qnihnsomnibus
1441 4627 1599 4700 prophetia
1613 4627 1736 4696 Christi3
1755 4631 1785 4685 et
1804 4622 1882 4684 muli

181 4705 333 4777 meritum,
348 4707 401 4762 sed
415 4705 624 4765 fornicatorem
639 4715 668 4766 et
689 4717 913 4786 corruptorem:
930 4729 1008 4770 erro·
1061 4713 1142 4787 passi
1155 4717 1225 4769 sunt
1241 4713 1329 4786 quasi
1344 4714 1547 4772 seminationis
1561 4715 1679 4786 frigore.
1708 4716 1800 4783 Quasi
1812 4714 1884 4772 diae

180 4807 255 4876 rem,
265 4791 375 4849 seilicet
381 4793 581 4853 mundanum.
593 4797 692 4853 'lolem
713 4800 803 4869 igitur
809 4801 921 4858 invenit
931 4802 1010 4860 Chri·
1061 4805 1106 4859 ret
1119 4818 1126 4857 τ
1139 4803 1197 4857 Vos
1209 4800 1286 4858 facio
1300 4818 1448 4860 messores
1461 4803 1514 4871 ibi,
1527 4804 1579 4860 ubi
1594 4804 1642 4861 alii
1655 4805 1883 4872 seminaverunt,

183 4883 246 4938 stus
259 4880 415 4938 mulierem
431 4883 660 4953 samaritanam,
669 4887 699 4943 id
710 4894 753 4945 est
766 4890 898 4959 gentium
914 4892 1010 4948 Eccle·
1061 4891 1092 4947 id
1103 4893 1148 4947 est
1159 4890 1191 4946 in
1200 4888 1313 4960 iudaea,
1328 4893 1381 4948 ubi
1390 4892 1489 4966 prima
1502 4909 1587 4965 seges
1601 4898 1646 4951 est
1658 4894 1792 4953 collecte.
1804 4893 1885 4953 {inde

182 4969 259 5028 siem
270 4985 333 5026 non
344 4969 432 5029 ebeni
443 4969 576 5041 legitimo
587 4972 661 5043 viro,
676 4974 706 5032 id
714 4980 837 5034 estsano
853 4979 1010 5036 sensuico-
1062 4979 1154 5052 aliqui
1166 4985 1308 5037 exeuntes
1322 4981 1353 5037 in
1365 4986 1428 5039 toto
1448 4983 1563 5040 mundo
1576 4983 1777 5042 seminabunt.
1809 4984 1886 5042 Unde

181 5059 327 5135 pulatam,
340 5058 392 5116 sed
408 5074 463 5116 sno
476 5062 642 5135 corruptori
665 5065 868 5137 conjunctam.
885 5068 942 5123 sed
955 5071 1010 5123 llo
1063 5068 1120 5126 alia
1135 5069 1241 5126 messis
1259 5071 1347 5143 quasi
1372 5071 1409 5129 de
1426 5072 1528 5144 granis
1556 5076 1658 5144 surget
1679 5073 1887 5145 colligendam

182 5149 395 5208 minusvolens
408 5151 684 5211 eamadveritatem
694 5170 844 5223 revocare,
856 5156 954 5213 ncilla
964 5157 1010 5228 teo
1062 5159 1123 5216 fine
1138 5158 1237 5215 saeculi
1259 5160 1443 5217 messoribus
1469 5160 1593 5233 angelis.
1608 5164 1659 5220 lle
1685 5165 1808 5222 deitate
1834 5163 1889 5221 tlte

182 5240 265 5313 quod
279 5239 415 5298 audierat
426 5244 526 5314 patres
538 5240 569 5298 in
583 5247 685 5300 monte
698 5242 748 5299 illo
760 5244 913 5314 adorasse,
928 5248 1010 5302 etlu-
1062 5248 1153 5303 malti
1161 5246 1352 5303 crediderant
1363 5250 1395 5305 in
1404 5264 1471 5306 eam
1480 5251 1891 5310 Samamcaoromurcdunt

182 5329 380 5387 daostunoin
388 5330 1011 5405 Hierosolymisadoraretne,inquam,exi-
1063 5333 1094 5389 in
1108 5349 1177 5389 eum
1190 5333 1241 5401 illi,
1254 5334 1388 5407 quicum
1404 5352 1466 5393 non
1481 5338 1579 5395 solnm
1605 5353 1660 5413 per
1686 5339 1891 5397 eredulitatem

183 5416 358 5476 elimaretin
372 5420 536 5477 monteillo
558 5420 647 5478 velin
662 5420 873 5494 Hierosolymis
895 5426 1010 5480 tantum
1063 5425 1240 5492 agnoscunt,
1264 5424 1316 5479 sed
1342 5424 1432 5482 etiam
1457 5442 1511 5500 per
1534 5428 1674 5485 affectum
1698 5429 1838 5500 diligunt.
1853 5429 1891 5486 Et

184 5517 249 5558 esse
263 5505 462 5576 adorandum,
479 5508 665 5581 subiungens
679 5508 782 5567 docuit
794 5525 872 5578 eam,
884 5509 986 5567 dieens
1001 5529 1008 5569 :
1064 5513 1173 5569 manat
1186 5513 1229 5569 ibi
1240 5514 1314 5571 daos
1328 5515 1400 5573 dies.
1416 5519 1497 5574 Duos
1511 5517 1575 5574 dies
1586 5523 1690 5575 manet
1715 5518 1800 5592 apud
1815 5518 1890 5589 iilos,

184 5589 298 5647 llulier
310 5593 486 5666 messatici,
498 5599 578 5658 aegit
588 5597 664 5655 tora
674 5610 686 5670 ;
698 5603 727 5655 et
738 5600 1010 5681 neocesariensis
1062 5616 1140 5690 quos
1149 5600 1270 5659 duobus
1279 5603 1436 5678 praecptis
1445 5606 1596 5667 cautuae
1607 5606 1727 5671 usum
1738 5613 1767 5668 et
1775 5607 1809 5668 in
1820 5608 1892 5688 ipsis
