3832 6044
104 125 156 176 703
430 123 581 179 annonis
601 123 645 177 DE
666 121 693 175 S.
714 115 862 173 VICTORE
881 113 956 169 01³1).
976 112 1064 171 Plus
1080 116 1100 171 Ι.
1117 147 1151 156 —-
1167 118 1358 175 nxncartca
1377 119 1491 174 nbula.
1766 121 1815 174 704

104 259 229 300 numeru
251 247 347 302 Israel
364 253 391 301 ct
403 249 524 304 rituam.
539 250 578 303 h't
591 248 757 303 ›irrina-unit
771 245 926 314 papatum.
946 239 970 290 Λ
985 244 1116 298 transeat
1128 244 1249 314 justitiae
1260 242 1579 308 inordinatadeiensio‚
1595 231 1633 297 nc
1647 242 1721 297 dum
1735 241 1818 296 recti-

105 333 335 405 Propter-quum
359 352 478 392 ceresam
504 337 623 391 irionisit
638 332 930 402 Dorrriauspestitan-
986 332 1058 387 tudo
1073 333 1190 390 incaute
1219 333 1360 404 diligitur,
1389 333 1455 406 ipsa
1477 333 1620 402 magistra
1634 330 1819 388 rectitudinis

107 422 179 478 tiam
207 424 238 478 in
259 425 356 480 Israel
368 440 380 480 .·
399 430 426 480 et
441 426 552 480 mortui
564 430 633 480 sunt
647 439 685 480 cc·
702 422 815 492 populo
830 435 848 475 a
862 421 930 474 Dan
985 421 1137 479 humilitas
1158 423 1320 489 amittatur,
1339 438 1376 478 ne
1391 439 1460 478 eum
1477 421 1533 478 sibi
1548 437 1675 495 praeesse
1689 420 1819 494 quisquc

107 513 252 582 usquead
272 514 417 569 Bersabee
427 516 618 585 scptunpintu
631 514 728 569 orittia
743 513 875 568 virorum
888 508 934 579 (II
985 510 1130 583 despiciat
1146 530 1153 568 ε
1168 528 1260 585 quem
1272 512 1395 569 tortasse
1417 511 1548 582 contigit,
1563 515 1596 567 ut
1609 511 1640 566 in
1655 509 1758 583 aliqua
1772 525 1819 565 ac-

106 601 176 670 Iteg.
193 600 280 672 axis).
297 590 462 670 Careamus,
474 607 518 668 23,
534 602 656 672 Merui.)
671 604 725 656 Pro
740 597 931 672 qualitatibus
987 599 1065 656 tione
1096 601 1303 673 reprehendat.
1331 603 1440 657 Contra
1461 601 1542 657 hunc
1556 605 1705 657 tumorem
1718 614 1820 671 super-

107 686 294 745 subditorum
308 690 509 763 disponuntur
522 695 588 746 aeta
606 689 782 757 regentium,
799 691 831 743 ut
853 700 932 758 sape
987 687 1044 744 hire
1059 688 1247 746 subditorum
1262 705 1379 746 mensa
1405 688 1540 746 custodia
1559 686 1734 744 humilitatis
1749 687 1819 742 edo-

107 772 256 848 pro'malo
279 779 387 847 gregis,
402 780 491 835 ctiam
515 796 583 835 rere
599 779 669 834 boni
696 777 851 850 delinquat
873 774 932 830 vita
987 785 1096 845 matur,
1112 780 1136 834 si
1151 780 1308 836 infrunitus
1322 780 1444 854 propria
1455 780 1636 836 incessanter
1646 777 1817 834 attenditur.

107 864 243 937 pastoris.
268 865 314 920 ille
342 867 432 935 eninr,
448 871 507 924 lleo
531 871 695 927 attestante.
711 867 860 932 laudatus,
885 862 932 918 illc
987 868 1426 925 Narnviresnostrasreraciter
1439 867 1817 938 examinarenegligimus3

108 959 288 1009 secretorum
305 956 353 1010 ltei
369 957 506 1012 conscius
522 957 624 1024 ltnrid,
641 962 757 1012 tumore
772 954 933 1027 repentina

108 1040 242 1097 elationis
254 1041 384 1110 indutus,
405 1045 551 1117 populum
574 1045 763 1102 numerando
777 1042 909 1116 peccarit
925 1061 931 1097 :

108 1133 136 1185 et
151 1134 249 1187 tamen
264 1132 424 1189 vindictam
439 1134 578 1207 populus,
601 1134 693 1190 llarid
708 1136 860 1207 peccante,
872 1150 935 1188 sus-

108 1217 206 1291 cepit;
229 1219 301 1291 quia
316 1220 448 1278 videlieet
468 1224 634 1279 seeundum
657 1223 761 1279 merita
789 1221 932 1295 plebium.

108 1305 275 1378 disponitur
294 1308 352 1364 rita
366 1310 541 1380 regentium.
557 1315 656 1368 iustus
670 1327 741 1367 vero
751 1311 855 1383 judex,
868 1327 936 1383 pec-

108 1393 201 1449 cantis
223 1393 326 1452 vitium
348 1413 385 1454 cx
412 1397 546 1470 ipsorum
570 1399 828 1456 animadversione
848 1398 935 1454 corri-

109 1481 182 1554 puit,
201 1499 243 1538 cx
259 1501 390 1557 quorum
418 1504 508 1544 causa
533 1488 676 1561 peccarit.
706 1489 773 1553 Sed,
786 1488 858 1561 quia
872 1487 935 1560 ipse

988 963 1015 1013 et
1030 957 1152 1030 quiade
1168 958 1255 1014 nobis
1269 958 1355 1014 fortia
1370 958 1529 1024 credimus,
1545 956 1656 1012 ideirco
1671 972 1733 1022 eos,
1767 954 1819 1027 qui

988 1047 1075 1102 nobis
1090 1048 1203 1120 prolati
1219 1052 1296 1114 sunt,
1313 1048 1441 1105 districte
1454 1047 1637 1120 judicamus.
1660 1048 1723 1112 Quo
1738 1044 1819 1101 enim

988 1138 1187 1210 nosmetipsos
1202 1127 1302 1194 minus
1326 1139 1526 1210 agnoscimus,
1541 1154 1577 1193 co
1592 1137 1668 1204 illos,
1684 1151 1762 1210 quos
1777 1151 1819 1190 re·

988 1227 1172 1298 prehendere
1187 1227 1318 1296 nitimur,
1344 1228 1412 1302 plus
1430 1228 1575 1283 ridemus.
1606 1224 1729 1296 Singula
1755 1224 1820 1280 uae

989 1316 1069 1372 mala
1084 1321 1162 1384 sunt,
1178 1334 1245 1391 quse
1259 1334 1337 1391 saepe
1352 1333 1371 1374 a
1386 1316 1512 1374 subditis
1527 1317 1557 1372 in
1569 1314 1719 1389 praelatos,
1739 1329 1820 1386 sape

990 1422 1008 1462 a
1021 1405 1151 1478 prietatis
1161 1405 1189 1461 in
1201 1406 1337 1462 subditos
1349 1406 1575 1463 committuntur
1590 1423 1597 1465 ι
1626 1403 1698 1478 quia
1711 1407 1738 1459 et
1757 1419 1821 1458 om·

989 1494 1202 1563 nessubditos,
1228 1496 1268 1564 ni,
1295 1494 1347 1568 qui
1372 1499 1505 1568 presunt
1531 1494 1631 1549 minus
1654 1508 1748 1566 quam
1764 1491 1820 1564 ipsi

109 1569 218 1626 scilicet
233 1589 288 1628 sua
303 1575 453 1631 voluntate
470 1576 656 1650 superbiens,
677 1593 696 1632 a
719 1576 807 1649 culpa
821 1575 936 1633 alienus
954 1587 1068 1651 nsunt,
1080 1584 1228 1658 sapientes
1243 1585 1444 1652 art-‚umatum
1461 1589 1488 1639 et
1501 1600 1620 1639 rursum
1632 1582 1683 1655 qni
1694 1581 1819 1652 subjecti

109 1674 170 1714 nou
197 1660 260 1729 tuit,
287 1662 448 1720 vindictam
475 1665 571 1738 culpus
593 1665 681 1722 etiarn
707 1667 770 1738 ipso
794 1665 932 1739 suscepit.

109 1750 193 1816 Nam,
209 1748 252 1806 ira
263 1752 398 1819 stertens,
414 1770 480 1825 quse
495 1754 642 1827 populum
665 1752 856 1827 corporaliter
870 1756 935 1827 per-

110 1835 189 1904 culit,
205 1843 349 1896 rectorem
358 1857 479 1914 quoquc
490 1842 592 1915 populi
606 1842 711 1898 intimo
725 1842 823 1898 cordis
832 1843 935 1899 dolore

110 1926 277 1995 prostravit.
294 1933 412 1984 Certum
427 1945 498 1984 rero
509 1935 566 1986 est
578 1931 659 2002 quod
685 1931 725 1987 ita
740 1931 795 1987 sibi
810 1931 935 1988 invicem

110 2015 138 2066 et
160 2017 309 2069 rectorum
332 2014 437 2072 merita
451 2023 666 2076 connectantur
686 2024 714 2076 et
738 2019 882 2093 plebium,
906 2024 938 2076 ut

111 2115 189 2172 sape
214 2116 250 2156 ex
274 2102 362 2175 culpa
385 2109 540 2176 pastorum
568 2108 696 2164 deterior
722 2110 774 2164 tiat
802 2108 862 2166 rita
876 2109 937 2182 ple-

109 2187 204 2257 bium,
220 2195 248 2246 et
258 2208 337 2264 saepe
350 2210 385 2249 ex
401 2194 505 2251 merito
515 2196 648 2268 plebium
663 2202 793 2254 mutetur
802 2198 860 2254 rita
871 2214 937 2270 pas-

111 2280 219 2335 torum.
237 2280 304 2348 Sed,
329 2281 400 2354 quia
421 2287 548 2339 rectores
576 2286 833 2358 habentjudicem
847 2304 937 2343 suuni

110 2382 222 2436 magna
236 2369 350 2425 cautela
370 2371 557 2430 subditorum
572 2380 616 2431 est
636 2392 697 2431 non
722 2381 830 2432 temere
845 2377 937 2433 vitam

107 2454 241 2526 judicare
257 2457 535 2532 r·cgentium.;t'eque
552 2462 632 2521 enim
645 2464 753 2520 trustra
767 2479 820 2538 per
835 2469 938 2521 semet-

110 2542 210 2616 ipsum
237 2545 380 2601 Dominus
395 2565 435 2603 res
459 2551 730 2608 nummulariorum
745 2553 829 2626 fudit,
845 2559 873 2610 et
892 2570 939 2610 ca-

111 2632 231 2689 thedras
255 2634 447 2693 vendentium
468 2639 624 2696 columbas
653 2643 755 2698 evertit
769 2645 868 2716 (donn.
883 2648 936 2710 nt:

990 1678 1068 1739 sunt,
1088 1679 1236 1730 rectormu
1264 1691 1388 1731 suorum
1404 1673 1536 1730 actiones
1559 1672 1737 1743 dijudicant,
1755 1669 1821 1726 etsi

989 1761 1070 1835 ipsos
1085 1761 1217 1830 regimen
1233 1766 1331 1818 tenere
1347 1761 1539 1830 contingeret,
1557 1775 1587 1815 se
1607 1757 1738 1832 potuisse
1753 1772 1821 1823 age·

989 1867 1020 1906 re
1035 1850 1142 1906 melius
1154 1855 1269 1924 putrmt.
1287 1851 1369 1908 b'ndc
1385 1850 1563 1923 plerumque
1578 1848 1611 1904 tit
1626 1852 1656 1903 ut
1678 1852 1708 1903 et
1729 1849 1822 1902 recto

990 1956 1036 1997 res
1064 1940 1164 1995 minus
1188 1940 1350 2013 prudenter
1377 1956 1422 2005 ea,
1444 1956 1513 2013 quie
1537 1937 1656 2008 agenda
1683 1939 1764 1995 sunt.
1781 1933 1822 1989 si·

990 2030 1104 2094 deant3
1128 2029 1199 2101 quia
1221 2045 1325 2084 eorum
1350 2028 1453 2084 oculos
1469 2028 1534 2100 ipsa
1560 2025 1672 2083 nebula
1686 2023 1824 2080 elationis

991 2119 1141 2183 obseurat,
1166 2123 1194 2174 et
1220 2134 1439 2189 nonnunquam
1464 2117 1498 2184 is,
1524 2115 1576 2189 qui
1600 2115 1752 2186 subjectus
1768 2116 1821 2177 est,

991 2208 1058 2273 hoe,
1075 2223 1143 2262 cum
1159 2207 1300 2279 praelatus
1315 2206 1410 2272 scierit,
1426 2205 1616 2278 laciat,qu0d
1629 2202 1746 2259 dudum
1758 2202 1823 2259 lieri

992 2296 1144 2368 subjectus
1159 2296 1312 2365 arguebat.
1330 2299 1363 2352 Et
1372 2311 1427 2367 pro
1440 2311 1475 2350 eo
1490 2294 1572 2366 quod
1587 2293 1647 2363 illa,
1662 2308 1730 2364 quse
1742 2289 1823 2362 judi-

992 2391 1120 2452 caverat,
1135 2388 1293 2459 perpetrat,
1319 2383 1424 2440 saltem
1439 2383 1511 2457 quia
1523 2381 1677 2454 judicavit,
1701 2379 1824 2435 eruhes-

993 2476 1048 2526 eat.
1067 2470 1165 2539 tgitur,
1181 2470 1256 2525 sicut
1282 2468 1411 2542 pretatis
1425 2467 1594 2524 curandum
1609 2470 1652 2522 est
1666 2481 1704 2522 ne
1716 2479 1823 2520 eorum

992 2554 1084 2610 corda
1098 2553 1315 2610 existimatione
1335 2551 1493 2621 siugrdaris
1508 2550 1660 2624 sapientire
1673 2549 1758 2604 locus
1776 2565 1823 2604 su-

993 2643 1091 2717 perior
1114 2643 1243 2707 extollat,
1268 2642 1307 2698 ita
1323 2640 1464 2712 subjectis
1491 2639 1712 2713 providendum
1726 2640 1771 2693 est
1786 2651 1822 2692 nc

111 2721 253 2778 nimirum
280 2723 451 2793 signitieans
466 2728 549 2800 quod
563 2745 617 2802 per
636 2731 795 2799 magistros
815 2733 938 2806 quidem
993 2733 1049 2789 sibi
1063 2736 1212 2789 rectorum
1227 2731 1304 2787 taeta
1317 2729 1503 2802 displiceant.
1521 2728 1550 2784 Si
1557 2732 1657 2784 autem
1668 2726 1823 2797 magistro-

109 2809 223 2882 judicat
238 2810 329 2869 ritum
344 2813 488 2886 plebium,
512 2822 540 2873 et
555 2834 608 2890 per
622 2820 815 2893 semetipsum
828 2822 939 2878 exami-
993 2820 1126 2878 rumrita
1138 2821 1204 2892 jure
1220 2818 1453 2892 reprehenditur,
1468 2820 1583 2891 oportet
1596 2821 1629 2873 ut
1638 2832 1688 2872 eos
1699 2815 1822 2879 sulutiti,

112 2904 163 2956 nat
177 2900 254 2957 iacta
264 2902 485 2971 magistrorum,
497 2908 635 2978 quamvis
651 2909 739 2965 etiam
749 2910 936 2966 subditorum
957 2935 977 2990 C
993 2911 1083 2967 etiam
1098 2927 1168 2966 curu
1181 2909 1347 2982 displicent,
1369 2912 1556 2964 venerentur.
1581 2906 1637 2963 Sed
1647 2906 1704 2961 hoe
1720 2909 1764 2961 est
1778 2922 1824 2959 so

112 2988 191 3057 vitia,
205 3005 273 3062 quse
284 3007 301 3047 a
311 2993 460 3059 magistris
474 2995 566 3051 modo
578 2997 621 3051 ret
636 2997 781 3055 similibus
801 2998 938 3055 dissimu·
992 3001 1078 3057 lerter
1088 2999 1264 3056 intuendum
1278 3014 1326 3066 nc,
1342 3013 1434 3071 quem
1446 2995 1580 3053 venerari
1593 3010 1713 3051 neeesse
1728 2999 1782 3061 est,
1799 2994 1823 3048 si

112 3077 220 3146 lantur,
237 3079 282 3135 rel
305 3089 456 3154 nequeunt
468 3084 605 3155 jrntieari,
635 3087 699 3157 ejus
714 3087 818 3159 procul
843 3087 937 3144 dubio
993 3088 1231 3163 reprehensibilis
1244 3093 1297 3156 cst,
1313 3088 1422 3144 imitari
1437 3093 1578 3161 appetas;
1594 3089 1645 3141 aut
1655 3099 1746 3157 qrrem
1757 3081 1824 3137 imi-

109 3165 427 3236 judiciorcserroutur.
447 3173 545 3242 tgitur,
561 3174 635 3230 «lum
650 3175 732 3230 satra
742 3176 801 3232 tide
815 3193 863 3232 res
878 3177 939 3247 agi·
995 3179 1047 3234 tari
1059 3177 1198 3250 despicis,
1222 3177 1355 3233 venerari
1369 3180 1554 3231 contemnas.
1580 3172 1699 3231 Subtilis
1712 3170 1823 3227 etenim

112 3258 168 3321 tur,
184 3256 299 3313 virtutis
314 3263 357 3314 cst
369 3259 508 3316 meritum
525 3280 531 3317 ε
548 3261 657 3334 siquid
672 3263 754 3335 quod
778 3265 885 3337 prioris
895 3270 939 3323 est
993 3267 1041 3323 via
1053 3266 1180 3323 tenenda
1192 3272 1236 3322 est
1250 3264 1432 3322 rectitudinis
1446 3269 1474 3319 et
1484 3262 1666 3325 humititatis,
1681 3264 1713 3316 ut
1723 3260 1764 3315 sic
1779 3276 1824 3314 rc-

113 3342 261 3410 toleratur,
290 3345 378 3402 debet
401 3352 502 3405 tamen
536 3366 605 3406 eum
646 3351 811 3409 humilitate
832 3370 938 3424 snggc-
994 3355 1205 3429 prehensibilia
1233 3355 1444 3425 magistrorum
1474 3351 1550 3407 tacta
1577 3350 1764 3423 displiceant,
1792 3355 1825 3404 nt

112 3432 154 3500 ri;
171 3433 195 3488 si
209 3432 281 3489 torte
310 3435 414 3501 valeat,
430 3438 512 3509 quod
536 3438 680 3511 displicet,
695 3441 857 3499 emendari.
882 3445 938 3501 Sed
995 3445 1181 3500 subditorum
1196 3460 1281 3499 mens
1295 3459 1312 3498 a
1327 3441 1475 3498 servanda
1485 3439 1643 3510 magisterii
1658 3436 1825 3494 reverentia

114 3521 280 3576 cumndum
311 3539 502 3595 summopere
537 3533 598 3595 cst,
633 3544 671 3584 ne
703 3528 733 3585 in
768 3531 942 3602 superbiam
997 3549 1057 3590 non
1071 3533 1199 3590 recedat.

118 3729 309 3742 ..tm

712 3917 883 4009 LIBER
931 3919 1217 4009 SEPTIMUS.

260 4148 291 4200 tt
310 4150 342 4202 ΙΙΙ
358 4149 399 4204 ΕΤ
415 4150 447 4203 tv
462 4151 589 4207 austun.
607 4155 676 4208 -Α
693 4154 878 4212 sutertona
895 4153 1069 4220 ustiuhan
1084 4155 1441 4211 TRANSMIGRthONEM
1465 4153 1671 4207 blatteus.

148 4516 215 4569 Cir.
225 4516 245 4570 1.
255 4514 298 4569 De
310 4516 442 4572 Diversis
453 4518 580 4586 seruulis
593 4525 620 4575 ct
630 4521 713 4590 cquis
723 4519 902 4577 Salomonis.
958 4521 980 4575 l)
996 4519 1088 4575 boves
1099 4520 1226 4593 pingues
1239 4518 1376 4586 Decalogi
1386 4518 1628 4591 praedicationem
1639 4517 1779 4586 ligarunt,
1791 4515 1822 4571 in

147 4601 316 4659 Salomonis
336 4605 417 4660 cibrrs
433 4611 497 4661 erat
518 4623 574 4676 per
587 4608 648 4662 dies
663 4609 796 4679 singulos
814 4610 940 4680 triginta
995 4609 1087 4664 Veteri
1101 4613 1297 4665 Testamenta.
1312 4607 1418 4678 Viginti
1432 4607 1524 4662 hores
1544 4605 1710 4679 pascuales,
1726 4604 1824 4677 dupli-

112 4691 296 4760 ccrr'siruita,
307 4695 501 4762 etsernpiotu
516 4696 581 4750 cori
591 4696 702 4764 sertore
716 4713 727 4753 ,·
741 4697 839 4754 decem
856 4698 940 4753 boves
993 4697 1141 4753 cntionem
1167 4697 1302 4768 ejusdam
1332 4696 1551 4770 predicationis
1575 4695 1605 4751 in
1630 4698 1712 4752 Novo
1724 4696 1823 4751 Testa·

109 4777 246 4848 pinques,
258 4784 285 4834 et
296 4781 405 4848 riperti
416 4781 499 4838 boves
512 4787 680 4856 pascuales,
692 4791 718 4841 et
734 4788 940 4843 ranleicorte
993 4791 1103 4842 mente.
1128 4788 1251 4841 Centum
1266 4784 1381 4851 arietes,
1405 4784 1567 4857 perfectam
1590 4782 1824 4839 ecelesiasticam

112 4871 165 4937 tes,
180 4873 469 4937 exceptaveontioue
482 4887 648 4945 ceruorum,
659 4884 940 4949 capreurroumtqne
993 4873 1213 4946 praelationenm
1228 4872 1343 4929 venatio
1357 4872 1497 4940 terarum,
1513 4871 1611 4945 captio
1626 4871 1738 4938 avium,
1749 4886 1825 4944 qua-

112 4954 298 5023 bnbctorum,
308 4964 335 5014 et
350 4962 449 5016 aniam
463 4963 726 5037 attiliurn,ete.(lll
737 4967 849 5039 Regae)
859 4967 939 5024 Salo·
992 4962 1131 5019 rumhbet
1147 4961 1280 5030 gentium
1295 4966 1323 5016 et
1336 4960 1535 5033 superborum
1550 4965 1579 5017 et
1596 4959 1739 5016 ferocium
1753 4975 1824 5014 eon-

111 5044 936 5123 mon,idestpacificusetuomine,ctserenissimostatu,
990 5051 1168 5108 versionem.
1182 5052 1221 5106 Et
1245 5050 1371 5106 babebat
1383 5050 1587 5121 quandraginta
1598 5051 1697 5106 mittio
1715 5063 1825 5119 pruse-

110 5134 193 5204 regni
203 5135 350 5193 Christum
364 5137 520 5206 signifieat.
533 5139 622 5196 Cibus
631 5140 808 5208 Salomonis,
819 5142 938 5199 reiectio
988 5143 1040 5211 pio
1055 5157 1196 5213 equorum
1213 5140 1382 5206 currilium,
1403 5145 1429 5196 et
1444 5140 1598 5195 desederint
1613 5140 1711 5195 millia
1726 5153 1825 5210 eques-

111 5226 155 5277 est
169 5223 282 5291 Christi,
298 5225 349 5297 qui
374 5225 507 5297 pascitur
530 5227 588 5283 tide
604 5229 796 5300 emporibus,
815 5246 882 5303 quar
898 5230 937 5286 illi
992 5231 1093 5295 tricor,
1109 5234 1165 5285 etc.
1188 5227 1262 5301 Equi
1287 5227 1465 5293 Salomonis,
1484 5227 1694 5300 praedicatores
1718 5226 1826 5284 Christi

109 5307 275 5366 offeruntur
297 5312 429 5383 quotidie
445 5312 484 5369 al>
500 5313 638 5371 Ecclesia.
654 5314 782 5384 triginta
805 5330 937 5388 namque
991 5317 1158 5386 designant,
1182 5317 1293 5389 quibus
1322 5316 1453 5371 Christus
1482 5331 1535 5388 per
1557 5315 1662 5371 orbem
1677 5321 1824 5371 terrarum

110 5396 170 5450 cori
181 5395 284 5452 simila
300 5400 676 5471 ttdcmdesignantsauetae
686 5402 936 5460 trinitatisseaa·
990 5404 1116 5471 vehitur,
1132 5405 1162 5460 in
1178 5404 1289 5477 quibus
1302 5407 1405 5460 contra
1420 5404 1574 5459 demones
1586 5403 1828 5477 praeliaturum

110 5480 192 5551 ginta
205 5497 275 5537 vero
287 5487 347 5542 cori
362 5487 474 5555 larium,
486 5490 625 5561 perfectio
640 5490 711 5547 honi
724 5491 833 5564 operis.
848 5493 879 5547 ln
894 5507 937 5546 sc·
990 5492 1085 5550 titudo
1099 5492 1315 5566 praesepiorum
1342 5491 1564 5548 nnrltitudinem
1591 5492 1748 5563 librorum,
1769 5493 1824 5548 tria

110 5568 195 5625 nario
210 5585 341 5643 namque
355 5577 432 5630 heus
441 5579 683 5648 opusereationis
690 5581 821 5652 perierit.
831 5584 937 5637 Decem
991 5580 1083 5638 millia
1098 5580 1312 5654 parabolarum
1326 5580 1504 5654 composuit.
