3832 6044
48 141 99 196 tae

631 115 665 195 ut
685 119 938 196 acussinsrau
958 90 1109 194 nouum
1127 89 1182 195 xui

1711 140 1760 199 lit)

48 262 105 318 sub
121 253 326 319 solc‘nrmrero
351 261 469 318 <licium
488 261 557 318 ritu
576 279 648 318 suar.
660 263 730 318 vtae
755 277 825 333 ergo
851 264 885 315 ut
901 263 924 314 h
940 261 1022 332 quod
1037 261 1115 317 intus
1126 260 1461 336 perdidistillagniiicas
1474 279 1566 338 opera
1580 264 1719 337 tua,quia
1731 265 1764 323 in

48 368 232 426 perseveres.
250 356 280 407 ut
294 351 325 407 in
337 350 459 406 veritate
472 368 590 424 qrueras
605 356 633 407 et
647 357 679 408 ut
690 366 880 425 perseveran-

48 449 241 514 terqturras;
256 440 403 514 quianon
419 441 569 496 iruenitur
592 442 699 498 ueritas
720 441 776 496 nisi
793 439 881 496 abiis

48 532 99 604 qui
114 547 186 586 eam
201 531 231 586 in
245 530 368 586 raritate
380 532 537 602 quierunt?
557 529 612 596 Qui
624 534 693 586 sunt
706 530 759 605 qui
769 546 836 587 eam
851 530 880 585 in

48 621 173 676 veritate
189 619 350 692 quaerunt?
364 619 419 685 Qui
434 619 594 675 totocorde
607 620 645 674 ad
656 635 723 675 eam
736 619 882 676 accedunt

50 710 104 775 Qui
117 725 183 765 non
197 708 313 764 dimidii
327 708 457 777 veniunt,
474 713 503 764 et
516 708 632 765 dimidii
647 708 805 776 recedunt3
830 707 882 763 sed

49 798 101 854 toti
121 797 258 864 veniunt,
284 802 313 853 et
335 813 371 852 ux
395 801 456 852 toto
479 797 602 852 veniunt
618 816 625 866 ;
641 797 672 853 hi
684 797 837 853 ret-itatem
852 796 882 852 in

52 889 174 943 veritate
190 891 338 960 qtuerunt.
357 887 411 952 Qui
426 891 526 942 autern
550 903 704 942 corsuum
720 886 789 942 alibi
805 884 883 942 eolli-

52 982 136 1048 gunt,
153 981 182 1031 et
197 976 268 1031 alibi
284 976 460 1047 ‹lisperpuut
476 993 482 1031 :
500 976 545 1031 isti
567 992 629 1032 non
651 975 703 1032 toti
727 975 881 1031 ttoceduut.

52 1083 105 1122 nec
120 1083 160 1122 ex
175 1071 237 1121 toto
262 1065 417 1126 accedunt.
434 1069 461 1120 et
475 1064 543 1120 ideo
556 1065 709 1121 veritatem
723 1080 785 1120 nou
806 1064 885 1119 inve-

53 1155 157 1216 niunt;
180 1152 254 1225 quia
278 1152 308 1207 id
332 1167 394 1224 quo
416 1151 452 1206 de
466 1151 587 1208 veritate
603 1151 673 1207 alibi
689 1151 793 1207 lucrati
807 1149 885 1207 vide·

53 1244 174 1304 bantur,
191 1241 262 1297 alibi
278 1241 416 1313 perdunt.
441 1240 496 1307 Qui
519 1245 704 1312 congregant
721 1239 884 1305 mercedes,

53 1331 280 1387 etmittuntees
296 1331 492 1385 inserentem
509 1335 666 1399 pertusum
691 1328 778 1401 (App.
804 1328 833 1398 1).
858 1326 886 1385 Si

54 1418 243 1493 parcimonia
258 1418 375 1487 colligit,
388 1421 416 1473 et
428 1417 552 1473 avaritia
564 1416 717 1490 dispergit,
732 1415 805 1488 quid
820 1431 887 1488 pro-

55 1510 138 1565 dest:>
154 1508 233 1574 Quid
254 1507 367 1563 confert
388 1508 412 1562 si
432 1506 534 1576 pulum
559 1506 706 1576 stringens
727 1521 781 1579 per
796 1504 888 1560 eonti-

936 350 1091 423 temetipso
1115 351 1280 407 minoratus
1304 369 1345 409 es.
1375 353 1512 410 AEdificas
1545 353 1665 422 domos,
1692 352 1765 426 quia

936 439 1086 511 projectus
1105 457 1137 496 es
1151 440 1188 495 de
1203 441 1374 498 habitaculo
1394 442 1580 499 conscientiae
1596 447 1664 500 tute.
1680 442 1764 499 Plan·

937 531 981 583 tas
996 528 1096 584 vineas
1111 536 1139 585 et
1157 529 1230 586 iacis
1248 530 1360 599 hortos,
1377 531 1448 604 quia
1464 532 1599 602 germina
1612 531 1765 604 sapientie

938 617 968 673 in
983 619 1072 675 eorde
1096 621 1146 675 tuo
1158 623 1319 676 artuerunt.
1335 621 1464 676 Exstruis
1478 621 1618 694 piscinas,
1635 621 1688 695 qui
1702 621 1766 678 lon·

938 712 997 763 tem
1009 708 1074 764 ritae
1089 709 1169 764 intus
1183 708 1312 764 salientis
1328 725 1388 764 non
1403 709 1506 766 hahes.
1530 710 1640 767 Silvam
1661 710 1767 782 irrigas

937 795 1088 867 lignorum
1116 796 1358 867 germinantium,
1387 798 1459 871 quia
1487 800 1629 856 umbram
1657 799 1767 873 qnaeris

938 885 1003 940 luce
1019 884 1148 941 ueritatis
1163 886 1364 952 amissaQuid
1373 886 1426 941 tibi
1440 903 1509 942 oum
1524 887 1586 943 istis
1600 887 1768 945 delectatio·

938 974 1027 1029 uilius
1042 974 1072 1029 iu
1088 973 1166 1043 felir,
1183 979 1211 1030 et
1224 975 1375 1031 bonorum
1388 979 1508 1031 tuorum
1523 974 1635 1033 oblite?
1653 975 1706 1032 Ubi
1725 979 1770 1032 est

939 1078 1020 1118 nunc
1039 1063 1123 1135 quod
1146 1064 1237 1136 paulo
1262 1069 1329 1121 ante
1345 1065 1527 1138 proposuisti
1540 1082 1558 1122 a
1572 1065 1643 1122 vino
1656 1064 1770 1122 abstra-

939 1152 1009 1208 here
1025 1169 1145 1209 earncm
1156 1158 1239 1210 tuam
1252 1173 1258 1210 :
1271 1154 1323 1227 qui
1338 1154 1429 1211 modo
1444 1155 1528 1210 omni
1542 1154 1664 1212 lascivia
1678 1159 1707 1211 et
1718 1170 1770 1211 va·

941 1241 1030 1298 nitate
1045 1242 1175 1298 inebrias
1191 1243 1325 1299 animam
1339 1245 1441 1300 tuam‘t
1456 1244 1596 1317 Nunquid
1611 1243 1652 1300 ita
1665 1243 1771 1318 quaeri·

942 1334 989 1386 tur
1002 1330 1169 1404 sapientiai
1183 1332 1283 1387 Exisse
1297 1330 1355 1388 illic
1368 1332 1527 1400 videbaris,
1541 1332 1695 1406 quomodo
1710 1337 1771 1389 tam
1865 1341 1872 1351 “

941 1419 998 1474 cito
1013 1436 1147 1475 reversus
1160 1420 1212 1476 est
1228 1418 1408 1486 Quomodo?
1432 1420 1488 1476 nisi
1503 1420 1575 1493 quia
1594 1421 1625 1477 in
1648 1420 1772 1477 circuitu

941 1508 1112 1579 uruludasti,
1139 1513 1167 1565 et
1188 1509 1321 1566 inraluta
1345 1508 1399 1566 tuit
1418 1509 1523 1567 semite
1539 1515 1599 1579 tua,
1613 1513 1642 1567 et
1655 1509 1774 1567 redusit

56 1597 190 1654 henham
211 1596 372 1668 uoluptatis
396 1595 548 1666 collegisti,
573 1599 602 1651 et
626 1594 728 1650 oculos
750 1593 887 1666 aperiens
906 1601 967 1668 pte
981 1597 1166 1670 parcimonia
1176 1597 1228 1654 uhi
1242 1597 1311 1669 grtia
1322 1601 1608 1670 prostraveratlicee
1619 1599 1726 1657 iterum
1741 1598 1772 1655 iu

56 1705 108 1761 per
118 1686 318 1743 ambitionem
328 1684 515 1757 dispersisti?
528 1683 661 1740 attendis
671 1683 755 1757 quod
763 1682 887 1754 intrasti;

56 1778 109 1833 sed
123 1777 210 1850 quod
233 1774 355 1841 exivisti,
376 1790 437 1830 non
462 1774 599 1830 attendis.
618 1773 646 1830 Si
661 1773 754 1829 intras
769 1777 798 1830 et
811 1773 889 1841 exis,

57 1867 127 1922 loris
155 1883 202 1931 es;
228 1864 488 1937 quemadmodum
511 1864 534 1919 si
558 1863 620 1919 exis
645 1866 673 1920 et
693 1862 795 1929 intras
811 1862 891 1917 intus

57 1973 96 2012 es.
113 1955 142 2012 Si
155 1959 258 2010 autem
271 1952 564 2025 soriseS,ubicunque
577 1968 686 2007 escum
697 1951 818 2007 veritate
829 1965 891 2007 nou

57 2063 103 2107 es;
119 2043 195 2116 quia
210 2042 319 2099 veritas
330 2041 409 2097 intus
422 2046 474 2097 est.
490 2044 522 2096 Et
536 2040 609 2113 quid
625 2039 745 2096 interest
757 2037 808 2095 ubi
822 2039 891 2107 os,si

58 2136 97 2191 ibi
113 2150 179 2191 non
201 2149 233 2188 es
253 2132 305 2187 ubi
320 2131 427 2187 ueritas
442 2132 507 2187 ast?
522 2129 724 2202 Uudecunque
747 2129 849 2186 uenias
864 2133 893 2184 et

58 2237 243 2298 quacunque
257 2219 442 2290 ingrediaris,
469 2219 493 2275 si
515 2219 594 2275 intus
618 2234 649 2274 es
663 2217 741 2274 bene
754 2233 801 2285 es;
820 2217 893 2290 quia

59 2331 129 2369 eum
144 2311 269 2368 veritate
283 2326 325 2364 es.
340 2311 373 2364 ut
390 2324 573 2381 quocunque
587 2323 696 2380 pergas
710 2320 891 2379 quacunque

59 2400 232 2470 egrediaris,
258 2399 282 2454 si
299 2399 369 2455 loris
389 2414 430 2466 es,
442 2396 519 2454 mele
538 2413 584 2458 es;
596 2396 669 2469 quia
686 2411 755 2452 cum
769 2395 892 2450 veritate

61 2509 121 2549 uon
147 2508 191 2546 es.
218 2488 331 2555 Siergo
354 2487 518 2542 inveritate
543 2485 662 2559 quseriS,
686 2488 764 2540 totus
779 2499 890 2557 quiere,

945 1686 1129 1758 voluptatem
1160 1687 1305 1755 eorrtusti,
1332 1691 1359 1744 et
1383 1689 1519 1761 captivus
1542 1688 1637 1746 lactus
1666 1705 1698 1745 es
1724 1704 1774 1745 ra-

944 1774 1052 1830 nitatis.
1082 1774 1240 1841 Quomodo
1260 1775 1319 1831 huo
1343 1776 1459 1843 venisti,
1485 1775 1542 1832 nisi
1569 1777 1642 1850 quia
1664 1775 1774 1834 audisti

945 1880 1051 1921 rocem
1066 1864 1130 1936 ejus
1144 1869 1173 1920 et
1186 1864 1369 1921 abscondisti
1382 1865 1429 1921 te?
1440 1868 1506 1922 llaec
1519 1870 1564 1922 est
1575 1866 1655 1923 enim
1665 1867 1775 1923 umbra

945 1953 1083 2010 vanitatis
1113 1954 1169 2010 sub
1197 1971 1259 2027 qua
1285 1953 1378 2021 lates,
1405 1970 1442 2010 ne
1470 1954 1574 2011 videas
1609 1955 1773 2011 veritatem.

946 2043 1104 2109 Quomodo
1116 2058 1187 2112 ergo
1207 2043 1266 2099 hue
1276 2042 1402 2099 venisti?
1416 2046 1518 2100 Nonne
1533 2043 1680 2101 debueras
1694 2059 1776 2117 quae·

945 2146 1009 2187 rere
1033 2131 1233 2204 sapientiam?
1257 2131 1314 2189 Sed
1336 2147 1422 2189 mens
1451 2137 1502 2189 tua
1525 2131 1614 2203 longe
1633 2131 1775 2189 exsulans

947 2221 1108 2276 averitate
1133 2225 1161 2276 et
1184 2221 1265 2277 viam
1296 2221 1426 2278 veritatis
1452 2220 1605 2290 ignorans,
1629 2221 1710 2277 uude
1736 2220 1775 2276 ab

947 2325 1008 2365 uno
1036 2326 1067 2365 sc
1090 2309 1161 2365 vitio
1189 2309 1349 2382 voluptatis
1377 2326 1430 2382 per
1458 2310 1671 2367 continentiam
1698 2310 1775 2381 gutte

947 2398 1080 2455 cohibuit
1095 2416 1101 2454 :
1118 2397 1187 2453 inde
1201 2397 1337 2454 licentius
1352 2398 1382 2454 iu
1397 2414 1518 2455 omnam
1534 2415 1564 2455 sa
1578 2397 1732 2455 lasciviam
1747 2400 1776 2455 ot

948 2487 1776 2562 superstitionemperconcupiscentiamocuiorumeiiu·

61 2589 141 2638 totus
166 2578 287 2645 accede,
310 2581 387 2633 totus
409 2576 501 2645 iutra,
526 2575 598 2648 quia
621 2573 730 2630 veritas
743 2573 823 2629 intus
839 2576 891 2628 est.
948 2576 1005 2646 dit;
1020 2581 1047 2633 et
1061 2593 1096 2633 eo
1118 2575 1247 2649 nequius
1268 2576 1400 2633 nuncin
1415 2580 1475 2633 toto
1490 2575 1700 2649 corrumpitur,
1714 2590 1776 2649 quo

62 2676 160 2739 Quare
175 2674 237 2726 tam
251 2668 303 2724 diu
318 2667 435 2740 quaeris,
453 2671 481 2722 et
502 2681 563 2721 non
588 2662 703 2720 invenis
717 2662 800 2737 quod
814 2677 894 2735 qute-
948 2666 1044 2737 magis
1063 2666 1094 2722 iu
1109 2670 1192 2738 parte
1216 2665 1482 2739 quantulacunque
1503 2671 1635 2723 correcta
1655 2663 1777 2722 videba-

63 2762 123 2817 ris?
148 2759 226 2826 Quia
248 2757 326 2814 male
349 2756 468 2830 queris,
497 2754 569 2828 quia
589 2752 629 2809 ihi
643 2752 753 2825 quaeris
766 2751 818 2808 ubi
832 2766 893 2806 nou
948 2761 1004 2812 tur.
1031 2754 1113 2811 Prius
1137 2754 1216 2811 enim
1240 2754 1480 2828 corrumpebaris
1502 2758 1530 2811 et
1551 2753 1774 2822 humiliabaris3

64 2849 204 2925 estquod
219 2847 339 2921 quaeris.
366 2850 408 2902 Tu
432 2845 512 2901 euim
536 2844 606 2899 loris
626 2843 746 2916 quasis,
769 2840 895 2914 etquotl
948 2844 1093 2918 quonium
1122 2843 1219 2900 vidisti
1247 2848 1276 2900 et
1303 2843 1469 2901 intellexisti
1496 2841 1579 2918 quod
1602 2841 1774 2917 patiebaris,

64 2941 174 3015 ‹puaeris
201 2940 280 2994 intus
303 2941 355 2993 est.
381 2936 450 2992 ldeo
475 2933 552 2990 male
579 2933 698 3006 quaeris,
714 2935 743 2988 et
765 2931 833 2988 ideo
853 2930 896 2985 in·
914 2951 1029 3024 Cnime
1045 2934 1101 2990 sub
1116 2933 1213 3008 specie
1227 2933 1380 3003 virtutum,
1403 2933 1545 2990 uitiorum
1564 2932 1667 3005 prada
1680 2932 1777 2989 lactus

65 3031 165 3087 territa
186 3043 248 3084 non
269 3031 353 3098 potes
367 3024 451 3097 quod
469 3022 588 3096 quaeris,
611 3026 639 3077 et
661 3024 819 3094 propterea
832 3034 894 3075 non
949 3040 990 3079 es.
1014 3028 1092 3080 {ntra
1118 3022 1242 3079 evanida
1276 3022 1333 3078 sub
1361 3022 1485 3078 obtentu
1511 3021 1720 3093 parcimoniae,
1749 3022 1778 3077 at

65 3121 103 3175 ihi
127 3116 265 3191 requiem
286 3114 418 3170 iuvenire
442 3112 561 3186 poteris,
587 3110 640 3165 ubi
667 3110 720 3166 est
743 3109 819 3181 quia
845 3123 894 3163 va·
950 3113 1023 3169 dum
1052 3112 1213 3185 persuadet
1236 3110 1337 3168 animo
1361 3110 1390 3165 in
1419 3109 1509 3165 rebus
1532 3108 1642 3164 habitis
1666 3111 1778 3180 tempe·

65 3211 135 3265 ritas
164 3206 207 3262 ibi
231 3207 360 3261 nonest
386 3202 439 3257 ubi
459 3218 501 3257 es·
527 3199 581 3256 Ubi
608 3198 659 3255 es?
686 3198 747 3255 Sub
775 3196 894 3263 umbra,
949 3202 1078 3258 rentiam
1093 3216 1153 3256 non
1168 3199 1313 3267 deserere,
1329 3199 1398 3255 iacit
1412 3213 1474 3253 non
1488 3197 1645 3269 protutura
1663 3211 1776 3252 serare.

67 3298 121 3353 suh
137 3294 233 3362 loliis3
258 3294 330 3366 quia
355 3292 485 3347 fructum
512 3288 675 3363 perdidisti,
701 3292 731 3344 ei
749 3287 816 3343 ideo
831 3300 897 3358 Spe·
951 3291 1021 3348 inde
1035 3287 1237 3362 multiplicatis
1251 3286 1361 3344 divitiis
1377 3285 1517 3358 superbia
1541 3285 1683 3359 sequitur,
1704 3284 1778 3341 dum

67 3389 124 3443 ries
151 3385 226 3442 lallit
251 3389 279 3439 te
304 3386 332 3440 et
353 3381 461 3438 ueritas
480 3396 541 3436 nou
557 3384 601 3435 est
615 3379 645 3433 in
661 3382 697 3433 te.
711 3378 896 3448 Quocunque

69 3475 241 3551 perrexerit,
267 3470 453 3529 fraudaberis
471 3489 477 3526 :
494 3469 602 3526 umbra
626 3471 721 3523 totum
749 3462 898 3537 estquod

67 3569 161 3634 rides,
185 3569 216 3621 ct
237 3563 346 3619 ueritas
371 3561 455 3616 lacet.
480 3561 551 3625 Quia
566 3562 611 3613 est
633 3555 761 3612 umbrat
781 3552 899 3627 Species

69 3673 169 3714 rerum
179 3652 343 3710 visibilium
358 3651 467 3707 umbra
493 3653 546 3714 est,
563 3651 591 3703 et
605 3651 638 3702 tu
664 3643 899 3717 animamltuam

69 3749 97 3803 in
111 3763 167 3804 eas
190 3742 330 3810 effudisti,
357 3746 386 3797 et
398 3737 582 3796 abscundisti
596 3741 625 3792 te
638 3735 694 3791 sub
713 3733 790 3790 toliis
812 3736 846 3789 ut
859 3732 900 3787 la-

71 3844 155 3893 teres.
184 3838 217 3890 at
242 3830 397 3906 quomodo
427 3829 525 3885 lucem
556 3824 665 3900 qnaeris
691 3823 829 3880 tenebras
857 3821 899 3877 in-

70 3932 152 3982 trans
176 3941 183 3978 z
210 3923 241 3979 in
272 3922 370 3977 hueta
400 3917 562 3975 vanitatem
593 3913 788 3987 conspexisti,
816 3915 844 3968 et
870 3911 901 3966 in

72 4017 147 4072 loliis
171 4012 327 4069 veritatem
352 4024 416 4066 esse
436 4007 545 4080 putes?
570 4004 599 4062 Si
617 4009 733 4061 terrena
748 4001 850 4058 omnia
863 3999 902 4057 ad

72 4103 237 4161 intendam
257 4115 342 4156 -uaua
368 4100 437 4153 suut
462 4113 468 4152 :
494 4093 648 4168 quomodo
672 4091 711 4147 ad
738 4090 902 4147 videndum

73 4195 167 4251 multo
195 4189 294 4259 magis
320 4202 400 4245 vana
422 4200 483 4241 non
509 4183 595 4239 sunt?
621 4181 650 4238 Si
678 4181 758 4236 enim
783 4177 904 4235 fruenti-

74 4285 125 4341 bus
141 4297 252 4338 rerum
273 4278 390 4335 bonum
410 4290 472 4332 non
488 4272 653 4339 conterunt,
678 4268 901 4343 possidentibus

951 3381 981 3437 id
999 3378 1082 3452 quod
1105 3393 1159 3451 per
1182 3375 1377 3434 ambitionem
1401 3375 1561 3449 quesitum
1585 3379 1637 3444 est,
1663 3373 1703 3431 ad
1721 3372 1780 3431 ela-

952 3469 1064 3527 tionem
1079 3466 1257 3541 possidetur.
1284 3465 1354 3522 lude
1375 3465 1477 3547 omnia
1495 3465 1559 3521 haee
1578 3467 1716 3537 portenta
1729 3477 1781 3521 va-

953 3558 1051 3615 nitatis
1076 3560 1141 3613 orta
1169 3559 1256 3625 sunt,
1283 3554 1366 3628 quod
1393 3570 1479 3611 mens
1508 3553 1596 3611 stulta
1624 3553 1654 3610 in
1681 3567 1781 3610 rerum

954 3645 1163 3721 experimentis
1187 3661 1292 3701 verum
1319 3643 1435 3700 honum
1461 3647 1544 3700 extra
1571 3642 1720 3699 existimat
1738 3640 1781 3697 in-

953 3735 1143 3805 veniendum,
1177 3750 1238 3792 nou
1259 3734 1346 3809 quasi
1370 3750 1424 3808 per
1449 3750 1485 3790 ea
1512 3749 1580 3806 quta
1605 3732 1676 3788 ioris
1702 3734 1781 3800 sunt,

953 3842 1060 3883 verum
1082 3825 1200 3882 bonum
1221 3825 1300 3881 intus
1320 3822 1519 3896 quarendum
1544 3821 1590 3890 sit,
1620 3820 1673 3878 sad
1696 3816 1784 3894 quasi

955 3915 986 3972 in
1010 3914 1052 3971 eis
1075 3913 1226 3970 consistet.
1250 3912 1361 3968 idcirco
1386 3912 1449 3968 sine
1473 3909 1620 3968 modestia
1641 3907 1784 3966 audacter

956 4019 1010 4076 per
1036 4001 1138 4060 omnia
1159 4016 1190 4057 se
1217 3999 1376 4069 diffundit3
1405 4004 1434 4057 et
1460 4015 1528 4072 quaa
1549 3999 1580 4054 in
1607 3995 1786 4055 abstinentia

957 4090 1055 4148 carnis
1077 4088 1269 4146 afflictionem
1291 4088 1454 4156 invenerat,
1480 4087 1538 4143 alio
1563 4085 1646 4142 aditu
1669 4087 1787 4158 reperto

957 4196 1011 4254 per
1023 4177 1280 4251 concupicentiam
1295 4176 1461 4243 oculorum,
1478 4174 1630 4231 carnalem
1646 4173 1788 4230 affectum

959 4267 1151 4341 multiplicius
1174 4265 1262 4338 pacit.
1291 4268 1391 4337 Neque
1416 4264 1496 4320 enim
1514 4260 1693 4319 lascivientis
1709 4259 1789 4317 suiti-

77 4391 125 4431 uee
139 4368 311 4429 fruentibus
324 4366 458 4424 conterre
472 4362 545 4437 quid
560 4361 705 4435 possunt?
720 4361 816 4426 Quare
832 4373 903 4427 ergo
922 4325 944 4381 Β
961 4358 1008 4425 cit,
1035 4360 1069 4412 ut
1092 4356 1121 4411 in
1148 4353 1237 4409 rebus
1266 4369 1334 4426 quae
1363 4352 1402 4408 ad
1424 4352 1591 4407 humanam
1619 4347 1791 4404 servitutem

76 4470 140 4536 post
152 4462 275 4518 bonum
289 4454 476 4531 propositum
487 4449 685 4516 continentiae,
698 4445 906 4521 etquterendae
961 4446 1138 4512 factasunt,
1156 4448 1184 4499 et
1196 4441 1414 4514 jucunditatem
1436 4437 1606 4506 delectetur,
1622 4435 1680 4493 nisi
1701 4432 1792 4492 etiam

78 4550 231 4626 sapientiae
247 4545 389 4612 studium,
407 4548 468 4599 tam
483 4541 540 4598 cito
554 4540 662 4597 iterum
683 4536 723 4594 ad
738 4534 908 4608 occupatio·
963 4533 1105 4607 superbia
1131 4530 1331 4604 equalitatem
1346 4527 1524 4586 conditionis
1540 4523 1790 4596 transgerediens,

77 4658 143 4697 nem
158 4651 275 4695 vanam
298 4630 497 4690 converteris?
523 4627 639 4696 Quare?
666 4625 722 4682 nisi
737 4624 809 4698 quia
824 4639 910 4680 mens

80 4736 125 4787 tua
149 4729 233 4786 toras
259 4725 353 4796 ejecta
376 4725 429 4789 est,
455 4725 483 4776 et
507 4734 584 4789 vaga
603 4734 638 4773 ac
662 4715 790 4788 profuga
805 4712 911 4768 effoeta

81 4835 168 4894 super
191 4821 313 4874 terram.
343 4811 472 4883 ideoque
494 4814 570 4865 stare
597 4822 658 4863 uon
673 4808 780 4878 potest,
795 4801 866 4876 quia
881 4801 912 4857 in

81 4911 202 4966 ueritate
224 4904 287 4961 fixa
306 4917 367 4960 non
383 4904 435 4957 est.
453 4899 574 4966 ideirco,
592 4894 702 4969 luquiS,
718 4892 915 4965 illupnisrcuvi

84 5015 171 5069 opere
187 5009 264 5063 meo,
280 4997 335 5050 etc.

398 5079 542 5136 llQldlhhl
560 5078 602 5132 lli.

167 5179 213 5232 De
226 5173 352 5230 diversis
367 5169 451 5226 anuis
465 5167 654 5223 Ecclesiaste
667 5161 831 5219 conatibus.

118 5263 319 5338 Mepniftcoot
337 5275 427 5330 opero
443 5272 516 5313 ntea
534 5255 604 5323 Qua
619 5255 729 5323 opero?
750 5245 919 5319 AEdt'fieael

92 5356 282 5423 ruihidomm,
288 5348 432 5420 plantavi
443 5343 620 5414 et'ueus,feri
627 5339 918 5409 tortos,etpnmariu

94 5443 302 5515 eternrseoiee
315 5423 417 5515 carecti
428 5435 544 5507 porteris
564 5431 732 5496 arboribus,
744 5435 772 5485 et
783 5427 921 5484 eretriaci

97 5526 161 5593 ‚itte
168 5512 307 5606 punitus
318 5542 478 5600 aptiorem,
490 5530 524 5579 ut
532 5525 693 5593 turparem
704 5522 811 5576 sileant
829 5520 922 5587 liparo·

97 5643 151 5684 nou
161 5619 413 5698 qerminentinm.
424 5618 533 5672 liocest
541 5613 623 5686 quod
634 5611 706 5667 (lixi.
715 5614 803 5668 Extra
812 5606 922 5679 qumis

243 5714 369 5789 Parnon.
390 5706 508 5763 CLXXV.

965 4623 1138 4680 hominihus
1166 4619 1346 4676 dominetur.
1376 4621 1436 4675 tloc
1460 4621 1505 4674 est
1524 4617 1604 4674 enim
1629 4615 1712 4689 quod
1726 4617 1796 4690 post

966 4717 1087 4769 caeteras
1112 4714 1140 4766 et
1162 4709 1238 4765 inter
1262 4710 1383 4765 crateras
1404 4705 1627 4781 superstitiones
1651 4720 1721 4761 suas
1745 4703 1797 4762 ad·

966 4799 1075 4872 jungit,
1087 4799 1199 4855 dicens.

1005 4889 1128 4947 Possedi
1141 4904 1239 4947 seruos
1254 4894 1283 4945 et
1292 4889 1433 4960 ancittae,
1447 4889 1633 4959 cauliumque
1644 4885 1797 4957 familiam

971 4980 1071 5038 lutati.
1096 4978 1240 5036 Dominus
1264 4977 1360 5034 tactus
1379 4982 1422 5035 est
1442 4977 1613 5044 hominum,
1629 4974 1682 5048 qui
1696 4988 1800 5029 servus

971 5072 1034 5124 erat
1047 5067 1197 5124 vitiorum.
1210 5066 1327 5132 Quanto
1341 5064 1530 5140 neliusesset
1541 5061 1595 5118 tibi
1607 5059 1761 5125 Dominus,
1773 5059 1802 5112 et

971 5158 1019 5214 hic
1031 5157 1147 5213 socius?
1158 5159 1232 5212 Nam
1243 5154 1301 5211 illic
1313 5153 1472 5219 dominari,
1485 5148 1636 5222 regnantis
1651 5148 1726 5203 toret
1736 5159 1803 5217 pro-

973 5247 1060 5303 bitas.
1073 5245 1123 5301 llic
1132 5261 1204 5301 vero
1214 5243 1373 5309 dominari,
1390 5257 1450 5297 non
1462 5236 1656 5312 repugnantis
1669 5232 1803 5309 probitas

973 5341 1025 5399 est,
1050 5335 1102 5390 scd
1126 5333 1287 5406 prementis
1307 5329 1457 5402 iniquitas,
1480 5332 1508 5384 et
1522 5325 1660 5398 patientis
1683 5324 1804 5381 utilitas.

975 5426 1032 5482 Sed
1046 5425 1146 5495 ploriw
1157 5421 1268 5480 animal
1286 5419 1416 5492 speciem
1437 5416 1561 5473 attendit
1571 5417 1709 5485 exterius,
1728 5431 1807 5473 ntor-

975 5516 1049 5572 bum
1059 5513 1181 5570 interius
1189 5527 1250 5567 nou
1259 5508 1391 5566 attendit.
1402 5510 1487 5564 Putat
1497 5522 1643 5575 magnum
1653 5504 1808 5580 essequod

976 5604 1114 5659 intlatum
1124 5606 1177 5658 est.
1190 5604 1218 5657 et
1229 5599 1297 5656 ideo
1308 5597 1418 5668 gatrdet
1426 5594 1554 5653 exterius
1564 5612 1696 5667 magnus
1704 5593 1816 5650 uideri.

1589 5690 1611 5741 b
