3832 6044
98 116 164 172 ilii

279 107 432 164 HUGONIS
450 107 496 163 DE
516 106 544 164 S.
564 104 712 161 victora
731 101 806 156 OPP.
827 96 915 153 PARS
934 96 955 151 Ι.
976 124 1010 137 -
1029 95 1231 173 EXEGETICA.
1252 123 1286 135 -·
1305 95 1338 151 ll.
1360 93 1395 148 ta
1414 91 1628 148 laborauit.

1751 91 1806 146 illi

97 233 225 300 citatem,
241 233 270 287 et
284 229 422 286 effectum
438 243 542 283 eorum
570 223 791 300 pervenientem
817 221 848 276 in
862 234 925 274 om·
942 216 966 271 Α
981 218 1126 291 ciprorum
1134 216 1320 274 moventium
1335 230 1427 288 opera
1440 214 1506 288 ipsa
1519 214 1557 270 ad
1572 212 1734 278 effectum,
1759 225 1809 265 non

96 339 150 379 nes
163 337 209 379 res
220 320 280 377 fere
294 319 409 392 absque
420 332 514 372 mora.
532 338 545 362 »
560 318 592 370 lit
605 311 751 386 signifieat
765 309 854 367 etiam
862 324 925 364 mo-

98 416 276 468 fumeorum
302 405 532 463 transvectivum
548 426 561 450 ιι
586 402 745 459 desursum
768 400 799 456 in
809 416 845 454 ea
858 414 926 471 quae

59 505 62 508 ’
97 499 239 556 deorsum
254 497 333 561 sunt,
347 497 376 549 et
389 511 403 536 «ι
418 509 537 549 rursum
552 491 591 548 ab
607 489 651 559 iis,
670 509 683 533 ι
702 505 770 562 quae
785 487 927 542 deorsum

98 585 217 643 suntad
227 600 263 640 ea
277 597 345 658 quae
360 597 480 637 sursum
495 584 573 637 sunt.
590 600 603 624 ι
617 578 694 646 Quid
704 581 805 635 autem
828 577 927 631 motus

98 673 231 731 illehinc
257 671 326 728 iude
342 669 512 727 transvehat
537 671 753 742 consequenter
780 661 926 735 adjungit.

98 789 112 815 ι
127 766 237 820 Motum
252 784 266 809 »
281 760 348 817 dico
362 780 376 804 ι
390 759 552 832 erigentem
568 757 709 825 secunda,
722 777 733 808 ι
752 754 781 812 id
805 752 929 810 estinfc-

97 853 177 908 riora
191 849 231 907 ad
244 848 429 922 superiorem
444 846 660 913 celsitudinem,
673 868 686 895 «
705 849 732 902 et
756 845 928 898 moventem

98 941 206 1012 prima,
223 958 238 992 ›
254 938 284 994 id
296 941 341 993 est
351 936 526 1009 superiora«
541 936 580 992 ad
595 932 888 998 communicativam,
900 933 929 986 et

99 1027 257 1101 providam
272 1025 424 1082 micorum
434 1023 666 1097 processionem,
684 1042 699 1074 ι
713 1020 743 1077 id
756 1025 800 1076 est
813 1023 846 1074 ut
860 1033 928 1090 pro-

99 1116 207 1173 cedant
221 1114 259 1171 ad
270 1114 398 1185 minora,
412 1112 498 1168 idest
511 1109 823 1185 inferiora,providere
839 1106 890 1173 eis,
900 1109 928 1162 et

99 1204 322 1262 communicare
336 1204 377 1260 eis
392 1203 530 1259 virtutem
545 1217 642 1258 suam.

136 1395 295 1469 Sequitur:
318 1414 334 1448 ιι
360 1394 440 1451 Dicet
467 1398 568 1450 autern
592 1391 724 1449 fortassis
750 1389 827 1464 quis,
845 1411 858 1439 ιι
872 1392 926 1444 θῖθ.

101 1485 217 1541 flixerat
229 1483 367 1556 superius
379 1483 501 1553 angelos
522 1487 625 1538 ventos
637 1479 785 1537 nominari
808 1481 929 1552 propter

974 311 1160 379 penetratur.
1177 304 1313 363 Similiter
1322 310 1350 362 et
1361 302 1664 360 consummationum
1681 299 1810 369 ignotum

980 396 1137 453 latibulum
1165 412 1227 452 non
1250 398 1440 469 penetratur;
1470 392 1552 468 quia,
1570 408 1644 448 cum
1676 388 1756 462 quid
1783 387 1811 443 ad

981 483 1118 541 eflectum
1137 487 1281 552 movetur,
1295 481 1368 538 illud
1393 480 1527 554 quidem,
1541 479 1626 554 quod
1652 477 1700 544 fit,
1731 476 1812 531 cerni

981 588 1063 639 mus;
1076 570 1128 627 sed
1140 570 1220 627 unde
1233 570 1274 626 sic
1287 569 1348 638 fiat,
1364 567 1411 625 vel
1425 568 1464 625 ad
1475 567 1548 641 quid
1573 567 1639 634 fiat,
1652 580 1724 622 non
1743 562 1813 618 vide-

981 676 1060 717 mres.
1076 662 1136 715 Hoc
1149 664 1193 715 est
1206 657 1288 731 quod
1303 657 1333 714 in
1354 656 1468 713 visione
1492 655 1660 730 seraphim,
1687 655 1815 725 caputet

981 748 1073 823 pedes
1089 745 1367 817 conteguntinsolio
1380 744 1518 814 sedentis,
1532 743 1605 817 quia
1620 741 1743 800 divinae
1757 755 1816 812 ope

981 837 1103 894 rationis
1114 835 1224 905 media,
1240 852 1308 909 quae
1335 834 1521 907 intempore
1547 837 1699 904 aguntur,
1732 828 1817 884 cerni-

981 944 1066 996 mus;
1080 943 1148 1000 quae
1164 930 1263 982 autem
1283 930 1351 982 ante
1363 930 1496 997 tempora
1517 921 1640 979 fuerunt
1648 920 1770 995 prima,
1797 919 1819 972 et

981 1033 1049 1089 quae
1065 1020 1132 1088 post
1143 1020 1278 1088 tempora
1291 1012 1395 1070 ultima
1408 1012 1506 1068 futura
1525 1015 1605 1079 sunt,
1636 1008 1819 1078 investigare

981 1122 1042 1162 non
1055 1121 1227 1179 possumus,
1238 1102 1309 1177 qula
1321 1101 1479 1159 latibulum
1503 1100 1699 1157 moventium
1715 1097 1819 1172 princi-

983 1192 1111 1264 piorum,
1127 1198 1155 1250 θῖ
1170 1192 1475 1259 consummationum,
1489 1187 1648 1247 invisibilis
1670 1187 1769 1244 nobis
1784 1189 1820 1242 est

982 1287 1010 1338 et
1024 1283 1174 1355 ignorum.
1206 1281 1342 1340 Similiter
1356 1285 1385 1337 et
1407 1279 1530 1354 quando
1552 1277 1680 1352 spiritus
1708 1277 1752 1333 ad
1776 1292 1821 1332 cor

981 1371 1070 1438 venit,
1100 1373 1223 1428 sentitur
1247 1370 1370 1444 quidem
1398 1368 1426 1424 in
1455 1383 1491 1423 eo
1527 1366 1610 1440 quod
1641 1364 1818 1439 percipitur.

983 1482 997 1508 «
1011 1460 1092 1516 Unde
1108 1483 1120 1508 »
1137 1464 1237 1515 autem
1250 1483 1263 1508 ιι
1276 1457 1384 1526 veniat,
1402 1460 1453 1513 aut
1466 1472 1527 1530 quo
1541 1455 1642 1522 vadat,
1657 1477 1671 1503 »
1691 1470 1759 1510 non
1785 1454 1820 1509 in·

99 1573 285 1630 velogjfflgm
299 1589 403 1641 suam
423 1588 504 1628 mmo
519 1571 683 1643 subjungit,
699 1569 781 1643 quod
796 1567 963 1625 fopfflssjgss
982 1549 1152 1619 vestigatur.
1170 1550 1252 1606 Unde
1267 1549 1354 1617 venit,
1370 1545 1551 1621 principium
1565 1549 1629 1613 est;
1645 1561 1713 1617 quo
1731 1541 1819 1606 vadit,

100 1661 209 1736 aliquis
220 1661 318 1717 dicere
328 1661 445 1734 poterit,
459 1661 542 1734 quod
555 1659 633 1716 venti
657 1658 850 1714 nominantur
860 1672 928 1729 pro-

99 1755 165 1824 pter
179 1749 314 1807 divinam
330 1748 649 1821 similitudinem3quia
663 1752 691 1802 et
704 1751 811 1802 ventus
826 1760 929 1801 secun-

100 1840 175 1897 dum
189 1838 303 1913 aliquid
317 1839 424 1896 divinus
439 1838 619 1912 operationis
630 1837 767 1903 formam,
784 1839 812 1891 et
826 1834 929 1905 imagi·

101 1944 172 1986 nem
184 1928 286 1997 habet,
301 1928 376 1984 sicut
390 1929 420 1984 in
443 1927 501 1984 alia
517 1925 664 1995 theologia
677 1926 714 1981 de
739 1923 930 1997 quaternaria

100 2017 325 2089 dijudicatione,
341 2017 371 2072 id
386 2021 430 2072 est
444 2016 481 2071 dc
508 2021 639 2087 quatuor
663 2013 878 2069 elementorum
894 2013 930 2070 si·

101 2104 291 2174 gnificatione
304 2119 358 2176 per
372 2103 459 2175 plura
474 2101 621 2175 exempla,
637 2106 688 2158 aut
702 2105 879 2172 argumenta
898 2117 929 2156 se

99 2192 321 2249 demonstrasse
339 2196 460 2249 testatur
477 2191 581 2265 :quod
602 2207 679 2263 opus
695 2190 776 2264 apud
791 2206 846 2246 nos
867 2205 929 2246 non

100 2280 238 2338 habetur.
258 2304 266 2332 ι
284 2281 374 2350 Dicet,
389 2280 494 2354 inquit,
511 2280 644 2337 fortassis
669 2279 747 2353 quis,
763 2278 793 2334 id
821 2284 865 2335 est
879 2279 930 2336 aii-

100 2371 179 2444 quis,
206 2374 362 2427 ventosam
384 2369 678 2440 cognominationem
703 2369 775 2425 aerii
800 2367 928 2441 spiritus,

101 2458 268 2530 significare
297 2478 312 2512 ι
336 2475 398 2516 non
422 2459 520 2515 solum
549 2458 744 2525 velocitatem,
760 2458 812 2514 sed
840 2457 930 2514 etiam

102 2572 115 2597 ιι
129 2548 283 2617 deiforme,
301 2573 314 2598 ιι
330 2548 360 2604 id
374 2553 417 2605 cst
427 2548 656 2604 deiformitatem
671 2547 836 2604 calestiunr
847 2547 931 2620 spiri·

100 2641 196 2695 tuum.
211 2660 225 2688 ιι
240 2637 333 2694 Habet
348 2638 427 2694 enim
454 2638 543 2694 etiam
557 2638 615 2694 boe
632 2660 644 2687 ιι
661 2637 849 2708 (subauditur
875 2636 931 2692 ele-

100 2731 247 2795 mentum)
263 2728 337 2782 inse
355 2751 368 2775 ιι
384 2732 412 2783 θῖ
435 2727 607 2796 imaginem,
622 2731 651 2782 θῖ
664 2725 794 2783 formam
822 2726 929 2782 divinoe

100 2816 291 2888 operationis
309 2839 322 2863 ιι
339 2820 379 2883 ut,
396 2816 453 2871 hoc
469 2821 522 2882 est,
539 2815 614 2870 sicut
627 2832 680 2888 per
694 2815 780 2888 plura
795 2815 931 2872 videlicet

982 1639 1200 1696 consummatio
1214 1639 1326 1694 ettinis.
1340 1661 1353 1686 ιι
1369 1637 1425 1694 Sed
1438 1635 1543 1703 nescis,
1558 1657 1572 1683 ιι
1587 1633 1698 1707 inquit,
1716 1657 1730 1681 ιι
1744 1630 1818 1687 unde

982 1729 1072 1801 venit,
1096 1733 1147 1786 aut
1161 1745 1222 1802 qno
1237 1728 1327 1794 vadit,
1353 1750 1366 1776 ιι
1381 1726 1453 1800 quia
1479 1730 1507 1781 et
1531 1723 1683 1798 principii,
1699 1728 1730 1778 ct
1756 1721 1818 1777 finis

983 1816 1071 1873 simul
1097 1817 1256 1873 latibulum
1270 1816 1406 1886 ignotum
1421 1820 1450 1870 et
1461 1813 1607 1870 invisibile
1628 1816 1684 1867 est.
1700 1814 1817 1884 Propte-

982 1923 1033 1962 rea
1048 1907 1144 1963 nescis
1158 1906 1237 1962 unde
1251 1905 1358 1974 veniat,
1373 1905 1445 1977 quia
1456 1903 1597 1960 meritum
1607 1901 1640 1957 in
1656 1905 1683 1958 te
1700 1916 1763 1956 non
1779 1901 1817 1955 in·

982 1995 1076 2064 venis,
1093 2011 1147 2068 pro
1162 2010 1223 2068 quo
1238 1998 1265 2049 te
1280 1994 1406 2064 gratiam
1420 1993 1512 2048 dicas
1527 1990 1629 2048 Nescis
1646 2006 1710 2063 quo
1726 1988 1815 2056 vadit,

983 2082 1054 2157 quia
1065 2100 1100 2139 cx
1127 2087 1268 2157 percepto
1283 2083 1364 2139 dono
1384 2082 1421 2138 ad
1434 2097 1525 2154 quem
1538 2080 1634 2136 fidem
1647 2078 1811 2152 pervenias,

983 2189 1044 2229 non
1059 2172 1206 2242 intelligis.
1220 2171 1391 2228 Secundum
1408 2171 1472 2226 haee
1500 2170 1601 2244 itaque
1626 2166 1727 2225 omnis
1747 2182 1815 2221 ven-

985 2268 1030 2319 tus
1055 2262 1162 2318 divinae
1186 2259 1364 2334 operationis
1389 2259 1550 2330 imaginem
1584 2257 1679 2314 habet
1705 2260 1734 2312 et
1763 2253 1814 2311 fur-

984 2368 1077 2407 mam.
1565 2367 1570 2373 ·

1021 2457 1177 2530 Sequitur:
1192 2480 1204 2504 «
1223 2455 1279 2512 Sed
1293 2455 1429 2523 etnubiS,
1447 2479 1460 2503 ιι
1477 2460 1531 2511 θῖθ.
1555 2457 1618 2510 Νοθ
1644 2453 1756 2520 solum,
1777 2451 1814 2507 in

984 2545 1057 2620 quit,
1072 2545 1219 2613 theologia
1227 2544 1350 2614 angelos
1358 2542 1616 2611 ventosnominat,
1632 2566 1647 2591 «
1665 2540 1814 2598 sedetiam

984 2634 1113 2708 speeiem
1124 2634 1213 2689 nubis
1224 2633 1457 2702 circumformat,
1466 2632 1511 2688 vel
1521 2635 1607 2705 aptas
1618 2631 1694 2704 ipsis
1704 2650 1711 2686 2
1721 2630 1816 2686 nubes

984 2740 1034 2780 eos
1049 2723 1196 2794 vocando,
1213 2746 1226 2770 »
1243 2722 1414 2792 significans
1437 2738 1489 2795 per
1503 2722 1560 2777 hoc
1584 2736 1690 2777 sacros
1708 2719 1816 2777 intelle-

984 2816 1047 2868 ctus
1059 2827 1149 2885 super
1172 2811 1298 2884 repletos
1322 2810 1575 2883 supermundane,
1594 2809 1652 2864 «id
1678 2814 1722 2865 θεῖ
1736 2808 1817 2880 spiri·

100 2904 468 2976 exemplademonstretur
480 2926 494 2954 ιι
509 2904 539 2959 in
560 2904 726 2976 symbolica
741 2905 898 2974 theologia,
914 2928 927 2954 »
950 2923 970 2978 (χ
985 2900 1110 2968 tristiter,
1127 2924 1140 2950 ιι
1158 2901 1264 2956 occulti
1278 2900 1410 2968 luminis,
1428 2923 1442 2951 ιι
1452 2899 1482 2956 id
1498 2898 1708 2956 cstinvisibihs
1721 2898 1817 2953 chari-

35 2983 36 2986 ’
100 2992 185 3048 idest
197 2992 228 3046 in
243 2991 402 3060 theologia,
419 3008 486 3064 quae
512 2991 550 3047 dc
565 2992 720 3064 symbolis,
743 2993 773 3047 id
789 2998 833 3049 est
846 2993 883 3049 de
897 2994 942 3048 fi..

99 3079 182 3151 guris
194 3084 223 3136 θῖ
237 3077 479 3135 similitudinibus
493 3078 658 3135 visibilibus
683 3079 905 3137 demonstratur
921 3101 927 3139 :

100 3168 168 3225 dico
184 3191 197 3217 ιι
211 3183 264 3242 per
279 3167 467 3235 tetrasticam,
484 3191 499 3217 ιι
519 3168 550 3223 id
564 3173 608 3223 est
622 3168 844 3240 quaternariam
860 3194 873 3219 ιι
887 3170 930 3226 di-

96 3256 322 3329 judicationem,
340 3280 353 3304 »
367 3255 418 3311 ubi
431 3271 485 3329 per
499 3256 618 3326 singula
630 3261 760 3329 quatuor
785 3258 930 3316 elementa

100 3344 275 3413 ostenditur,
292 3344 419 3417 qualiter
431 3344 558 3401 visibilia
572 3344 776 3414 invisibilitun,
792 3350 820 3401 et
830 3346 929 3402 simili-

99 3432 218 3488 tudines
234 3437 344 3489 suntet
358 3431 453 3502 signa.
472 3432 642 3490 Secundum
658 3432 739 3489 illam
755 3432 843 3503 igitur
854 3434 893 3505 dij
900 3450 930 3489 u-

99 3520 279 3578 dicationem
306 3521 544 3578 demonstratum
560 3526 613 3591 θεῖ,
632 3523 786 3595 quomodo
801 3522 858 3578 hoc
873 3523 929 3578 ele-

99 3611 245 3676 mentum,
260 3607 345 3664 idest
356 3612 462 3666 ventus
477 3609 585 3666 divinae
612 3610 792 3684 operationis
816 3614 844 3666 ct
855 3610 928 3666 ima·

100 3697 200 3768 ginem
212 3695 377 3754 efformem
389 3697 490 3754 babet.
507 3703 538 3754 ln
551 3715 613 3772 quo
624 3702 724 3754 autem
735 3698 929 3757 habeathane

49 3833 52 3839 ,
98 3784 261 3855 imaginem
279 3791 307 3843 at
320 3785 459 3855 formam,
476 3786 650 3858 subjungit:
668 3811 681 3834 ιι
695 3787 864 3845 Secundum
882 3804 928 3845 ca·

100 3874 258 3946 pacitatem
281 3881 396 3932 naturae
411 3893 472 3930 sure
485 3876 641 3942 motivam,
653 3881 681 3930 et
704 3875 885 3945 gignentem,
901 3881 930 3932 et

100 3960 243 4029 velocem,
253 3967 281 4018 et
290 3968 452 4034 potentem,
470 3986 483 4010 ιι
501 3962 574 4033 quia
587 3966 687 4017 motus
701 3978 752 4018 aer
763 3967 879 4019 motum
901 3968 930 4019 et

100 4049 318 4104 incrementum
339 4049 428 4105 rebus
443 4049 570 4121 subjicit,
587 4056 616 4106 et
641 4050 779 4107 velociter
807 4068 929 4110 currens

99 4136 280 4193 extrinsecus
290 4141 434 4209 potenter,
451 4138 511 4195 sive
522 4139 664 4197 violenter
679 4139 803 4214 impellit
819 4164 832 4191 ιι
844 4145 872 4197 θῖ
887 4160 928 4198 εθ-

985 2989 1071 3046 tatis:
1096 2988 1162 3045 illos
1175 2988 1242 3044 dico
1272 3011 1286 3038 ιι
1304 2988 1481 3062 accipientes
1504 3003 1665 3061 pompose,
1683 3008 1697 3036 ιι
1719 2985 1748 3042 id
1773 2991 1817 3042 cst

984 3079 1159 3135 excellenter
1174 3102 1187 3128 «
1202 3077 1333 3152 primam
1348 3078 1617 3135 manifestationem
1635 3100 1649 3129 ιι
1664 3077 1761 3150 ipsius
1775 3076 1817 3131 lu-

984 3168 1072 3224 minis
1086 3169 1117 3224 in
1131 3168 1229 3241 prima
1255 3167 1440 3241 apparitione
1465 3167 1568 3240 ipsius,
1584 3166 1657 3240 quia
1682 3167 1816 3239 primum

984 3258 1025 3314 eis
1040 3262 1232 3324 monstratur,
1257 3261 1285 3313 et
1305 3256 1481 3314 excellenter
1495 3256 1533 3313 ab
1563 3257 1606 3313 eis
1628 3256 1815 3330 percipitur:

983 3347 1050 3402 idco
1066 3351 1135 3402 sant
1149 3346 1205 3419 ipsi
1220 3368 1233 3394 ιι
1250 3346 1428 3420 accipientes
1443 3345 1573 3421 primam
1602 3345 1816 3402 manifestatio-

982 3436 1131 3507 nemejus
1156 3451 1313 3508 pompose,
1328 3458 1341 3485 ιι
1356 3441 1384 3491 θῖ
1412 3434 1549 3504 gloriose,
1574 3438 1602 3492 et
1630 3439 1700 3491 sunt
1725 3434 1815 3490 etiam

983 3523 1191 3580 distribuentes
1206 3524 1304 3596 ipsam
1330 3523 1439 3579 scilicet
1467 3523 1739 3580 manifestationem
1754 3547 1769 3572 ιι
1784 3523 1814 3578 in

982 3629 1028 3680 ea,
1042 3628 1110 3685 quea
1126 3612 1258 3668 secunda
1272 3617 1418 3684 posteos;
1443 3612 1652 3668 distribuentes
1668 3611 1712 3667 eis
1732 3612 1812 3667 illam

982 3700 1088 3769 lucide,
1108 3724 1121 3751 ιι
1136 3701 1165 3757 id
1179 3705 1223 3756 θεῖ
1235 3701 1313 3757 clare
1330 3723 1343 3750 ιι
1358 3707 1387 3757 θῖ
1415 3700 1682 3774 proportionaliter,
1696 3724 1710 3750 ιι
1727 3699 1757 3756 id
1772 3706 1813 3755 est

983 3791 1148 3847 seeundum
1166 3789 1404 3862 uniuscujusque
1417 3807 1601 3847 mensuram.
1619 3790 1703 3847 Sicet
1714 3789 1809 3846 nubes

982 3879 1114 3951 primum
1138 3877 1240 3932 lumen
1265 3878 1335 3933 solis
1351 3878 1525 3951 suscipiunt,
1552 3877 1664 3933 deinde
1688 3877 1760 3933 illud
1774 3893 1810 3931 ex

983 3965 1054 4038 ipsis
1067 3965 1261 4039 resplendens
1285 3966 1316 4022 in
1332 3966 1466 4037 subjecta
1494 3965 1678 4022 diffundunt.
1692 3967 1727 4020 Et
1747 3963 1812 4019 ideo

983 4056 1073 4111 etiam
1088 4054 1187 4126 angeli
1201 4054 1450 4122 nuliesdicuntun
1465 4055 1536 4128 quia
1552 4078 1564 4103 ιι
1582 4054 1612 4111 in
1628 4054 1671 4111 eis
1682 4053 1814 4110 subsistit

984 4142 1131 4214 gencrale,
1148 4148 1175 4199 et
1185 4142 1346 4211 vivificum,
1363 4148 1392 4200 θῖ
1409 4143 1547 4210 activum,
1564 4149 1593 4200 θῖ
1605 4142 1812 4216 perfectivum,

99 4227 233 4284 eundum
243 4227 380 4298 ignotum
390 4228 487 4297 nobis,
502 4230 685 4288 etinvisibile
699 4230 858 4287 latibulum
866 4249 930 4288 1110-
946 4273 966 4325 D
981 4233 1067 4303 jutta
1081 4230 1308 4288 intellectualem
1322 4232 1546 4305 conceptionem
1562 4231 1708 4288 imbrium
1726 4255 1738 4279 ιι
1758 4231 1813 4305 spi·

98 4316 230 4373 vantium
244 4317 460 4390 principiorum
475 4324 503 4377 θῖ
515 4320 820 4376 consummationum.
829 4343 842 4367 ιι
858 4320 929 4376 Ven-

101 4409 147 4461 tus
161 4405 242 4462 enim
255 4411 354 4462 motus
364 4406 445 4462 foras
459 4407 498 4464 ad
525 4424 646 4464 sensum
660 4407 756 4477 venit;
784 4408 837 4463 sed
851 4408 930 4481 prin·

100 4494 212 4567 cipium
231 4494 366 4553 etfinem
391 4499 490 4552 motus
518 4496 583 4567 ejus
611 4512 716 4552 sensus
737 4512 798 4552 non
826 4496 929 4569 depre-

86 4584 211 4641 hendit.
240 4585 322 4641 Unde
350 4585 494 4659 seriptum
517 4590 561 4641 est
577 4603 583 4640 :
602 4609 615 4634 ιι
627 4585 682 4651 Qui
696 4585 834 4659 producit
858 4602 929 4642 ven-

99 4674 144 4725 tos
158 4672 196 4726 dc
223 4673 369 4729 thesauris
395 4673 457 4729 suis
471 4674 565 4746 (Psuf.
585 4678 708 4747 ruant).
726 4698 739 4724 »
763 4678 870 4730 Ventos
892 4675 929 4730 si·

99 4758 221 4831 quidem
237 4760 274 4814 de
288 4761 435 4817 thesauris
449 4763 625 4837 producere,
640 4768 684 4819 est
702 4768 731 4821 et
750 4764 788 4818 dc
806 4764 928 4821 occultis

98 4851 128 4904 at
141 4847 300 4904 latentibus
318 4851 415 4906 causis
436 4852 600 4924 spiramina
627 4857 784 4908 ventorum
798 4869 851 4926 per
865 4870 928 4910 ma-

98 4936 237 4994 nifestam
251 4935 441 5007 agitationem
456 4941 631 4998 adsensum
653 4942 795 5015 proferre.
821 4946 928 5001 Secun-

98 5025 172 5082 dum
186 5025 263 5082 hanc
288 5022 510 5082 similitudinem
534 5028 624 5086 eham
649 5032 768 5087 Creator
797 5030 926 5103 spiritus,

98 5113 244 5171 universis
256 5112 370 5171 occulte
396 5115 559 5187 praesidens
581 5120 609 5172 et
634 5117 787 5174 invisibilis
810 5134 927 5192 perma-

98 5217 183 5271 nens,
199 5208 306 5261 euneta
336 5210 437 5263 movet
451 5208 479 5260 et
506 5211 663 5278 promovet
685 5223 740 5263 sua
763 5207 883 5276 virtute;
900 5212 927 5264 et

98 5291 313 5371 videnturque
326 5298 495 5361 moventur,
511 5295 600 5368 atqui
613 5300 711 5352 movet
724 5312 785 5351 non
800 5296 925 5366 videtur,

98 5381 257 5451 potensin
282 5382 430 5453 faciendo,
459 5383 545 5442 velox
569 5387 599 5440 in
623 5384 820 5458 perficiend0;
842 5386 929 5457 cujus

99 5480 191 5537 opera
216 5469 338 5542 quidem
365 5471 435 5528 foris
463 5477 633 5542 cernuntur,
659 5473 712 5531 sed
739 5474 875 5545 ignotum
900 5478 929 5530 et

99 5551 246 5618 invisione
268 5558 426 5621 latibulum
447 5562 613 5638 primarum
625 5578 786 5643 causarum
813 5562 928 5644 etprin-

984 4319 1144 4377 ritualium.
1162 4319 1242 4377 Sicut
1269 4320 1376 4384 nubes,
1389 4338 1457 4395 quae
1485 4337 1539 4395 per
1566 4320 1747 4377 effusionem
1761 4321 1813 4376 im-

983 4409 1082 4465 brium
1093 4413 1202 4465 terram
1215 4409 1410 4466 fecundantes
1424 4410 1514 4466 rebus
1522 4427 1559 4467 ex
1570 4426 1606 4466 ea
1619 4409 1813 4466 nascentibus

984 4497 1184 4554 tribuuntvim
1194 4497 1346 4568 gignendi,
1362 4504 1391 4554 et
1402 4498 1619 4567 vivificationis,
1631 4503 1661 4556 et
1670 4515 1815 4570 augmen-

984 4585 1002 4640 ti
1017 4585 1215 4658 perfectionis.
1235 4585 1363 4656 Sicergo
1390 4587 1487 4642 nubes
1512 4587 1662 4655 dicuntur,
1692 4593 1816 4661 propter

981 4673 1156 4744 hujusmodi
1170 4673 1312 4731 imbritun
1323 4675 1558 4747 conceptionem,
1573 4676 1640 4732 dico
1658 4700 1670 4724 ιι
1687 4692 1817 4733 evocan-

984 4768 1052 4830 tem,
1071 4761 1158 4817 «sive
1173 4767 1396 4834 provocantem,
1405 4763 1450 4820 vel
1458 4764 1622 4821 elicientem
1636 4787 1649 4813 ιι
1665 4763 1697 4820 in
1711 4764 1818 4821 vitales

981 4855 1085 4922 partus
1109 4873 1121 4897 ιι
1145 4849 1341 4923 excipientem
1360 4851 1470 4921 sinum,
1495 4853 1580 4909 idest
1594 4857 1715 4921 terrmn,
1745 4869 1818 4926 qnae

980 4939 1091 4995 imbres
1107 4938 1173 4994 sinu
1189 4956 1243 4995 suo
1256 4940 1379 5014 excipit:
1392 4964 1405 4990 ιι
1423 4946 1597 4999 evocantem
1609 4966 1622 4991 ιι
1638 4941 1718 5010 dieo,
1736 4966 1751 4991 »
1763 4943 1819 4999 hu·

981 5028 1069 5084 midis
1085 5027 1201 5102 pluviis,
1220 5050 1232 5076 ιι
1248 5028 1278 5084 id
1291 5035 1335 5084 est
1356 5046 1409 5103 per
1434 5031 1551 5104 pluvias
1566 5030 1719 5088 humidas.
1731 5057 1746 5080 ιι
1764 5035 1820 5088 Per

981 5116 1096 5190 pluvias
1111 5117 1192 5175 enim
1207 5120 1316 5174 terram
1331 5120 1640 5191 provocatnutriendo
1653 5119 1694 5177 ad
1709 5121 1820 5178 vitales

981 5211 1084 5280 partus
1100 5207 1312 5281 procreandos.

1018 5294 1168 5368 Sequitur:
1187 5318 1201 5344 ιι
1218 5299 1285 5368 ipsa
1299 5295 1398 5366 etiam,
1416 5320 1428 5347 ιι
1445 5301 1499 5354 θῖθ.
1516 5303 1556 5353 ite
1569 5298 1592 5352 si
1608 5298 1735 5356 diceret:
1751 5303 1821 5359 Non

982 5383 1080 5441 solum
1094 5383 1124 5439 in
1141 5385 1238 5456 speeie
1254 5384 1343 5440 nubis
1369 5386 1435 5459 ipsa
1451 5387 1599 5456 theologia
1626 5388 1753 5458 angelos
1769 5392 1820 5447 de·

982 5472 1092 5542 scribit,
1110 5471 1188 5529 «sed
1203 5472 1292 5530 ctiam
1307 5473 1437 5548 speciem
1448 5475 1523 5543 aeris,
1540 5479 1568 5533 et
1575 5476 1684 5546 electri,
1701 5479 1821 5536 etmul-

982 5562 1140 5627 tieotoram
1151 5558 1289 5643 lapidum
1297 5562 1496 5641 circumponit
1505 5563 1650 5640 ipseper»
1666 5567 1821 5638 significa·
