<?xml version="1.0" encoding="UTF-8"?>
<!DOCTYPE html PUBLIC "-//W3C//DTD XHTML 1.0 Transitional//EN"
    "http://www.w3.org/TR/xhtml1/DTD/xhtml1-transitional.dtd">
<html xmlns="http://www.w3.org/1999/xhtml" xml:lang="en" lang="en">
 <head>
  <title>
</title>
<meta http-equiv="Content-Type" content="text/html;charset=utf-8" />
  <meta name='ocr-system' content='tesseract 3.04.00' />
  <meta name='ocr-capabilities' content='ocr_page ocr_carea ocr_par ocr_line ocrx_word'/>
</head>
<body>
  <div class='ocr_page' id='page_1' title='image "./patrologiaecurs37unkngoog_0499.png"; bbox 0 0 3832 6044; ppageno 0'>
   <div class='ocr_carea' id='block_1_1' title="bbox 95 107 1879 173">
    <p class='ocr_par' dir='ltr' id='par_1_1' title="bbox 95 107 1879 173">
     <span class='ocr_line' id='line_1_1' title="bbox 95 107 1879 173; baseline -0.007 0"><span class='ocrx_word' id='word_1_1' title='bbox 95 166 99 173; x_wconf 87' lang='lat'><strong>.</strong></span> <span class='ocrx_word' id='word_1_2' title='bbox 155 119 207 172; x_wconf 74' lang='lat'><strong>827</strong></span> <span class='ocrx_word' id='word_1_3' title='bbox 458 114 610 172; x_wconf 87' lang='lat' dir='ltr'><strong>HUGONIS</strong></span> <span class='ocrx_word' id='word_1_4' title='bbox 630 116 675 171; x_wconf 82' lang='lat' dir='ltr'><strong>Uli</strong></span> <span class='ocrx_word' id='word_1_5' title='bbox 696 115 725 170; x_wconf 90' lang='lat' dir='ltr'><strong>S.</strong></span> <span class='ocrx_word' id='word_1_6' title='bbox 745 112 918 171; x_wconf 75' lang='lat' dir='ltr'><strong>vtcroueo</strong></span> <span class='ocrx_word' id='word_1_7' title='bbox 938 113 989 168; x_wconf 83' lang='lat' dir='ltr'><strong>PP.</strong></span> <span class='ocrx_word' id='word_1_8' title='bbox 1009 110 1098 168; x_wconf 76' lang='lat' dir='ltr'><strong>PARS</strong></span> <span class='ocrx_word' id='word_1_9' title='bbox 1119 112 1139 166; x_wconf 92' lang='lat' dir='ltr'><strong>l.</strong></span> <span class='ocrx_word' id='word_1_10' title='bbox 1160 141 1194 150; x_wconf 89' lang='lat'><strong>—</strong></span> <span class='ocrx_word' id='word_1_11' title='bbox 1215 109 1406 166; x_wconf 78' lang='lat' dir='ltr'><strong>EXEGETICA</strong></span> <span class='ocrx_word' id='word_1_12' title='bbox 1425 107 1540 163; x_wconf 77' lang='lat' dir='ltr'><strong>adult.</strong></span> <span class='ocrx_word' id='word_1_13' title='bbox 1820 107 1879 161; x_wconf 77' lang='lat'><strong>828</strong></span> 
     </span>
    </p>
   </div>
   <div class='ocr_carea' id='block_1_2' title="bbox 104 230 1878 1906">
    <p class='ocr_par' dir='ltr' id='par_1_2' title="bbox 104 230 1878 1906">
     <span class='ocr_line' id='line_1_2' title="bbox 155 230 1878 313; baseline -0.008 -15"><span class='ocrx_word' id='word_1_14' title='bbox 155 255 258 298; x_wconf 82' lang='lat' dir='ltr'><strong>eoram</strong></span> <span class='ocrx_word' id='word_1_15' title='bbox 271 241 369 313; x_wconf 80' lang='lat' dir='ltr'><strong>(Dent.</strong></span> <span class='ocrx_word' id='word_1_16' title='bbox 382 239 472 310; x_wconf 75' lang='lat' dir='ltr'><strong>xant).</strong></span> <span class='ocrx_word' id='word_1_17' title='bbox 487 238 565 294; x_wconf 86' lang='lat' dir='ltr'><strong>rtlter</strong></span> <span class='ocrx_word' id='word_1_18' title='bbox 579 254 693 309; x_wconf 82' lang='lat' dir='ltr'><strong>servus,</strong></span> <span class='ocrx_word' id='word_1_19' title='bbox 714 238 807 294; x_wconf 78' lang='lat' dir='ltr'><strong>David</strong></span> <span class='ocrx_word' id='word_1_20' title='bbox 834 237 981 311; x_wconf 89' lang='lat' dir='ltr'><strong>propheta</strong></span> <span class='ocrx_word' id='word_1_21' title='bbox 999 237 1146 292; x_wconf 69' lang='lat' dir='ltr'><strong>Arentes</strong></span> <span class='ocrx_word' id='word_1_22' title='bbox 1156 250 1222 292; x_wconf 86' lang='lat' dir='ltr'><strong>eum</strong></span> <span class='ocrx_word' id='word_1_23' title='bbox 1238 240 1326 292; x_wconf 80' lang='lat' dir='ltr'><strong>entra</strong></span> <span class='ocrx_word' id='word_1_24' title='bbox 1337 230 1657 303; x_wconf 85' lang='lat' dir='ltr'><strong>vineam,oceiderant.</strong></span> <span class='ocrx_word' id='word_1_25' title='bbox 1677 232 1795 287; x_wconf 84' lang='lat' dir='ltr'><strong>Marcus</strong></span> <span class='ocrx_word' id='word_1_26' title='bbox 1810 245 1878 285; x_wconf 90' lang='lat' dir='ltr'><strong>mu-</strong></span> 
     </span>
     <span class='ocr_line' id='line_1_3' title="bbox 156 320 1877 406; baseline -0.007 -21"><span class='ocrx_word' id='word_1_27' title='bbox 156 328 265 401; x_wconf 89' lang='lat' dir='ltr'><strong>estqui</strong></span> <span class='ocrx_word' id='word_1_28' title='bbox 277 329 484 400; x_wconf 85' lang='lat' dir='ltr'><strong>postldoysem</strong></span> <span class='ocrx_word' id='word_1_29' title='bbox 499 325 592 381; x_wconf 77' lang='lat' dir='ltr'><strong>sinere</strong></span> <span class='ocrx_word' id='word_1_30' title='bbox 606 325 911 399; x_wconf 81' lang='lat' dir='ltr'><strong>colonospsalmodin</strong></span> <span class='ocrx_word' id='word_1_31' title='bbox 920 341 983 381; x_wconf 91' lang='lat' dir='ltr'><strong>mo·</strong></span> <span class='ocrx_word' id='word_1_32' title='bbox 1008 397 1014 406; x_wconf 93' lang='lat'><strong>.</strong></span> <span class='ocrx_word' id='word_1_33' title='bbox 1039 328 1081 381; x_wconf 90' lang='lat' dir='ltr'><strong>tat</strong></span> <span class='ocrx_word' id='word_1_34' title='bbox 1090 325 1171 380; x_wconf 89' lang='lat' dir='ltr'><strong>hune</strong></span> <span class='ocrx_word' id='word_1_35' title='bbox 1184 324 1330 389; x_wconf 82' lang='lat' dir='ltr'>ordinem,</span> <span class='ocrx_word' id='word_1_36' title='bbox 1345 322 1464 378; x_wconf 89' lang='lat' dir='ltr'><strong>dicens:</strong></span> <span class='ocrx_word' id='word_1_37' title='bbox 1482 320 1673 391; x_wconf 82' lang='lat' dir='ltr'><strong>Occiderant,</strong></span> <span class='ocrx_word' id='word_1_38' title='bbox 1684 321 1877 389; x_wconf 80' lang='lat' dir='ltr'><strong>etejecernnt</strong></span> 
     </span>
     <span class='ocr_line' id='line_1_4' title="bbox 156 408 1874 482; baseline -0.006 -7"><span class='ocrx_word' id='word_1_39' title='bbox 156 416 307 475; x_wconf 78' lang='lat' dir='ltr'><strong>dulafione</strong></span> <span class='ocrx_word' id='word_1_40' title='bbox 318 415 476 472; x_wconf 80' lang='lat' dir='ltr'><strong>etcitlraroe</strong></span> <span class='ocrx_word' id='word_1_41' title='bbox 490 414 647 471; x_wconf 80' lang='lat' dir='ltr'>dulcedine</span> <span class='ocrx_word' id='word_1_42' title='bbox 661 415 700 472; x_wconf 88' lang='lat' dir='ltr'><strong>ad</strong></span> <span class='ocrx_word' id='word_1_43' title='bbox 719 415 891 471; x_wconf 79' lang='lat' dir='ltr'><strong>exercitium</strong></span> <span class='ocrx_word' id='word_1_44' title='bbox 911 413 985 471; x_wconf 89' lang='lat' dir='ltr'><strong>boni</strong></span> <span class='ocrx_word' id='word_1_45' title='bbox 1039 430 1104 471; x_wconf 82' lang='lat' dir='ltr'><strong>eurn</strong></span> <span class='ocrx_word' id='word_1_46' title='bbox 1119 419 1207 471; x_wconf 78' lang='lat' dir='ltr'><strong>entra</strong></span> <span class='ocrx_word' id='word_1_47' title='bbox 1220 415 1337 469; x_wconf 83' lang='lat' dir='ltr'><strong>vineam</strong></span> <span class='ocrx_word' id='word_1_48' title='bbox 1353 413 1460 480; x_wconf 82' lang='lat' dir='ltr'><strong>(Mare.</strong></span> <span class='ocrx_word' id='word_1_49' title='bbox 1475 415 1542 478; x_wconf 80' lang='lat' dir='ltr'><strong>xrrt:</strong></span> <span class='ocrx_word' id='word_1_50' title='bbox 1566 410 1595 465; x_wconf 92' lang='lat' dir='ltr'><strong>in</strong></span> <span class='ocrx_word' id='word_1_51' title='bbox 1617 424 1679 481; x_wconf 89' lang='lat' dir='ltr'><strong>quo</strong></span> <span class='ocrx_word' id='word_1_52' title='bbox 1705 408 1874 482; x_wconf 77' lang='lat' dir='ltr'><strong>pertinacia</strong></span> 
     </span>
     <span class='ocr_line' id='line_1_5' title="bbox 157 497 1875 579; baseline -0.006 -16"><span class='ocrx_word' id='word_1_53' title='bbox 157 505 256 579; x_wconf 89' lang='lat' dir='ltr'><strong>operis</strong></span> <span class='ocrx_word' id='word_1_54' title='bbox 269 504 422 562; x_wconf 88' lang='lat' dir='ltr'><strong>invitabat.</strong></span> <span class='ocrx_word' id='word_1_55' title='bbox 435 504 492 562; x_wconf 87' lang='lat' dir='ltr'><strong>Sed</strong></span> <span class='ocrx_word' id='word_1_56' title='bbox 507 503 982 561; x_wconf 81' lang='lat' dir='ltr'><strong>etlrunccontumeliisatlectum:</strong></span> <span class='ocrx_word' id='word_1_57' title='bbox 1039 519 1144 560; x_wconf 87' lang='lat' dir='ltr'><strong>eorum</strong></span> <span class='ocrx_word' id='word_1_58' title='bbox 1158 507 1288 569; x_wconf 86' lang='lat' dir='ltr'><strong>notatur,</strong></span> <span class='ocrx_word' id='word_1_59' title='bbox 1310 500 1363 575; x_wconf 89' lang='lat' dir='ltr'><strong>qui</strong></span> <span class='ocrx_word' id='word_1_60' title='bbox 1391 504 1460 573; x_wconf 93' lang='lat' dir='ltr'><strong>post</strong></span> <span class='ocrx_word' id='word_1_61' title='bbox 1488 498 1736 555; x_wconf 75' lang='lat' dir='ltr'><strong>resurrectionem</strong></span> <span class='ocrx_word' id='word_1_62' title='bbox 1764 497 1875 572; x_wconf 83' lang='lat' dir='ltr'><strong>praedi-</strong></span> 
     </span>
     <span class='ocr_line' id='line_1_6' title="bbox 157 586 1873 665; baseline -0.006 -13"><span class='ocrx_word' id='word_1_63' title='bbox 157 595 309 652; x_wconf 91' lang='lat' dir='ltr'><strong>dimittunt</strong></span> <span class='ocrx_word' id='word_1_64' title='bbox 320 595 452 662; x_wconf 87' lang='lat' dir='ltr'><strong>inanem,</strong></span> <span class='ocrx_word' id='word_1_65' title='bbox 467 594 618 651; x_wconf 90' lang='lat' dir='ltr'><strong>dicentes:</strong></span> <span class='ocrx_word' id='word_1_66' title='bbox 652 595 723 662; x_wconf 80' lang='lat' dir='ltr'><strong>(tae</strong></span> <span class='ocrx_word' id='word_1_67' title='bbox 748 595 831 651; x_wconf 82' lang='lat' dir='ltr'><strong>notis</strong></span> <span class='ocrx_word' id='word_1_68' title='bbox 856 610 929 665; x_wconf 82' lang='lat' dir='ltr'><strong>pars</strong></span> <span class='ocrx_word' id='word_1_69' title='bbox 953 595 984 649; x_wconf 87' lang='lat' dir='ltr'><strong>in</strong></span> <span class='ocrx_word' id='word_1_70' title='bbox 1039 592 1177 649; x_wconf 88' lang='lat' dir='ltr'><strong>cantibus</strong></span> <span class='ocrx_word' id='word_1_71' title='bbox 1197 590 1339 665; x_wconf 86' lang='lat' dir='ltr'><strong>apostolis</strong></span> <span class='ocrx_word' id='word_1_72' title='bbox 1361 589 1481 646; x_wconf 90' lang='lat' dir='ltr'><strong>eredere</strong></span> <span class='ocrx_word' id='word_1_73' title='bbox 1502 588 1672 656; x_wconf 88' lang='lat' dir='ltr'><strong>noluerunt,</strong></span> <span class='ocrx_word' id='word_1_74' title='bbox 1696 587 1749 643; x_wconf 91' lang='lat' dir='ltr'><strong>sed</strong></span> <span class='ocrx_word' id='word_1_75' title='bbox 1784 586 1873 660; x_wconf 88' lang='lat' dir='ltr'><strong>quasi</strong></span> 
     </span>
     <span class='ocr_line' id='line_1_7' title="bbox 156 674 1873 757; baseline -0.006 -18"><span class='ocrx_word' id='word_1_76' title='bbox 156 684 342 742; x_wconf 70' lang='lat' dir='ltr'><strong>decidant</strong></span> <span class='ocrx_word' id='word_1_77' title='bbox 356 684 592 756; x_wconf 78' lang='lat' dir='ltr'><strong>qnaeioereditas</strong></span> <span class='ocrx_word' id='word_1_78' title='bbox 618 685 650 740; x_wconf 88' lang='lat' dir='ltr'><strong>in</strong></span> <span class='ocrx_word' id='word_1_79' title='bbox 669 685 733 752; x_wconf 73' lang='lat' dir='ltr'><strong>fitia</strong></span> <span class='ocrx_word' id='word_1_80' title='bbox 747 686 810 742; x_wconf 83' lang='lat' dir='ltr'><strong>lsai</strong></span> <span class='ocrx_word' id='word_1_81' title='bbox 821 688 835 740; x_wconf 84' lang='lat'><em>?</em></span> <span class='ocrx_word' id='word_1_82' title='bbox 849 685 984 757; x_wconf 76' lang='lat' dir='ltr'><strong>(IIlRep.</strong></span> <span class='ocrx_word' id='word_1_83' title='bbox 1039 681 1096 736; x_wconf 76' lang='lat' dir='ltr'><strong>vile</strong></span> <span class='ocrx_word' id='word_1_84' title='bbox 1116 679 1245 735; x_wconf 76' lang='lat' dir='ltr'><strong>cadaver</strong></span> <span class='ocrx_word' id='word_1_85' title='bbox 1266 678 1455 751; x_wconf 73' lang='lat' dir='ltr'><strong>projicientes</strong></span> <span class='ocrx_word' id='word_1_86' title='bbox 1480 675 1618 745; x_wconf 76' lang='lat' dir='ltr'><strong>gentibus</strong></span> <span class='ocrx_word' id='word_1_87' title='bbox 1646 674 1873 747; x_wconf 89' lang='lat' dir='ltr'><strong>suscipiendum</strong></span> 
     </span>
     <span class='ocr_line' id='line_1_8' title="bbox 156 763 1873 845; baseline -0.006 -17"><span class='ocrx_word' id='word_1_88' title='bbox 156 771 217 845; x_wconf 80' lang='lat' dir='ltr'><strong>xa).</strong></span> <span class='ocrx_word' id='word_1_89' title='bbox 235 771 291 838; x_wconf 83' lang='lat' dir='ltr'><strong>Qui</strong></span> <span class='ocrx_word' id='word_1_90' title='bbox 305 776 406 828; x_wconf 91' lang='lat' dir='ltr'><strong>tamen</strong></span> <span class='ocrx_word' id='word_1_91' title='bbox 420 786 475 844; x_wconf 92' lang='lat' dir='ltr'><strong>pro</strong></span> <span class='ocrx_word' id='word_1_92' title='bbox 490 772 547 827; x_wconf 90' lang='lat' dir='ltr'><strong>hac</strong></span> <span class='ocrx_word' id='word_1_93' title='bbox 561 771 656 839; x_wconf 85' lang='lat' dir='ltr'><strong>vinea,</strong></span> <span class='ocrx_word' id='word_1_94' title='bbox 668 788 705 828; x_wconf 87' lang='lat' dir='ltr'><strong>nc</strong></span> <span class='ocrx_word' id='word_1_95' title='bbox 716 773 835 845; x_wconf 89' lang='lat' dir='ltr'><strong>penitus</strong></span> <span class='ocrx_word' id='word_1_96' title='bbox 847 772 986 844; x_wconf 79' lang='lat' dir='ltr'><strong>exstirpe·</strong></span> <span class='ocrx_word' id='word_1_97' title='bbox 1040 768 1197 825; x_wconf 89' lang='lat' dir='ltr'><strong>dederunt.</strong></span> <span class='ocrx_word' id='word_1_98' title='bbox 1212 768 1268 825; x_wconf 89' lang='lat' dir='ltr'><strong>Sed</strong></span> <span class='ocrx_word' id='word_1_99' title='bbox 1286 766 1429 824; x_wconf 85' lang='lat' dir='ltr'><strong>Dominus</strong></span> <span class='ocrx_word' id='word_1_100' title='bbox 1441 766 1539 821; x_wconf 88' lang='lat' dir='ltr'><strong>malos</strong></span> <span class='ocrx_word' id='word_1_101' title='bbox 1553 764 1676 821; x_wconf 88' lang='lat' dir='ltr'><strong>colones</strong></span> <span class='ocrx_word' id='word_1_102' title='bbox 1700 763 1781 820; x_wconf 90' lang='lat' dir='ltr'><strong>male</strong></span> <span class='ocrx_word' id='word_1_103' title='bbox 1808 779 1873 837; x_wconf 88' lang='lat' dir='ltr'><strong>per-</strong></span> 
     </span>
     <span class='ocr_line' id='line_1_9' title="bbox 158 851 1871 931; baseline -0.005 -15"><span class='ocrx_word' id='word_1_104' title='bbox 158 865 214 928; x_wconf 84' lang='lat' dir='ltr'><strong>tur,</strong></span> <span class='ocrx_word' id='word_1_105' title='bbox 231 860 272 916; x_wconf 87' lang='lat' dir='ltr'><strong>sic</strong></span> <span class='ocrx_word' id='word_1_106' title='bbox 284 865 368 917; x_wconf 90' lang='lat' dir='ltr'><strong>orat:</strong></span> <span class='ocrx_word' id='word_1_107' title='bbox 385 861 510 916; x_wconf 82' lang='lat' dir='ltr'><strong>Domine</strong></span> <span class='ocrx_word' id='word_1_108' title='bbox 523 860 602 916; x_wconf 84' lang='lat' dir='ltr'><strong>Dens</strong></span> <span class='ocrx_word' id='word_1_109' title='bbox 616 862 773 931; x_wconf 86' lang='lat' dir='ltr'><strong>virtutum,</strong></span> <span class='ocrx_word' id='word_1_110' title='bbox 795 866 987 931; x_wconf 83' lang='lat' dir='ltr'><strong>convertere;</strong></span> <span class='ocrx_word' id='word_1_111' title='bbox 1040 857 1124 924; x_wconf 82' lang='lat' dir='ltr'><strong>didit,</strong></span> <span class='ocrx_word' id='word_1_112' title='bbox 1140 857 1215 912; x_wconf 91' lang='lat' dir='ltr'><strong>dum</strong></span> <span class='ocrx_word' id='word_1_113' title='bbox 1230 855 1399 912; x_wconf 87' lang='lat' dir='ltr'><strong>incredulos</strong></span> <span class='ocrx_word' id='word_1_114' title='bbox 1413 855 1531 911; x_wconf 77' lang='lat' dir='ltr'><strong>tndrees</strong></span> <span class='ocrx_word' id='word_1_115' title='bbox 1546 853 1576 909; x_wconf 93' lang='lat' dir='ltr'><strong>in</strong></span> <span class='ocrx_word' id='word_1_116' title='bbox 1590 870 1645 909; x_wconf 91' lang='lat' dir='ltr'><strong>sua</strong></span> <span class='ocrx_word' id='word_1_117' title='bbox 1665 851 1871 909; x_wconf 88' lang='lat' dir='ltr'><strong>incredulitate</strong></span> 
     </span>
     <span class='ocr_line' id='line_1_10' title="bbox 158 941 1872 1020; baseline -0.005 -15"><span class='ocrx_word' id='word_1_118' title='bbox 158 950 270 1019; x_wconf 85' lang='lat' dir='ltr'><strong>respice</strong></span> <span class='ocrx_word' id='word_1_119' title='bbox 280 948 315 1005; x_wconf 87' lang='lat' dir='ltr'><strong>de</strong></span> <span class='ocrx_word' id='word_1_120' title='bbox 328 949 412 1019; x_wconf 77' lang='lat' dir='ltr'><strong>crete,</strong></span> <span class='ocrx_word' id='word_1_121' title='bbox 421 953 448 1004; x_wconf 89' lang='lat' dir='ltr'><strong>et</strong></span> <span class='ocrx_word' id='word_1_122' title='bbox 458 949 778 1019; x_wconf 67' lang='lat' dir='ltr'><strong>etdepreisnacineam</strong></span> <span class='ocrx_word' id='word_1_123' title='bbox 787 951 874 1006; x_wconf 74' lang='lat' dir='ltr'><strong>ntem</strong></span> <span class='ocrx_word' id='word_1_124' title='bbox 891 949 984 1020; x_wconf 86' lang='lat' dir='ltr'><strong>(Psat.</strong></span> <span class='ocrx_word' id='word_1_125' title='bbox 1040 945 1207 1019; x_wconf 80' lang='lat' dir='ltr'><strong>dereliquit,</strong></span> <span class='ocrx_word' id='word_1_126' title='bbox 1223 950 1250 1001; x_wconf 90' lang='lat' dir='ltr'><strong>et</strong></span> <span class='ocrx_word' id='word_1_127' title='bbox 1268 961 1323 1018; x_wconf 91' lang='lat' dir='ltr'><strong>per</strong></span> <span class='ocrx_word' id='word_1_128' title='bbox 1347 944 1497 1017; x_wconf 90' lang='lat' dir='ltr'><strong>principes</strong></span> <span class='ocrx_word' id='word_1_129' title='bbox 1519 947 1670 1000; x_wconf 76' lang='lat' dir='ltr'><strong>Romanos</strong></span> <span class='ocrx_word' id='word_1_130' title='bbox 1691 941 1782 1012; x_wconf 82' lang='lat' dir='ltr'><strong>longe</strong></span> <span class='ocrx_word' id='word_1_131' title='bbox 1803 941 1872 997; x_wconf 89' lang='lat' dir='ltr'><strong>late-</strong></span> 
     </span>
     <span class='ocr_line' id='line_1_11' title="bbox 158 1031 1871 1111; baseline -0.004 -18"><span class='ocrx_word' id='word_1_132' title='bbox 158 1041 267 1103; x_wconf 79' lang='lat' dir='ltr'><strong>axxrx).</strong></span> <span class='ocrx_word' id='word_1_133' title='bbox 280 1036 392 1093; x_wconf 90' lang='lat' dir='ltr'><strong>Tertius</strong></span> <span class='ocrx_word' id='word_1_134' title='bbox 407 1053 519 1105; x_wconf 79' lang='lat' dir='ltr'><strong>servus,</strong></span> <span class='ocrx_word' id='word_1_135' title='bbox 540 1036 593 1093; x_wconf 86' lang='lat' dir='ltr'><strong>luit</strong></span> <span class='ocrx_word' id='word_1_136' title='bbox 617 1038 725 1093; x_wconf 88' lang='lat' dir='ltr'><strong>chorus</strong></span> <span class='ocrx_word' id='word_1_137' title='bbox 756 1038 984 1111; x_wconf 90' lang='lat' dir='ltr'><strong>prophetarum,</strong></span> <span class='ocrx_word' id='word_1_138' title='bbox 1041 1052 1100 1108; x_wconf 90' lang='lat' dir='ltr'><strong>que</strong></span> <span class='ocrx_word' id='word_1_139' title='bbox 1115 1034 1264 1108; x_wconf 89' lang='lat' dir='ltr'><strong>dispersit.</strong></span> <span class='ocrx_word' id='word_1_140' title='bbox 1282 1033 1453 1091; x_wconf 85' lang='lat' dir='ltr'><strong>Secundum</strong></span> <span class='ocrx_word' id='word_1_141' title='bbox 1467 1033 1613 1089; x_wconf 78' lang='lat' dir='ltr'><strong>moralem</strong></span> <span class='ocrx_word' id='word_1_142' title='bbox 1634 1048 1758 1087; x_wconf 89' lang='lat' dir='ltr'><strong>sensum</strong></span> <span class='ocrx_word' id='word_1_143' title='bbox 1785 1031 1871 1087; x_wconf 72' lang='lat' dir='ltr'><strong>vinea</strong></span> 
     </span>
     <span class='ocr_line' id='line_1_12' title="bbox 158 1119 1870 1200; baseline -0.004 -19"><span class='ocrx_word' id='word_1_144' title='bbox 158 1125 371 1198; x_wconf 86' lang='lat' dir='ltr'><strong>quipopulum</strong></span> <span class='ocrx_word' id='word_1_145' title='bbox 386 1123 584 1196; x_wconf 80' lang='lat' dir='ltr'><strong>corrigebant,</strong></span> <span class='ocrx_word' id='word_1_146' title='bbox 601 1129 630 1182; x_wconf 91' lang='lat' dir='ltr'><strong>et</strong></span> <span class='ocrx_word' id='word_1_147' title='bbox 643 1126 723 1182; x_wconf 89' lang='lat' dir='ltr'><strong>maia</strong></span> <span class='ocrx_word' id='word_1_148' title='bbox 740 1143 808 1200; x_wconf 74' lang='lat' dir='ltr'><strong>quae</strong></span> <span class='ocrx_word' id='word_1_149' title='bbox 824 1125 986 1182; x_wconf 88' lang='lat' dir='ltr'><strong>cultoribus</strong></span> <span class='ocrx_word' id='word_1_150' title='bbox 1039 1124 1165 1192; x_wconf 82' lang='lat' dir='ltr'><strong>locatru,</strong></span> <span class='ocrx_word' id='word_1_151' title='bbox 1188 1139 1258 1179; x_wconf 91' lang='lat' dir='ltr'><strong>eum</strong></span> <span class='ocrx_word' id='word_1_152' title='bbox 1291 1123 1469 1196; x_wconf 81' lang='lat' dir='ltr'><strong>mysterium</strong></span> <span class='ocrx_word' id='word_1_153' title='bbox 1492 1121 1635 1195; x_wconf 90' lang='lat' dir='ltr'><strong>baptismi</strong></span> <span class='ocrx_word' id='word_1_154' title='bbox 1661 1119 1806 1176; x_wconf 84' lang='lat' dir='ltr'><strong>fidelibus</strong></span> <span class='ocrx_word' id='word_1_155' title='bbox 1832 1120 1870 1176; x_wconf 90' lang='lat' dir='ltr'><strong>ad</strong></span> 
     </span>
     <span class='ocr_line' id='line_1_13' title="bbox 158 1209 1871 1288; baseline -0.003 -19"><span class='ocrx_word' id='word_1_156' title='bbox 158 1212 253 1269; x_wconf 74' lang='lat' dir='ltr'><strong>vineae</strong></span> <span class='ocrx_word' id='word_1_157' title='bbox 265 1213 464 1270; x_wconf 87' lang='lat' dir='ltr'><strong>imminebant</strong></span> <span class='ocrx_word' id='word_1_158' title='bbox 480 1213 690 1288; x_wconf 62' lang='lat' dir='ltr'><strong>praedicebant.</strong></span> <span class='ocrx_word' id='word_1_159' title='bbox 704 1214 762 1272; x_wconf 89' lang='lat' dir='ltr'><strong>Sed</strong></span> <span class='ocrx_word' id='word_1_160' title='bbox 774 1219 802 1270; x_wconf 93' lang='lat' dir='ltr'><strong>et</strong></span> <span class='ocrx_word' id='word_1_161' title='bbox 817 1213 986 1287; x_wconf 90' lang='lat' dir='ltr'><strong>illosperse-</strong></span> <span class='ocrx_word' id='word_1_162' title='bbox 1041 1211 1242 1268; x_wconf 81' lang='lat' dir='ltr'><strong>exercendum</strong></span> <span class='ocrx_word' id='word_1_163' title='bbox 1253 1226 1343 1284; x_wconf 90' lang='lat' dir='ltr'><strong>opere</strong></span> <span class='ocrx_word' id='word_1_164' title='bbox 1355 1211 1557 1267; x_wconf 85' lang='lat' dir='ltr'><strong>committitur.</strong></span> <span class='ocrx_word' id='word_1_165' title='bbox 1574 1209 1725 1266; x_wconf 80' lang='lat' dir='ltr'><strong>Mittuntur</strong></span> <span class='ocrx_word' id='word_1_166' title='bbox 1739 1212 1802 1264; x_wconf 89' lang='lat' dir='ltr'><strong>tres</strong></span> <span class='ocrx_word' id='word_1_167' title='bbox 1816 1225 1871 1264; x_wconf 91' lang='lat' dir='ltr'><strong>ser·</strong></span> 
     </span>
     <span class='ocr_line' id='line_1_14' title="bbox 159 1297 1869 1374; baseline -0.002 -18"><span class='ocrx_word' id='word_1_168' title='bbox 159 1301 215 1357; x_wconf 89' lang='lat' dir='ltr'><strong>suti</strong></span> <span class='ocrx_word' id='word_1_169' title='bbox 231 1302 545 1368; x_wconf 70' lang='lat' dir='ltr'><strong>suntetocciderunt.</strong></span> <span class='ocrx_word' id='word_1_170' title='bbox 568 1303 659 1374; x_wconf 87' lang='lat' dir='ltr'><strong>Cujus</strong></span> <span class='ocrx_word' id='word_1_171' title='bbox 686 1302 781 1359; x_wconf 73' lang='lat' dir='ltr'><strong>sinere</strong></span> <span class='ocrx_word' id='word_1_172' title='bbox 806 1301 987 1360; x_wconf 90' lang='lat' dir='ltr'><strong>sterilitatem</strong></span> <span class='ocrx_word' id='word_1_173' title='bbox 1040 1302 1080 1369; x_wconf 83' lang='lat' dir='ltr'><strong>ri,</strong></span> <span class='ocrx_word' id='word_1_174' title='bbox 1096 1306 1128 1357; x_wconf 94' lang='lat' dir='ltr'><strong>ut</strong></span> <span class='ocrx_word' id='word_1_175' title='bbox 1142 1301 1179 1356; x_wconf 92' lang='lat' dir='ltr'><strong>de</strong></span> <span class='ocrx_word' id='word_1_176' title='bbox 1194 1300 1291 1356; x_wconf 86' lang='lat' dir='ltr'><strong>fructu</strong></span> <span class='ocrx_word' id='word_1_177' title='bbox 1319 1299 1476 1373; x_wconf 83' lang='lat' dir='ltr'><strong>accipiant,</strong></span> <span class='ocrx_word' id='word_1_178' title='bbox 1506 1315 1576 1355; x_wconf 94' lang='lat' dir='ltr'><strong>cum</strong></span> <span class='ocrx_word' id='word_1_179' title='bbox 1601 1298 1658 1366; x_wconf 84' lang='lat' dir='ltr'><strong>lex,</strong></span> <span class='ocrx_word' id='word_1_180' title='bbox 1688 1297 1869 1371; x_wconf 87' lang='lat' dir='ltr'><strong>psalmodia,</strong></span> 
     </span>
     <span class='ocr_line' id='line_1_15' title="bbox 157 1386 1870 1462; baseline -0.001 -18"><span class='ocrx_word' id='word_1_181' title='bbox 157 1388 299 1445; x_wconf 79' lang='lat' dir='ltr'><strong>ieremias</strong></span> <span class='ocrx_word' id='word_1_182' title='bbox 313 1388 458 1462; x_wconf 87' lang='lat' dir='ltr'><strong>deplorat,</strong></span> <span class='ocrx_word' id='word_1_183' title='bbox 472 1388 593 1446; x_wconf 89' lang='lat' dir='ltr'><strong>dicens:</strong></span> <span class='ocrx_word' id='word_1_184' title='bbox 609 1391 672 1461; x_wconf 80' lang='lat' dir='ltr'><strong>Epo</strong></span> <span class='ocrx_word' id='word_1_185' title='bbox 683 1392 827 1462; x_wconf 82' lang='lat' dir='ltr'><strong>plantavi</strong></span> <span class='ocrx_word' id='word_1_186' title='bbox 834 1392 985 1447; x_wconf 81' lang='lat' dir='ltr'><strong>terrineam</strong></span> <span class='ocrx_word' id='word_1_187' title='bbox 1041 1388 1199 1462; x_wconf 91' lang='lat' dir='ltr'><strong>prophetia</strong></span> <span class='ocrx_word' id='word_1_188' title='bbox 1214 1388 1253 1444; x_wconf 91' lang='lat' dir='ltr'><strong>ad</strong></span> <span class='ocrx_word' id='word_1_189' title='bbox 1267 1388 1343 1444; x_wconf 89' lang='lat' dir='ltr'><strong>bene</strong></span> <span class='ocrx_word' id='word_1_190' title='bbox 1355 1387 1507 1456; x_wconf 74' lang='lat' dir='ltr'><strong>agendum</strong></span> <span class='ocrx_word' id='word_1_191' title='bbox 1518 1388 1653 1443; x_wconf 91' lang='lat' dir='ltr'><strong>hortatur</strong></span> <span class='ocrx_word' id='word_1_192' title='bbox 1669 1404 1675 1442; x_wconf 73' lang='grc' dir='ltr'>ι</span> <span class='ocrx_word' id='word_1_193' title='bbox 1692 1386 1746 1442; x_wconf 90' lang='lat' dir='ltr'><strong>sed</strong></span> <span class='ocrx_word' id='word_1_194' title='bbox 1769 1390 1870 1442; x_wconf 91' lang='lat' dir='ltr'><strong>eontu-</strong></span> 
     </span>
     <span class='ocr_line' id='line_1_16' title="bbox 158 1477 1870 1550; baseline -0.001 -17"><span class='ocrx_word' id='word_1_195' title='bbox 158 1478 292 1541; x_wconf 86' lang='lat' dir='ltr'><strong>etectam‚</strong></span> <span class='ocrx_word' id='word_1_196' title='bbox 308 1479 453 1550; x_wconf 82' lang='lat' dir='ltr'><strong>querendo</strong></span> <span class='ocrx_word' id='word_1_197' title='bbox 468 1493 610 1535; x_wconf 83' lang='lat' dir='ltr'><strong>conversa</strong></span> <span class='ocrx_word' id='word_1_198' title='bbox 633 1494 662 1535; x_wconf 85' lang='lat' dir='ltr'><strong>es</strong></span> <span class='ocrx_word' id='word_1_199' title='bbox 687 1479 718 1534; x_wconf 87' lang='lat' dir='ltr'><strong>in</strong></span> <span class='ocrx_word' id='word_1_200' title='bbox 740 1495 871 1549; x_wconf 83' lang='lat' dir='ltr'><strong>prauam</strong></span> <span class='ocrx_word' id='word_1_201' title='bbox 900 1494 986 1535; x_wconf 73' lang='lat' dir='ltr'><strong>arcaea</strong></span> <span class='ocrx_word' id='word_1_202' title='bbox 1041 1479 1137 1536; x_wconf 90' lang='lat' dir='ltr'><strong>rncliis</strong></span> <span class='ocrx_word' id='word_1_203' title='bbox 1153 1478 1261 1546; x_wconf 80' lang='lat' dir='ltr'><strong>allecti,</strong></span> <span class='ocrx_word' id='word_1_204' title='bbox 1274 1477 1320 1533; x_wconf 81' lang='lat' dir='ltr'><strong>rel</strong></span> <span class='ocrx_word' id='word_1_205' title='bbox 1339 1477 1407 1533; x_wconf 70' lang='lat' dir='ltr'><strong>caesi</strong></span> <span class='ocrx_word' id='word_1_206' title='bbox 1420 1477 1587 1548; x_wconf 89' lang='lat' dir='ltr'><strong>ejiciuntur,</strong></span> <span class='ocrx_word' id='word_1_207' title='bbox 1603 1492 1673 1532; x_wconf 91' lang='lat' dir='ltr'><strong>oum</strong></span> <span class='ocrx_word' id='word_1_208' title='bbox 1695 1492 1797 1532; x_wconf 91' lang='lat' dir='ltr'><strong>sermo</strong></span> <span class='ocrx_word' id='word_1_209' title='bbox 1821 1492 1870 1531; x_wconf 90' lang='lat' dir='ltr'><strong>au·</strong></span> 
     </span>
     <span class='ocr_line' id='line_1_17' title="bbox 104 1565 1870 1654; baseline -0.001 -32"><span class='ocrx_word' id='word_1_210' title='bbox 104 1576 107 1581; x_wconf 85' lang='lat'>&#39;</span> <span class='ocrx_word' id='word_1_211' title='bbox 157 1567 283 1622; x_wconf 85' lang='lat' dir='ltr'><strong>aliena?</strong></span> <span class='ocrx_word' id='word_1_212' title='bbox 298 1566 376 1634; x_wconf 81' lang='lat' dir='ltr'><strong>Quid</strong></span> <span class='ocrx_word' id='word_1_213' title='bbox 387 1567 501 1636; x_wconf 80' lang='lat' dir='ltr'><strong>saciant</strong></span> <span class='ocrx_word' id='word_1_214' title='bbox 517 1569 659 1624; x_wconf 72' lang='lat' dir='ltr'><strong>trititiam</strong></span> <span class='ocrx_word' id='word_1_215' title='bbox 673 1568 771 1637; x_wconf 76' lang='lat' dir='ltr'><strong>titium</strong></span> <span class='ocrx_word' id='word_1_216' title='bbox 787 1583 883 1624; x_wconf 83' lang='lat' dir='ltr'><strong>rnearn</strong></span> <span class='ocrx_word' id='word_1_217' title='bbox 896 1567 987 1625; x_wconf 86' lang='lat' dir='ltr'><strong>dilee—</strong></span> <span class='ocrx_word' id='word_1_218' title='bbox 1006 1598 1026 1654; x_wconf 70' lang='lat' dir='ltr'>C</span> <span class='ocrx_word' id='word_1_219' title='bbox 1042 1569 1121 1625; x_wconf 92' lang='lat' dir='ltr'><strong>ditus</strong></span> <span class='ocrx_word' id='word_1_220' title='bbox 1133 1567 1180 1624; x_wconf 82' lang='lat' dir='ltr'><strong>vel</strong></span> <span class='ocrx_word' id='word_1_221' title='bbox 1194 1566 1404 1635; x_wconf 88' lang='lat' dir='ltr'><strong>contemnitur,</strong></span> <span class='ocrx_word' id='word_1_222' title='bbox 1417 1566 1462 1622; x_wconf 83' lang='lat' dir='ltr'><strong>rel</strong></span> <span class='ocrx_word' id='word_1_223' title='bbox 1487 1565 1724 1639; x_wconf 88' lang='lat' dir='ltr'><strong>blasphematur.</strong></span> <span class='ocrx_word' id='word_1_224' title='bbox 1749 1565 1870 1622; x_wconf 88' lang='lat' dir='ltr'><strong>llissum</strong></span> 
     </span>
     <span class='ocr_line' id='line_1_18' title="bbox 160 1654 1872 1731; baseline -0.001 -20"><span class='ocrx_word' id='word_1_225' title='bbox 160 1660 220 1711; x_wconf 85' lang='lat' dir='ltr'><strong>tam</strong></span> <span class='ocrx_word' id='word_1_226' title='bbox 238 1673 245 1711; x_wconf 78' lang='grc' dir='ltr'><strong>ι</strong></span> <span class='ocrx_word' id='word_1_227' title='bbox 265 1656 397 1725; x_wconf 82' lang='lat' dir='ltr'><strong>forsitan</strong></span> <span class='ocrx_word' id='word_1_228' title='bbox 426 1672 491 1712; x_wconf 77' lang='lat' dir='ltr'><strong>erem</strong></span> <span class='ocrx_word' id='word_1_229' title='bbox 520 1655 600 1713; x_wconf 80' lang='lat' dir='ltr'><strong>herne</strong></span> <span class='ocrx_word' id='word_1_230' title='bbox 623 1656 762 1728; x_wconf 85' lang='lat' dir='ltr'><strong>viderint,</strong></span> <span class='ocrx_word' id='word_1_231' title='bbox 793 1657 984 1713; x_wconf 75' lang='lat' dir='ltr'><strong>vererentur.</strong></span> <span class='ocrx_word' id='word_1_232' title='bbox 1039 1656 1328 1731; x_wconf 81' lang='lat' dir='ltr'><strong>iesuperhaeredem</strong></span> <span class='ocrx_word' id='word_1_233' title='bbox 1343 1655 1461 1723; x_wconf 82' lang='lat' dir='ltr'><strong>occidit,</strong></span> <span class='ocrx_word' id='word_1_234' title='bbox 1475 1655 1528 1728; x_wconf 88' lang='lat' dir='ltr'><strong>qui</strong></span> <span class='ocrx_word' id='word_1_235' title='bbox 1543 1654 1647 1711; x_wconf 92' lang='lat' dir='ltr'><strong>Filium</strong></span> <span class='ocrx_word' id='word_1_236' title='bbox 1670 1654 1722 1711; x_wconf 88' lang='lat' dir='ltr'><strong>Uei</strong></span> <span class='ocrx_word' id='word_1_237' title='bbox 1741 1659 1872 1711; x_wconf 73' lang='lat' dir='ltr'><strong>cennm-</strong></span> 
     </span>
     <span class='ocr_line' id='line_1_19' title="bbox 160 1741 1871 1817; baseline -0.001 -17"><span class='ocrx_word' id='word_1_238' title='bbox 160 1744 251 1812; x_wconf 85' lang='lat' dir='ltr'><strong>Qaem</strong></span> <span class='ocrx_word' id='word_1_239' title='bbox 266 1759 332 1801; x_wconf 84' lang='lat' dir='ltr'><strong>eam</strong></span> <span class='ocrx_word' id='word_1_240' title='bbox 345 1744 486 1801; x_wconf 65' lang='lat' dir='ltr'><strong>uidissent</strong></span> <span class='ocrx_word' id='word_1_241' title='bbox 502 1746 610 1817; x_wconf 83' lang='lat' dir='ltr'><strong>catoni,</strong></span> <span class='ocrx_word' id='word_1_242' title='bbox 627 1747 834 1816; x_wconf 78' lang='lat' dir='ltr'><strong>copitaaernnt</strong></span> <span class='ocrx_word' id='word_1_243' title='bbox 849 1747 932 1801; x_wconf 88' lang='lat' dir='ltr'><strong>intra</strong></span> <span class='ocrx_word' id='word_1_244' title='bbox 944 1760 984 1811; x_wconf 83' lang='lat' dir='ltr'><strong>se,</strong></span> <span class='ocrx_word' id='word_1_245' title='bbox 1041 1744 1092 1810; x_wconf 86' lang='lat' dir='ltr'><strong>nit,</strong></span> <span class='ocrx_word' id='word_1_246' title='bbox 1109 1749 1140 1800; x_wconf 90' lang='lat' dir='ltr'><strong>et</strong></span> <span class='ocrx_word' id='word_1_247' title='bbox 1153 1743 1272 1817; x_wconf 89' lang='lat' dir='ltr'><strong>Spiritui</strong></span> <span class='ocrx_word' id='word_1_248' title='bbox 1287 1759 1348 1817; x_wconf 90' lang='lat' dir='ltr'><strong>qno</strong></span> <span class='ocrx_word' id='word_1_249' title='bbox 1366 1743 1567 1800; x_wconf 87' lang='lat' dir='ltr'><strong>sanctificatus</strong></span> <span class='ocrx_word' id='word_1_250' title='bbox 1591 1747 1635 1799; x_wconf 89' lang='lat' dir='ltr'><strong>est</strong></span> <span class='ocrx_word' id='word_1_251' title='bbox 1655 1741 1871 1799; x_wconf 87' lang='lat' dir='ltr'><strong>contumeliam</strong></span> 
     </span>
     <span class='ocr_line' id='line_1_20' title="bbox 158 1831 1872 1906; baseline -0.002 -18"><span class='ocrx_word' id='word_1_252' title='bbox 158 1833 288 1890; x_wconf 79' lang='lat' dir='ltr'><strong>dieentes</strong></span> <span class='ocrx_word' id='word_1_253' title='bbox 297 1849 309 1890; x_wconf 93' lang='lat'><strong>.·</strong></span> <span class='ocrx_word' id='word_1_254' title='bbox 321 1833 380 1890; x_wconf 84' lang='lat' dir='ltr'><strong>Hic</strong></span> <span class='ocrx_word' id='word_1_255' title='bbox 394 1839 436 1890; x_wconf 82' lang='lat' dir='ltr'><strong>est</strong></span> <span class='ocrx_word' id='word_1_256' title='bbox 448 1833 551 1906; x_wconf 78' lang='lat' dir='ltr'><strong>nares,</strong></span> <span class='ocrx_word' id='word_1_257' title='bbox 567 1835 736 1890; x_wconf 83' lang='lat' dir='ltr'><strong>occidamus</strong></span> <span class='ocrx_word' id='word_1_258' title='bbox 750 1849 826 1901; x_wconf 75' lang='lat' dir='ltr'><strong>enarr,</strong></span> <span class='ocrx_word' id='word_1_259' title='bbox 840 1840 872 1889; x_wconf 88' lang='lat' dir='ltr'><strong>ut</strong></span> <span class='ocrx_word' id='word_1_260' title='bbox 882 1840 985 1890; x_wconf 82' lang='lat' dir='ltr'><strong>rrestra</strong></span> <span class='ocrx_word' id='word_1_261' title='bbox 1040 1832 1119 1889; x_wconf 86' lang='lat' dir='ltr'><strong>lacit.</strong></span> <span class='ocrx_word' id='word_1_262' title='bbox 1134 1832 1224 1889; x_wconf 89' lang='lat' dir='ltr'><strong>Vinea</strong></span> <span class='ocrx_word' id='word_1_263' title='bbox 1238 1832 1323 1889; x_wconf 90' lang='lat' dir='ltr'><strong>alteri</strong></span> <span class='ocrx_word' id='word_1_264' title='bbox 1336 1833 1434 1899; x_wconf 87' lang='lat' dir='ltr'><strong>datur,</strong></span> <span class='ocrx_word' id='word_1_265' title='bbox 1451 1848 1520 1888; x_wconf 93' lang='lat' dir='ltr'><strong>cum</strong></span> <span class='ocrx_word' id='word_1_266' title='bbox 1535 1831 1639 1902; x_wconf 72' lang='lat' dir='ltr'><strong>gratia</strong></span> <span class='ocrx_word' id='word_1_267' title='bbox 1655 1847 1750 1904; x_wconf 89' lang='lat' dir='ltr'><strong>quam</strong></span> <span class='ocrx_word' id='word_1_268' title='bbox 1769 1847 1872 1904; x_wconf 88' lang='lat' dir='ltr'><strong>super-</strong></span> 
     </span>
    </p>
   </div>
   <div class='ocr_carea' id='block_1_3' title="bbox 47 1920 1871 1994">
    <p class='ocr_par' dir='ltr' id='par_1_3' title="bbox 47 1920 1871 1994">
     <span class='ocr_line' id='line_1_21' title="bbox 47 1920 1871 1994; baseline -0.003 -13"><span class='ocrx_word' id='word_1_269' title='bbox 47 1977 49 1981; x_wconf 87' lang='lat'><strong>.</strong></span> <span class='ocrx_word' id='word_1_270' title='bbox 159 1923 197 1978; x_wconf 85' lang='lat' dir='ltr'><strong>sit</strong></span> <span class='ocrx_word' id='word_1_271' title='bbox 210 1921 450 1994; x_wconf 75' lang='lat' dir='ltr'><strong>nereditastaor.</strong></span> <span class='ocrx_word' id='word_1_272' title='bbox 462 1928 504 1991; x_wconf 90' lang='lat' dir='ltr'><strong>u).</strong></span> <span class='ocrx_word' id='word_1_273' title='bbox 522 1922 567 1980; x_wconf 89' lang='lat' dir='ltr'><strong>Sic</strong></span> <span class='ocrx_word' id='word_1_274' title='bbox 577 1922 670 1979; x_wconf 76' lang='lat' dir='ltr'><strong>turlai</strong></span> <span class='ocrx_word' id='word_1_275' title='bbox 679 1922 813 1980; x_wconf 75' lang='lat' dir='ltr'><strong>Ecclesia</strong></span> <span class='ocrx_word' id='word_1_276' title='bbox 833 1923 985 1979; x_wconf 75' lang='lat' dir='ltr'><strong>haeredita·</strong></span> <span class='ocrx_word' id='word_1_277' title='bbox 1040 1923 1097 1978; x_wconf 83' lang='lat' dir='ltr'><strong>bus</strong></span> <span class='ocrx_word' id='word_1_278' title='bbox 1113 1921 1223 1993; x_wconf 85' lang='lat' dir='ltr'><strong>abjicit,</strong></span> <span class='ocrx_word' id='word_1_279' title='bbox 1235 1921 1484 1978; x_wconf 87' lang='lat' dir='ltr'><strong>lrumilisditatur.</strong></span> <span class='ocrx_word' id='word_1_280' title='bbox 1498 1921 1607 1979; x_wconf 81' lang='lat' dir='ltr'><strong>Scriba.</strong></span> <span class='ocrx_word' id='word_1_281' title='bbox 1620 1920 1871 1977; x_wconf 86' lang='lat' dir='ltr'><strong>manummittere</strong></span> 
     </span>
    </p>
   </div>
   <div class='ocr_carea' id='block_1_4' title="bbox 153 2009 1872 2262">
    <p class='ocr_par' dir='ltr' id='par_1_4' title="bbox 153 2009 1872 2262">
     <span class='ocr_line' id='line_1_22' title="bbox 159 2009 1871 2086; baseline -0.001 -19"><span class='ocrx_word' id='word_1_282' title='bbox 159 2015 219 2067; x_wconf 88' lang='lat' dir='ltr'><strong>tem</strong></span> <span class='ocrx_word' id='word_1_283' title='bbox 228 2010 341 2068; x_wconf 85' lang='lat' dir='ltr'><strong>Christo</strong></span> <span class='ocrx_word' id='word_1_284' title='bbox 347 2011 506 2085; x_wconf 72' lang='lat' dir='ltr'><strong>praeripere</strong></span> <span class='ocrx_word' id='word_1_285' title='bbox 514 2011 628 2081; x_wconf 87' lang='lat' dir='ltr'><strong>volunt,</strong></span> <span class='ocrx_word' id='word_1_286' title='bbox 644 2012 718 2068; x_wconf 74' lang='lat' dir='ltr'><strong>alum</strong></span> <span class='ocrx_word' id='word_1_287' title='bbox 731 2011 833 2079; x_wconf 88' lang='lat' dir='ltr'><strong>fidem,</strong></span> <span class='ocrx_word' id='word_1_288' title='bbox 850 2029 918 2086; x_wconf 81' lang='lat' dir='ltr'><strong>quae</strong></span> <span class='ocrx_word' id='word_1_289' title='bbox 933 2027 986 2085; x_wconf 91' lang='lat' dir='ltr'><strong>per</strong></span> <span class='ocrx_word' id='word_1_290' title='bbox 1039 2011 1071 2067; x_wconf 92' lang='lat' dir='ltr'><strong>in</strong></span> <span class='ocrx_word' id='word_1_291' title='bbox 1085 2011 1169 2067; x_wconf 93' lang='lat' dir='ltr'><strong>illum</strong></span> <span class='ocrx_word' id='word_1_292' title='bbox 1184 2017 1331 2084; x_wconf 70' lang='lat' dir='ltr'><strong>quaerunt,</strong></span> <span class='ocrx_word' id='word_1_293' title='bbox 1348 2010 1401 2066; x_wconf 90' lang='lat' dir='ltr'><strong>sed</strong></span> <span class='ocrx_word' id='word_1_294' title='bbox 1417 2011 1523 2067; x_wconf 90' lang='lat' dir='ltr'><strong>timore</strong></span> <span class='ocrx_word' id='word_1_295' title='bbox 1536 2009 1710 2079; x_wconf 89' lang='lat' dir='ltr'><strong>retinentur,</strong></span> <span class='ocrx_word' id='word_1_296' title='bbox 1725 2026 1799 2066; x_wconf 92' lang='lat' dir='ltr'><strong>eum</strong></span> <span class='ocrx_word' id='word_1_297' title='bbox 1820 2009 1871 2065; x_wconf 88' lang='lat' dir='ltr'><strong>lal-</strong></span> 
     </span>
     <span class='ocr_line' id='line_1_23' title="bbox 158 2098 1872 2171; baseline -0.001 -17"><span class='ocrx_word' id='word_1_298' title='bbox 158 2100 986 2170; x_wconf 70' lang='lat' dir='ltr'><strong>eumest,exstinguereconantur:dnstitraDeirrorrsnb-</strong></span> <span class='ocrx_word' id='word_1_299' title='bbox 1041 2116 1092 2155; x_wconf 91' lang='lat' dir='ltr'><strong>sus</strong></span> <span class='ocrx_word' id='word_1_300' title='bbox 1106 2098 1232 2171; x_wconf 88' lang='lat' dir='ltr'><strong>quilibet</strong></span> <span class='ocrx_word' id='word_1_301' title='bbox 1247 2098 1390 2155; x_wconf 88' lang='lat' dir='ltr'><strong>unitatem</strong></span> <span class='ocrx_word' id='word_1_302' title='bbox 1416 2098 1552 2154; x_wconf 82' lang='lat' dir='ltr'><strong>Ecclesiae</strong></span> <span class='ocrx_word' id='word_1_303' title='bbox 1575 2101 1697 2171; x_wconf 90' lang='lat' dir='ltr'><strong>propter</strong></span> <span class='ocrx_word' id='word_1_304' title='bbox 1716 2098 1872 2154; x_wconf 90' lang='lat' dir='ltr'><strong>bonorum</strong></span> 
     </span>
     <span class='ocr_line' id='line_1_24' title="bbox 153 2186 1870 2262; baseline -0.002 -15"><span class='ocrx_word' id='word_1_305' title='bbox 153 2190 238 2261; x_wconf 81' lang='lat' dir='ltr'><strong>jecti,</strong></span> <span class='ocrx_word' id='word_1_306' title='bbox 248 2190 300 2247; x_wconf 82' lang='lat' dir='ltr'><strong>seat</strong></span> <span class='ocrx_word' id='word_1_307' title='bbox 308 2191 581 2247; x_wconf 84' lang='lat' dir='ltr'><strong>suamcenstituerc</strong></span> <span class='ocrx_word' id='word_1_308' title='bbox 590 2191 717 2247; x_wconf 72' lang='lat' dir='ltr'><strong>lactentes</strong></span> <span class='ocrx_word' id='word_1_309' title='bbox 726 2189 818 2262; x_wconf 85' lang='lat' dir='ltr'><strong>(Rern.</strong></span> <span class='ocrx_word' id='word_1_310' title='bbox 828 2189 867 2262; x_wconf 79' lang='lat' dir='ltr'><strong>x).</strong></span> <span class='ocrx_word' id='word_1_311' title='bbox 879 2190 919 2246; x_wconf 88' lang='lat' dir='ltr'><strong>Et</strong></span> <span class='ocrx_word' id='word_1_312' title='bbox 936 2192 987 2260; x_wconf 86' lang='lat' dir='ltr'><strong>eji·</strong></span> <span class='ocrx_word' id='word_1_313' title='bbox 1040 2187 1271 2256; x_wconf 90' lang='lat' dir='ltr'><strong>multitudinem,</strong></span> <span class='ocrx_word' id='word_1_314' title='bbox 1287 2186 1507 2255; x_wconf 68' lang='lat' dir='ltr'><strong>valenchenis,</strong></span> <span class='ocrx_word' id='word_1_315' title='bbox 1523 2186 1569 2243; x_wconf 91' lang='lat' dir='ltr'><strong>vel</strong></span> <span class='ocrx_word' id='word_1_316' title='bbox 1581 2186 1663 2243; x_wconf 87' lang='lat' dir='ltr'><strong>timet</strong></span> <span class='ocrx_word' id='word_1_317' title='bbox 1677 2186 1870 2259; x_wconf 80' lang='lat' dir='ltr'><strong>impugnare.</strong></span> 
     </span>
    </p>
   </div>
   <div class='ocr_carea' id='block_1_5' title="bbox 786 2611 1239 2716">
    <p class='ocr_par' dir='ltr' id='par_1_5' title="bbox 786 2611 1239 2716">
     <span class='ocr_line' id='line_1_25' title="bbox 786 2611 1239 2716; baseline 0.002 -17"><span class='ocrx_word' id='word_1_318' title='bbox 786 2612 957 2702; x_wconf 87' lang='lat' dir='ltr'>LIBER</span> <span class='ocrx_word' id='word_1_319' title='bbox 986 2611 1239 2716; x_wconf 77' lang='lat' dir='ltr'><strong>QUINTUS.</strong></span> 
     </span>
    </p>
   </div>
   <div class='ocr_carea' id='block_1_6' title="bbox 901 2824 1207 2929">
    <p class='ocr_par' dir='ltr' id='par_1_6' title="bbox 901 2824 1207 2929">
     <span class='ocr_line' id='line_1_26' title="bbox 901 2824 1207 2929; baseline 0.003 -2"><span class='ocrx_word' id='word_1_320' title='bbox 901 2875 934 2928; x_wconf 84' lang='grc' dir='ltr'><strong>ΙΝ</strong></span> <span class='ocrx_word' id='word_1_321' title='bbox 948 2874 1118 2929; x_wconf 78' lang='lat' dir='ltr'><strong>JOANNEM.</strong></span> <span class='ocrx_word' id='word_1_322' title='bbox 1200 2824 1207 2838; x_wconf 30' lang='grc' dir='ltr'>ι</span> 
     </span>
    </p>
   </div>
   <div class='ocr_carea' id='block_1_7' title="bbox 559 3075 1464 3150">
    <p class='ocr_par' dir='ltr' id='par_1_7' title="bbox 559 3075 1464 3150">
     <span class='ocr_line' id='line_1_27' title="bbox 559 3075 1464 3150; baseline 0.001 -19"><span class='ocrx_word' id='word_1_323' title='bbox 559 3078 633 3142; x_wconf 77' lang='lat' dir='ltr'><strong>(Non</strong></span> <span class='ocrx_word' id='word_1_324' title='bbox 649 3080 694 3133; x_wconf 88' lang='lat' dir='ltr'><strong>est</strong></span> <span class='ocrx_word' id='word_1_325' title='bbox 705 3075 845 3148; x_wconf 79' lang='lat' dir='ltr'><strong>Hugonis,</strong></span> <span class='ocrx_word' id='word_1_326' title='bbox 863 3075 923 3133; x_wconf 89' lang='lat' dir='ltr'><strong>imo</strong></span> <span class='ocrx_word' id='word_1_327' title='bbox 938 3093 993 3133; x_wconf 89' lang='lat' dir='ltr'><strong>nec</strong></span> <span class='ocrx_word' id='word_1_328' title='bbox 1003 3076 1228 3149; x_wconf 82' lang='lat' dir='ltr'><strong>excerptionum</strong></span> <span class='ocrx_word' id='word_1_329' title='bbox 1239 3076 1464 3150; x_wconf 87' lang='lat' dir='ltr'><strong>compilatoris.)</strong></span> 
     </span>
    </p>
   </div>
   <div class='ocr_carea' id='block_1_8' title="bbox 151 3459 1870 5668">
    <p class='ocr_par' dir='ltr' id='par_1_8' title="bbox 359 3459 1870 3536">
     <span class='ocr_line' id='line_1_28' title="bbox 359 3459 1870 3536; baseline 0.001 -21"><span class='ocrx_word' id='word_1_330' title='bbox 359 3474 512 3516; x_wconf 76' lang='lat' dir='ltr'><strong>clrrruruu</strong></span> <span class='ocrx_word' id='word_1_331' title='bbox 531 3476 540 3515; x_wconf 89' lang='lat'>1</span> <span class='ocrx_word' id='word_1_332' title='bbox 560 3475 609 3515; x_wconf 83' lang='lat' dir='ltr'><strong>seu</strong></span> <span class='ocrx_word' id='word_1_333' title='bbox 628 3474 780 3515; x_wconf 76' lang='lat' dir='ltr'><strong>caenosus</strong></span> <span class='ocrx_word' id='word_1_334' title='bbox 1002 3460 1128 3515; x_wconf 82' lang='lat' dir='ltr'><strong>C&#39;mune</strong></span> <span class='ocrx_word' id='word_1_335' title='bbox 1143 3460 1264 3528; x_wconf 76' lang='lat' dir='ltr'><strong>ceteris,</strong></span> <span class='ocrx_word' id='word_1_336' title='bbox 1275 3461 1430 3535; x_wconf 89' lang='lat' dir='ltr'><strong>proprium</strong></span> <span class='ocrx_word' id='word_1_337' title='bbox 1438 3461 1570 3536; x_wconf 90' lang='lat' dir='ltr'><strong>possidet</strong></span> <span class='ocrx_word' id='word_1_338' title='bbox 1580 3461 1663 3535; x_wconf 88' lang='lat' dir='ltr'><strong>qued</strong></span> <span class='ocrx_word' id='word_1_339' title='bbox 1672 3459 1870 3532; x_wconf 77' lang='lat' dir='ltr'><strong>Evangelium</strong></span> 
     </span>
    </p>

    <p class='ocr_par' dir='ltr' id='par_1_9' title="bbox 151 3546 1870 5668">
     <span class='ocr_line' id='line_1_29' title="bbox 194 3546 1869 3621; baseline 0.002 -20"><span class='ocrx_word' id='word_1_340' title='bbox 194 3548 271 3602; x_wconf 89' lang='lat' dir='ltr'><strong>inter</strong></span> <span class='ocrx_word' id='word_1_341' title='bbox 281 3562 387 3602; x_wconf 91' lang='lat' dir='ltr'><strong>omnes</strong></span> <span class='ocrx_word' id='word_1_342' title='bbox 402 3548 574 3620; x_wconf 87' lang='lat' dir='ltr'><strong>scripturas,</strong></span> <span class='ocrx_word' id='word_1_343' title='bbox 589 3564 675 3604; x_wconf 88' lang='lat' dir='ltr'><strong>sacra</strong></span> <span class='ocrx_word' id='word_1_344' title='bbox 690 3546 841 3620; x_wconf 84' lang='lat' dir='ltr'><strong>Scriptura</strong></span> <span class='ocrx_word' id='word_1_345' title='bbox 860 3546 984 3613; x_wconf 84' lang='lat' dir='ltr'><strong>excellit,</strong></span> <span class='ocrx_word' id='word_1_346' title='bbox 1040 3547 1157 3604; x_wconf 89' lang='lat' dir='ltr'><strong>dieitur.</strong></span> <span class='ocrx_word' id='word_1_347' title='bbox 1169 3548 1304 3604; x_wconf 83' lang='lat' dir='ltr'><strong>Estcninr</strong></span> <span class='ocrx_word' id='word_1_348' title='bbox 1316 3548 1869 3621; x_wconf 76' lang='lat' dir='ltr'><strong>Evangeliumbonaannuntiatiollaec</strong></span> 
     </span>
     <span class='ocr_line' id='line_1_30' title="bbox 158 3632 1869 3710; baseline 0.004 -22"><span class='ocrx_word' id='word_1_349' title='bbox 158 3633 244 3705; x_wconf 89' lang='lat' dir='ltr'><strong>cujus</strong></span> <span class='ocrx_word' id='word_1_350' title='bbox 254 3632 987 3709; x_wconf 83' lang='lat' dir='ltr'><strong>excellentiaexipsonomincmaniiestatur.Sacra</strong></span> <span class='ocrx_word' id='word_1_351' title='bbox 1040 3640 1140 3692; x_wconf 89' lang='lat' dir='ltr'><strong>autem</strong></span> <span class='ocrx_word' id='word_1_352' title='bbox 1154 3637 1340 3695; x_wconf 90' lang='lat' dir='ltr'><strong>annuntiatio</strong></span> <span class='ocrx_word' id='word_1_353' title='bbox 1352 3638 1434 3695; x_wconf 89' lang='lat' dir='ltr'><strong>bona</strong></span> <span class='ocrx_word' id='word_1_354' title='bbox 1446 3639 1477 3695; x_wconf 91' lang='lat' dir='ltr'><strong>in</strong></span> <span class='ocrx_word' id='word_1_355' title='bbox 1487 3639 1661 3710; x_wconf 80' lang='lat' dir='ltr'><strong>evangeliea</strong></span> <span class='ocrx_word' id='word_1_356' title='bbox 1676 3638 1815 3695; x_wconf 85' lang='lat' dir='ltr'><strong>doctrine</strong></span> <span class='ocrx_word' id='word_1_357' title='bbox 1827 3637 1869 3694; x_wconf 93' lang='lat' dir='ltr'><strong>di-</strong></span> 
     </span>
     <span class='ocr_line' id='line_1_31' title="bbox 158 3722 1869 3801; baseline 0.003 -23"><span class='ocrx_word' id='word_1_358' title='bbox 158 3722 238 3779; x_wconf 90' lang='lat' dir='ltr'><strong>enim</strong></span> <span class='ocrx_word' id='word_1_359' title='bbox 252 3722 369 3793; x_wconf 90' lang='lat' dir='ltr'><strong>dieitur,</strong></span> <span class='ocrx_word' id='word_1_360' title='bbox 379 3725 450 3797; x_wconf 90' lang='lat' dir='ltr'><strong>quia</strong></span> <span class='ocrx_word' id='word_1_361' title='bbox 462 3725 500 3781; x_wconf 85' lang='lat' dir='ltr'><strong>ad</strong></span> <span class='ocrx_word' id='word_1_362' title='bbox 509 3723 694 3780; x_wconf 84' lang='lat' dir='ltr'><strong>sanctitatem</strong></span> <span class='ocrx_word' id='word_1_363' title='bbox 707 3740 763 3779; x_wconf 93' lang='lat' dir='ltr'><strong>nos</strong></span> <span class='ocrx_word' id='word_1_364' title='bbox 777 3723 903 3780; x_wconf 89' lang='lat' dir='ltr'><strong>instruit.</strong></span> <span class='ocrx_word' id='word_1_365' title='bbox 919 3727 984 3780; x_wconf 85' lang='lat' dir='ltr'><strong>llaec</strong></span> <span class='ocrx_word' id='word_1_366' title='bbox 1040 3725 1127 3795; x_wconf 83' lang='lat' dir='ltr'><strong>gaius</strong></span> <span class='ocrx_word' id='word_1_367' title='bbox 1140 3728 1184 3780; x_wconf 92' lang='lat' dir='ltr'><strong>est</strong></span> <span class='ocrx_word' id='word_1_368' title='bbox 1197 3742 1290 3798; x_wconf 91' lang='lat' dir='ltr'><strong>quam</strong></span> <span class='ocrx_word' id='word_1_369' title='bbox 1303 3726 1334 3782; x_wconf 91' lang='lat' dir='ltr'><strong>in</strong></span> <span class='ocrx_word' id='word_1_370' title='bbox 1349 3727 1423 3796; x_wconf 91' lang='lat' dir='ltr'><strong>aliis,</strong></span> <span class='ocrx_word' id='word_1_371' title='bbox 1437 3732 1500 3784; x_wconf 91' lang='lat' dir='ltr'><strong>tum</strong></span> <span class='ocrx_word' id='word_1_372' title='bbox 1527 3733 1649 3801; x_wconf 89' lang='lat' dir='ltr'><strong>propter</strong></span> <span class='ocrx_word' id='word_1_373' title='bbox 1671 3727 1713 3783; x_wconf 91' lang='lat' dir='ltr'><strong>rei</strong></span> <span class='ocrx_word' id='word_1_374' title='bbox 1736 3726 1869 3800; x_wconf 79' lang='lat' dir='ltr'><strong>comple</strong></span> 
     </span>
     <span class='ocr_line' id='line_1_32' title="bbox 157 3810 1869 3889; baseline 0.002 -21"><span class='ocrx_word' id='word_1_375' title='bbox 157 3816 258 3868; x_wconf 87' lang='lat' dir='ltr'><strong>autem</strong></span> <span class='ocrx_word' id='word_1_376' title='bbox 276 3812 489 3869; x_wconf 86' lang='lat' dir='ltr'><strong>induodivisa</strong></span> <span class='ocrx_word' id='word_1_377' title='bbox 503 3816 557 3879; x_wconf 90' lang='lat' dir='ltr'><strong>est,</strong></span> <span class='ocrx_word' id='word_1_378' title='bbox 572 3810 703 3867; x_wconf 79' lang='lat' dir='ltr'><strong>invetas</strong></span> <span class='ocrx_word' id='word_1_379' title='bbox 724 3815 944 3869; x_wconf 87' lang='lat' dir='ltr'><strong>Testamentum</strong></span> <span class='ocrx_word' id='word_1_380' title='bbox 957 3818 985 3869; x_wconf 91' lang='lat' dir='ltr'><strong>et</strong></span> <span class='ocrx_word' id='word_1_381' title='bbox 1039 3812 1151 3869; x_wconf 91' lang='lat' dir='ltr'><strong>tionem</strong></span> <span class='ocrx_word' id='word_1_382' title='bbox 1162 3814 1400 3886; x_wconf 83' lang='lat' dir='ltr'><strong>etproesentiam,</strong></span> <span class='ocrx_word' id='word_1_383' title='bbox 1413 3820 1608 3889; x_wconf 91' lang='lat' dir='ltr'><strong>tumprepter</strong></span> <span class='ocrx_word' id='word_1_384' title='bbox 1619 3814 1869 3872; x_wconf 86' lang='lat' dir='ltr'><strong>fideimanilesta-</strong></span> 
     </span>
     <span class='ocr_line' id='line_1_33' title="bbox 157 3900 1867 3977; baseline 0.002 -21"><span class='ocrx_word' id='word_1_385' title='bbox 157 3903 284 3958; x_wconf 87' lang='lat' dir='ltr'><strong>Novum.</strong></span> <span class='ocrx_word' id='word_1_386' title='bbox 299 3900 985 3972; x_wconf 86' lang='lat' dir='ltr'><strong>Sed,sicutsacraScripturaexceditaliasscri-</strong></span> <span class='ocrx_word' id='word_1_387' title='bbox 1039 3901 1160 3970; x_wconf 89' lang='lat' dir='ltr'><strong>tionem,</strong></span> <span class='ocrx_word' id='word_1_388' title='bbox 1178 3907 1241 3958; x_wconf 95' lang='lat' dir='ltr'><strong>tum</strong></span> <span class='ocrx_word' id='word_1_389' title='bbox 1268 3907 1390 3977; x_wconf 87' lang='lat' dir='ltr'><strong>propter</strong></span> <span class='ocrx_word' id='word_1_390' title='bbox 1416 3904 1483 3960; x_wconf 80' lang='lat' dir='ltr'><strong>vitae</strong></span> <span class='ocrx_word' id='word_1_391' title='bbox 1507 3904 1614 3961; x_wconf 82' lang='lat' dir='ltr'><strong>luturae</strong></span> <span class='ocrx_word' id='word_1_392' title='bbox 1635 3903 1867 3975; x_wconf 87' lang='lat' dir='ltr'><strong>jucunditatem.</strong></span> 
     </span>
     <span class='ocr_line' id='line_1_34' title="bbox 156 3988 1868 4066; baseline 0.004 -25"><span class='ocrx_word' id='word_1_393' title='bbox 156 3991 271 4059; x_wconf 88' lang='lat' dir='ltr'><strong>pluras,</strong></span> <span class='ocrx_word' id='word_1_394' title='bbox 287 3988 329 4043; x_wconf 91' lang='lat' dir='ltr'><strong>sic</strong></span> <span class='ocrx_word' id='word_1_395' title='bbox 344 3993 372 4044; x_wconf 92' lang='lat' dir='ltr'><strong>ct</strong></span> <span class='ocrx_word' id='word_1_396' title='bbox 386 3991 502 4044; x_wconf 85' lang='lat' dir='ltr'><strong>Novum</strong></span> <span class='ocrx_word' id='word_1_397' title='bbox 514 3991 736 4045; x_wconf 86' lang='lat' dir='ltr'><strong>Testamentum</strong></span> <span class='ocrx_word' id='word_1_398' title='bbox 749 3992 836 4046; x_wconf 84' lang='lat' dir='ltr'><strong>Vetus</strong></span> <span class='ocrx_word' id='word_1_399' title='bbox 858 3990 982 4046; x_wconf 83' lang='lat' dir='ltr'><strong>excedit.</strong></span> <span class='ocrx_word' id='word_1_400' title='bbox 1038 3993 1160 4062; x_wconf 91' lang='lat' dir='ltr'><strong>Propter</strong></span> <span class='ocrx_word' id='word_1_401' title='bbox 1186 3990 1228 4046; x_wconf 87' lang='lat' dir='ltr'><strong>rei</strong></span> <span class='ocrx_word' id='word_1_402' title='bbox 1253 3991 1503 4065; x_wconf 66' lang='lat' dir='ltr'><strong>completionem</strong></span> <span class='ocrx_word' id='word_1_403' title='bbox 1534 3993 1615 4066; x_wconf 88' lang='lat' dir='ltr'><strong>quia,</strong></span> <span class='ocrx_word' id='word_1_404' title='bbox 1632 4008 1701 4048; x_wconf 92' lang='lat' dir='ltr'><strong>cum</strong></span> <span class='ocrx_word' id='word_1_405' title='bbox 1716 3992 1747 4048; x_wconf 93' lang='lat' dir='ltr'><strong>in</strong></span> <span class='ocrx_word' id='word_1_406' title='bbox 1774 3991 1868 4049; x_wconf 85' lang='lat' dir='ltr'><strong>Veteri</strong></span> 
     </span>
     <span class='ocr_line' id='line_1_35' title="bbox 156 4076 1868 4153; baseline 0.005 -24"><span class='ocrx_word' id='word_1_407' title='bbox 156 4077 243 4130; x_wconf 86' lang='lat' dir='ltr'><strong>Vetus</strong></span> <span class='ocrx_word' id='word_1_408' title='bbox 257 4076 337 4131; x_wconf 90' lang='lat' dir='ltr'><strong>enim</strong></span> <span class='ocrx_word' id='word_1_409' title='bbox 350 4076 516 4149; x_wconf 90' lang='lat' dir='ltr'><strong>appetitum</strong></span> <span class='ocrx_word' id='word_1_410' title='bbox 528 4078 738 4151; x_wconf 88' lang='lat' dir='ltr'><strong>temporalium</strong></span> <span class='ocrx_word' id='word_1_411' title='bbox 744 4078 860 4150; x_wconf 82' lang='lat' dir='ltr'><strong>ingerit,</strong></span> <span class='ocrx_word' id='word_1_412' title='bbox 870 4082 984 4136; x_wconf 85' lang='lat' dir='ltr'><strong>Novum</strong></span> <span class='ocrx_word' id='word_1_413' title='bbox 1038 4079 1224 4135; x_wconf 85' lang='lat' dir='ltr'><strong>Testamenta</strong></span> <span class='ocrx_word' id='word_1_414' title='bbox 1230 4080 1343 4136; x_wconf 89' lang='lat' dir='ltr'><strong>dictum</strong></span> <span class='ocrx_word' id='word_1_415' title='bbox 1349 4080 1485 4138; x_wconf 68' lang='lat' dir='ltr'><strong>sibilare</strong></span> <span class='ocrx_word' id='word_1_416' title='bbox 1493 4085 1577 4153; x_wconf 70' lang='lat' dir='ltr'><strong>virne</strong></span> <span class='ocrx_word' id='word_1_417' title='bbox 1583 4083 1762 4152; x_wconf 77' lang='lat' dir='ltr'><strong>eonetpietet</strong></span> <span class='ocrx_word' id='word_1_418' title='bbox 1764 4083 1868 4152; x_wconf 85' lang='lat' dir='ltr'><strong>pariet</strong></span> 
     </span>
     <span class='ocr_line' id='line_1_36' title="bbox 156 4163 1867 4244; baseline 0.006 -26"><span class='ocrx_word' id='word_1_419' title='bbox 156 4163 421 4221; x_wconf 88' lang='lat' dir='ltr'><strong>veredesiderium</strong></span> <span class='ocrx_word' id='word_1_420' title='bbox 435 4169 624 4223; x_wconf 71' lang='lat' dir='ltr'><strong>aeternorum.</strong></span> <span class='ocrx_word' id='word_1_421' title='bbox 649 4167 732 4224; x_wconf 93' lang='lat' dir='ltr'><strong>Unde</strong></span> <span class='ocrx_word' id='word_1_422' title='bbox 751 4173 780 4224; x_wconf 92' lang='lat' dir='ltr'><strong>et</strong></span> <span class='ocrx_word' id='word_1_423' title='bbox 801 4167 874 4225; x_wconf 94' lang='lat' dir='ltr'><strong>illud</strong></span> <span class='ocrx_word' id='word_1_424' title='bbox 896 4171 984 4225; x_wconf 87' lang='lat' dir='ltr'><strong>Vetus</strong></span> <span class='ocrx_word' id='word_1_425' title='bbox 1036 4168 1285 4238; x_wconf 71' lang='lat' dir='ltr'><strong>attrectarent),</strong></span> <span class='ocrx_word' id='word_1_426' title='bbox 1301 4171 1331 4226; x_wconf 90' lang='lat' dir='ltr'><strong>in</strong></span> <span class='ocrx_word' id='word_1_427' title='bbox 1349 4173 1430 4227; x_wconf 83' lang='lat' dir='ltr'><strong>Novo</strong></span> <span class='ocrx_word' id='word_1_428' title='bbox 1445 4171 1696 4244; x_wconf 90' lang='lat' dir='ltr'><strong>hoecompletum</strong></span> <span class='ocrx_word' id='word_1_429' title='bbox 1720 4186 1785 4227; x_wconf 89' lang='lat' dir='ltr'><strong>esse</strong></span> <span class='ocrx_word' id='word_1_430' title='bbox 1816 4187 1867 4228; x_wconf 90' lang='lat' dir='ltr'><strong>an·</strong></span> 
     </span>
     <span class='ocr_line' id='line_1_37' title="bbox 156 4250 1867 4330; baseline 0.005 -23"><span class='ocrx_word' id='word_1_431' title='bbox 156 4250 272 4321; x_wconf 90' lang='lat' dir='ltr'><strong>dieitur,</strong></span> <span class='ocrx_word' id='word_1_432' title='bbox 288 4253 335 4310; x_wconf 86' lang='lat' dir='ltr'><strong>vel</strong></span> <span class='ocrx_word' id='word_1_433' title='bbox 349 4253 421 4328; x_wconf 83' lang='lat' dir='ltr'><strong>quia</strong></span> <span class='ocrx_word' id='word_1_434' title='bbox 435 4255 475 4311; x_wconf 84' lang='lat' dir='ltr'><strong>ad</strong></span> <span class='ocrx_word' id='word_1_435' title='bbox 489 4256 656 4330; x_wconf 88' lang='lat' dir='ltr'><strong>appetitum</strong></span> <span class='ocrx_word' id='word_1_436' title='bbox 664 4256 981 4330; x_wconf 86' lang='lat' dir='ltr'><strong>temporaliumtrahit,</strong></span> <span class='ocrx_word' id='word_1_437' title='bbox 1038 4256 1201 4324; x_wconf 89' lang='lat' dir='ltr'><strong>nuntiatur,</strong></span> <span class='ocrx_word' id='word_1_438' title='bbox 1214 4257 1266 4313; x_wconf 90' lang='lat' dir='ltr'><strong>ubi</strong></span> <span class='ocrx_word' id='word_1_439' title='bbox 1285 4258 1393 4314; x_wconf 92' lang='lat' dir='ltr'><strong>dicitur</strong></span> <span class='ocrx_word' id='word_1_440' title='bbox 1407 4277 1412 4327; x_wconf 92' lang='lat'>;</span> <span class='ocrx_word' id='word_1_441' title='bbox 1428 4260 1551 4329; x_wconf 78' lang='lat' dir='ltr'><strong>Peperit</strong></span> <span class='ocrx_word' id='word_1_442' title='bbox 1567 4261 1666 4328; x_wconf 81' lang='lat' dir='ltr'><strong>fitium</strong></span> <span class='ocrx_word' id='word_1_443' title='bbox 1690 4274 1778 4315; x_wconf 83' lang='lat' dir='ltr'><strong>saum</strong></span> <span class='ocrx_word' id='word_1_444' title='bbox 1803 4263 1867 4330; x_wconf 85' lang='lat' dir='ltr'><strong>pri-</strong></span> 
     </span>
     <span class='ocr_line' id='line_1_38' title="bbox 155 4338 1865 4420; baseline 0.006 -24"><span class='ocrx_word' id='word_1_445' title='bbox 155 4338 303 4398; x_wconf 91' lang='lat' dir='ltr'><strong>dicendo:</strong></span> <span class='ocrx_word' id='word_1_446' title='bbox 320 4345 380 4400; x_wconf 89' lang='lat' dir='ltr'><strong>llec</strong></span> <span class='ocrx_word' id='word_1_447' title='bbox 395 4346 423 4400; x_wconf 92' lang='lat' dir='ltr'><strong>et</strong></span> <span class='ocrx_word' id='word_1_448' title='bbox 437 4345 494 4400; x_wconf 92' lang='lat' dir='ltr'><strong>hoc</strong></span> <span class='ocrx_word' id='word_1_449' title='bbox 505 4344 628 4414; x_wconf 83' lang='lat' dir='ltr'><strong>facietis,</strong></span> <span class='ocrx_word' id='word_1_450' title='bbox 646 4349 673 4401; x_wconf 90' lang='lat' dir='ltr'><strong>et</strong></span> <span class='ocrx_word' id='word_1_451' title='bbox 688 4345 769 4402; x_wconf 88' lang='lat' dir='ltr'><strong>bona</strong></span> <span class='ocrx_word' id='word_1_452' title='bbox 784 4350 867 4403; x_wconf 81' lang='lat' dir='ltr'><strong>terrae</strong></span> <span class='ocrx_word' id='word_1_453' title='bbox 887 4361 984 4403; x_wconf 91' lang='lat' dir='ltr'><strong>come·</strong></span> <span class='ocrx_word' id='word_1_454' title='bbox 1037 4347 1219 4414; x_wconf 75' lang='lat' dir='ltr'><strong>inopenitune</strong></span> <span class='ocrx_word' id='word_1_455' title='bbox 1228 4348 1311 4412; x_wconf 85' lang='lat' dir='ltr'><strong>(Lae.</strong></span> <span class='ocrx_word' id='word_1_456' title='bbox 1321 4351 1362 4416; x_wconf 89' lang='lat' dir='ltr'><strong>u).</strong></span> <span class='ocrx_word' id='word_1_457' title='bbox 1374 4349 1495 4420; x_wconf 82' lang='lat' dir='ltr'><strong>Propter</strong></span> <span class='ocrx_word' id='word_1_458' title='bbox 1502 4346 1572 4404; x_wconf 75' lang='lat' dir='ltr'><strong>firlei</strong></span> <span class='ocrx_word' id='word_1_459' title='bbox 1582 4347 1865 4413; x_wconf 77' lang='lat' dir='ltr'><strong>manifestationem:</strong></span> 
     </span>
     <span class='ocr_line' id='line_1_39' title="bbox 155 4431 1867 4511; baseline 0.005 -24"><span class='ocrx_word' id='word_1_460' title='bbox 155 4431 230 4488; x_wconf 89' lang='lat' dir='ltr'><strong>detis</strong></span> <span class='ocrx_word' id='word_1_461' title='bbox 245 4449 251 4487; x_wconf 95' lang='lat'>:</span> <span class='ocrx_word' id='word_1_462' title='bbox 268 4448 323 4505; x_wconf 90' lang='lat' dir='ltr'><strong>per</strong></span> <span class='ocrx_word' id='word_1_463' title='bbox 336 4450 428 4507; x_wconf 86' lang='lat' dir='ltr'><strong>quem</strong></span> <span class='ocrx_word' id='word_1_464' title='bbox 441 4435 609 4507; x_wconf 89' lang='lat' dir='ltr'><strong>appetitum</strong></span> <span class='ocrx_word' id='word_1_465' title='bbox 622 4451 678 4491; x_wconf 92' lang='lat' dir='ltr'><strong>nos</strong></span> <span class='ocrx_word' id='word_1_466' title='bbox 691 4435 781 4491; x_wconf 87' lang='lat' dir='ltr'><strong>veteri</strong></span> <span class='ocrx_word' id='word_1_467' title='bbox 795 4435 984 4503; x_wconf 88' lang='lat' dir='ltr'><strong>homini‚sei·</strong></span> <span class='ocrx_word' id='word_1_468' title='bbox 1037 4435 1119 4508; x_wconf 89' lang='lat' dir='ltr'><strong>quia,</strong></span> <span class='ocrx_word' id='word_1_469' title='bbox 1135 4435 1176 4491; x_wconf 93' lang='lat' dir='ltr'><strong>ibi</strong></span> <span class='ocrx_word' id='word_1_470' title='bbox 1189 4435 1265 4491; x_wconf 88' lang='lat' dir='ltr'><strong>fides</strong></span> <span class='ocrx_word' id='word_1_471' title='bbox 1280 4436 1383 4494; x_wconf 85' lang='lat' dir='ltr'><strong>Christi</strong></span> <span class='ocrx_word' id='word_1_472' title='bbox 1403 4437 1511 4494; x_wconf 90' lang='lat' dir='ltr'><strong>obsnre</strong></span> <span class='ocrx_word' id='word_1_473' title='bbox 1526 4436 1669 4511; x_wconf 86' lang='lat' dir='ltr'><strong>praedicta</strong></span> <span class='ocrx_word' id='word_1_474' title='bbox 1679 4442 1732 4505; x_wconf 90' lang='lat' dir='ltr'><strong>est,</strong></span> <span class='ocrx_word' id='word_1_475' title='bbox 1741 4438 1867 4496; x_wconf 86' lang='lat' dir='ltr'><strong>hievero</strong></span> 
     </span>
     <span class='ocr_line' id='line_1_40' title="bbox 155 4519 1865 4598; baseline 0.006 -23"><span class='ocrx_word' id='word_1_476' title='bbox 155 4519 661 4594; x_wconf 78' lang='lat' dir='ltr'><strong>licetddoe,conformescffieimur;</strong></span> <span class='ocrx_word' id='word_1_477' title='bbox 676 4524 902 4593; x_wconf 90' lang='lat' dir='ltr'><strong>velideoVetus,</strong></span> <span class='ocrx_word' id='word_1_478' title='bbox 912 4525 984 4598; x_wconf 89' lang='lat' dir='ltr'><strong>quia</strong></span> <span class='ocrx_word' id='word_1_479' title='bbox 1038 4530 1148 4597; x_wconf 88' lang='lat' dir='ltr'><strong>aperte.</strong></span> <span class='ocrx_word' id='word_1_480' title='bbox 1165 4525 1207 4581; x_wconf 90' lang='lat' dir='ltr'><strong>lbi</strong></span> <span class='ocrx_word' id='word_1_481' title='bbox 1223 4525 1303 4582; x_wconf 90' lang='lat' dir='ltr'><strong>enim</strong></span> <span class='ocrx_word' id='word_1_482' title='bbox 1319 4527 1415 4583; x_wconf 84' lang='lat' dir='ltr'><strong>velata</strong></span> <span class='ocrx_word' id='word_1_483' title='bbox 1428 4525 1688 4583; x_wconf 74' lang='lat' dir='ltr'><strong>facieridebantin</strong></span> <span class='ocrx_word' id='word_1_484' title='bbox 1696 4527 1865 4598; x_wconf 80' lang='lat' dir='ltr'><strong>aenigmate,</strong></span> 
     </span>
     <span class='ocr_line' id='line_1_41' title="bbox 154 4612 1869 4682; baseline 0.006 -18"><span class='ocrx_word' id='word_1_485' title='bbox 154 4623 216 4665; x_wconf 90' lang='lat' dir='ltr'><strong>non</strong></span> <span class='ocrx_word' id='word_1_486' title='bbox 231 4624 473 4682; x_wconf 90' lang='lat' dir='ltr'><strong>permansurum,</strong></span> <span class='ocrx_word' id='word_1_487' title='bbox 485 4612 629 4669; x_wconf 90' lang='lat' dir='ltr'><strong>sedaliud</strong></span> <span class='ocrx_word' id='word_1_488' title='bbox 639 4613 666 4670; x_wconf 93' lang='lat' dir='ltr'><strong>ei</strong></span> <span class='ocrx_word' id='word_1_489' title='bbox 684 4629 894 4671; x_wconf 88' lang='lat' dir='ltr'><strong>successurum</strong></span> <span class='ocrx_word' id='word_1_490' title='bbox 909 4619 980 4671; x_wconf 90' lang='lat' dir='ltr'><strong>erat.</strong></span> <span class='ocrx_word' id='word_1_491' title='bbox 1037 4613 1085 4669; x_wconf 91' lang='lat' dir='ltr'><strong>hic</strong></span> <span class='ocrx_word' id='word_1_492' title='bbox 1098 4630 1167 4670; x_wconf 83' lang='lat' dir='ltr'><strong>rere</strong></span> <span class='ocrx_word' id='word_1_493' title='bbox 1182 4615 1312 4671; x_wconf 88' lang='lat' dir='ltr'><strong>revelata</strong></span> <span class='ocrx_word' id='word_1_494' title='bbox 1322 4619 1351 4672; x_wconf 91' lang='lat' dir='ltr'><strong>et</strong></span> <span class='ocrx_word' id='word_1_495' title='bbox 1361 4615 1526 4673; x_wconf 81' lang='lat' dir='ltr'><strong>manifeste.</strong></span> <span class='ocrx_word' id='word_1_496' title='bbox 1536 4616 1618 4673; x_wconf 89' lang='lat' dir='ltr'><strong>Unde</strong></span> <span class='ocrx_word' id='word_1_497' title='bbox 1628 4616 1737 4674; x_wconf 91' lang='lat' dir='ltr'><strong>dicitur</strong></span> <span class='ocrx_word' id='word_1_498' title='bbox 1752 4635 1759 4672; x_wconf 93' lang='lat'>:</span> <span class='ocrx_word' id='word_1_499' title='bbox 1774 4618 1869 4674; x_wconf 77' lang='lat' dir='ltr'><strong>Matar·</strong></span> 
     </span>
     <span class='ocr_line' id='line_1_42' title="bbox 155 4696 1866 4778; baseline 0.006 -26"><span class='ocrx_word' id='word_1_500' title='bbox 155 4696 237 4753; x_wconf 92' lang='lat' dir='ltr'><strong>Unde</strong></span> <span class='ocrx_word' id='word_1_501' title='bbox 245 4697 372 4754; x_wconf 88' lang='lat' dir='ltr'><strong>dicitur:</strong></span> <span class='ocrx_word' id='word_1_502' title='bbox 387 4698 670 4769; x_wconf 81' lang='lat' dir='ltr'><strong>Supervenientibns</strong></span> <span class='ocrx_word' id='word_1_503' title='bbox 682 4704 766 4760; x_wconf 80' lang='lat' dir='ltr'><strong>nouis</strong></span> <span class='ocrx_word' id='word_1_504' title='bbox 781 4710 881 4763; x_wconf 85' lang='lat' dir='ltr'><strong>uetera</strong></span> <span class='ocrx_word' id='word_1_505' title='bbox 890 4706 983 4776; x_wconf 84' lang='lat' dir='ltr'><strong>preji-</strong></span> <span class='ocrx_word' id='word_1_506' title='bbox 1038 4717 1130 4774; x_wconf 78' lang='lat' dir='ltr'><strong>repes,</strong></span> <span class='ocrx_word' id='word_1_507' title='bbox 1145 4711 1173 4760; x_wconf 87' lang='lat' dir='ltr'><strong>et</strong></span> <span class='ocrx_word' id='word_1_508' title='bbox 1178 4703 1334 4775; x_wconf 78' lang='lat' dir='ltr'><strong>proptera</strong></span> <span class='ocrx_word' id='word_1_509' title='bbox 1345 4704 1684 4776; x_wconf 79' lang='lat' dir='ltr'><strong>votueruntvtaereqea</strong></span> <span class='ocrx_word' id='word_1_510' title='bbox 1691 4719 1742 4762; x_wconf 80' lang='lat' dir='ltr'><strong>nos</strong></span> <span class='ocrx_word' id='word_1_511' title='bbox 1750 4706 1866 4778; x_wconf 77' lang='lat' dir='ltr'><strong>nidero,</strong></span> 
     </span>
     <span class='ocr_line' id='line_1_43' title="bbox 154 4786 1869 4867; baseline 0.006 -25"><span class='ocrx_word' id='word_1_512' title='bbox 154 4786 447 4855; x_wconf 76' lang='lat' dir='ltr'><strong>cietistLevit.xxr&#39;1).</strong></span> <span class='ocrx_word' id='word_1_513' title='bbox 468 4792 582 4847; x_wconf 84' lang='lat' dir='ltr'><strong>Novum</strong></span> <span class='ocrx_word' id='word_1_514' title='bbox 595 4807 666 4848; x_wconf 90' lang='lat' dir='ltr'><strong>vero</strong></span> <span class='ocrx_word' id='word_1_515' title='bbox 679 4793 899 4850; x_wconf 84' lang='lat' dir='ltr'><strong>Testamentum</strong></span> <span class='ocrx_word' id='word_1_516' title='bbox 914 4795 982 4852; x_wconf 93' lang='lat' dir='ltr'><strong>ideo</strong></span> <span class='ocrx_word' id='word_1_517' title='bbox 1001 4793 1563 4867; x_wconf 75' lang='lat' dir='ltr'><strong>1)elnonpotnernrntttne.x).Propter</strong></span> <span class='ocrx_word' id='word_1_518' title='bbox 1572 4794 1637 4851; x_wconf 79' lang='lat' dir='ltr'><strong>vitre</strong></span> <span class='ocrx_word' id='word_1_519' title='bbox 1643 4794 1869 4866; x_wconf 77' lang='lat' dir='ltr'><strong>aetemaejueun-</strong></span> 
     </span>
     <span class='ocr_line' id='line_1_44' title="bbox 154 4875 1869 4957; baseline 0.006 -28"><span class='ocrx_word' id='word_1_520' title='bbox 154 4875 281 4943; x_wconf 77' lang='lat' dir='ltr'><strong>Novum,</strong></span> <span class='ocrx_word' id='word_1_521' title='bbox 298 4875 370 4948; x_wconf 89' lang='lat' dir='ltr'><strong>quia</strong></span> <span class='ocrx_word' id='word_1_522' title='bbox 396 4875 465 4934; x_wconf 84' lang='lat' dir='ltr'><strong>facit</strong></span> <span class='ocrx_word' id='word_1_523' title='bbox 490 4878 672 4936; x_wconf 86' lang='lat' dir='ltr'><strong>desiderium</strong></span> <span class='ocrx_word' id='word_1_524' title='bbox 699 4885 888 4952; x_wconf 69' lang='lat' dir='ltr'><strong>eternorum,</strong></span> <span class='ocrx_word' id='word_1_525' title='bbox 913 4900 981 4957; x_wconf 76' lang='lat' dir='ltr'><strong>quae</strong></span> <span class='ocrx_word' id='word_1_526' title='bbox 1036 4878 1254 4952; x_wconf 88' lang='lat' dir='ltr'><strong>ditatem,quia</strong></span> <span class='ocrx_word' id='word_1_527' title='bbox 1268 4883 1384 4936; x_wconf 88' lang='lat' dir='ltr'><strong>Novum</strong></span> <span class='ocrx_word' id='word_1_528' title='bbox 1394 4883 1730 4940; x_wconf 80' lang='lat' dir='ltr'><strong>Testamentumaetcrna</strong></span> <span class='ocrx_word' id='word_1_529' title='bbox 1743 4883 1869 4956; x_wconf 93' lang='lat' dir='ltr'><strong>promit-</strong></span> 
     </span>
     <span class='ocr_line' id='line_1_45' title="bbox 154 4965 1867 5050; baseline 0.013 -31"><span class='ocrx_word' id='word_1_530' title='bbox 154 4979 274 5038; x_wconf 91' lang='lat' dir='ltr'><strong>semper</strong></span> <span class='ocrx_word' id='word_1_531' title='bbox 286 4965 422 5037; x_wconf 90' lang='lat' dir='ltr'><strong>jucunda</strong></span> <span class='ocrx_word' id='word_1_532' title='bbox 436 4974 465 5026; x_wconf 91' lang='lat' dir='ltr'><strong>et</strong></span> <span class='ocrx_word' id='word_1_533' title='bbox 476 4969 661 5027; x_wconf 87' lang='lat' dir='ltr'><strong>delectabilia</strong></span> <span class='ocrx_word' id='word_1_534' title='bbox 675 4976 746 5027; x_wconf 86' lang='lat' dir='ltr'><strong>sunt</strong></span> <span class='ocrx_word' id='word_1_535' title='bbox 758 4990 764 5038; x_wconf 93' lang='grc'>;</span> <span class='ocrx_word' id='word_1_536' title='bbox 775 4972 879 5029; x_wconf 90' lang='lat' dir='ltr'><strong>etideo</strong></span> <span class='ocrx_word' id='word_1_537' title='bbox 894 4990 983 5050; x_wconf 84' lang='lat' dir='ltr'><strong>nova,</strong></span> <span class='ocrx_word' id='word_1_538' title='bbox 1039 4968 1081 5035; x_wconf 66' lang='lat' dir='ltr'><strong>tib</strong></span> <span class='ocrx_word' id='word_1_539' title='bbox 1092 4984 1161 5040; x_wconf 63' lang='lat' dir='ltr'>(1¹1ae</span> <span class='ocrx_word' id='word_1_540' title='bbox 1174 4968 1310 5039; x_wconf 65' lang='lat' dir='ltr'><strong>ineunda</strong></span> <span class='ocrx_word' id='word_1_541' title='bbox 1329 4972 1357 5026; x_wconf 67' lang='lat'><strong>02</strong></span> <span class='ocrx_word' id='word_1_542' title='bbox 1371 4971 1509 5027; x_wconf 60' lang='lat' dir='ltr'><strong>delebili&amp;</strong></span> <span class='ocrx_word' id='word_1_543' title='bbox 1522 4977 1600 5030; x_wconf 71' lang='lat' dir='ltr'><strong>sunt·</strong></span> <span class='ocrx_word' id='word_1_544' title='bbox 1619 4975 1660 5028; x_wconf 66' lang='lat' dir='ltr'><strong>Ex</strong></span> <span class='ocrx_word' id='word_1_545' title='bbox 1687 4971 1747 5028; x_wconf 67' lang='lat' dir='ltr'><strong>fide</strong></span> <span class='ocrx_word' id='word_1_546' title='bbox 1774 4973 1867 5041; x_wconf 67' lang='lat' dir='ltr'><strong>essim,</strong></span> 
     </span>
     <span class='ocr_line' id='line_1_46' title="bbox 153 5055 1867 5137; baseline 0.006 -29"><span class='ocrx_word' id='word_1_547' title='bbox 153 5068 221 5126; x_wconf 80' lang='lat' dir='ltr'><strong>qua</strong></span> <span class='ocrx_word' id='word_1_548' title='bbox 234 5068 393 5127; x_wconf 87' lang='lat' dir='ltr'><strong>nunquam</strong></span> <span class='ocrx_word' id='word_1_549' title='bbox 416 5060 624 5125; x_wconf 78' lang='lat' dir='ltr'><strong>veteraseuat3</strong></span> <span class='ocrx_word' id='word_1_550' title='bbox 649 5057 697 5114; x_wconf 83' lang='lat' dir='ltr'><strong>vel</strong></span> <span class='ocrx_word' id='word_1_551' title='bbox 721 5057 798 5126; x_wconf 92' lang='lat' dir='ltr'><strong>ideo,</strong></span> <span class='ocrx_word' id='word_1_552' title='bbox 821 5061 893 5133; x_wconf 83' lang='lat' dir='ltr'><strong>quia</strong></span> <span class='ocrx_word' id='word_1_553' title='bbox 919 5080 986 5137; x_wconf 65' lang='lat' dir='ltr'><strong>per.</strong></span> <span class='ocrx_word' id='word_1_554' title='bbox 1038 5055 1429 5129; x_wconf 84' lang='lat' dir='ltr'><strong>quamdocetEvangelium</strong></span> <span class='ocrx_word' id='word_1_555' title='bbox 1441 5059 1867 5132; x_wconf 86' lang='lat' dir='ltr'><strong>pervenituraddilectionem,</strong></span> 
     </span>
     <span class='ocr_line' id='line_1_47' title="bbox 153 5134 1869 5222; baseline 0.008 -25"><span class='ocrx_word' id='word_1_556' title='bbox 153 5140 333 5199; x_wconf 84' lang='lat' dir='ltr'><strong>duraturum</strong></span> <span class='ocrx_word' id='word_1_557' title='bbox 348 5148 401 5210; x_wconf 89' lang='lat' dir='ltr'><strong>est,</strong></span> <span class='ocrx_word' id='word_1_558' title='bbox 417 5158 473 5199; x_wconf 87' lang='lat' dir='ltr'><strong>nee</strong></span> <span class='ocrx_word' id='word_1_559' title='bbox 486 5143 567 5200; x_wconf 84' lang='lat' dir='ltr'><strong>eliud</strong></span> <span class='ocrx_word' id='word_1_560' title='bbox 582 5144 607 5200; x_wconf 86' lang='lat' dir='ltr'><strong>ei</strong></span> <span class='ocrx_word' id='word_1_561' title='bbox 622 5145 781 5202; x_wconf 87' lang='lat' dir='ltr'><strong>succedere</strong></span> <span class='ocrx_word' id='word_1_562' title='bbox 796 5146 895 5206; x_wconf 87' lang='lat' dir='ltr'><strong>debet.</strong></span> <span class='ocrx_word' id='word_1_563' title='bbox 1038 5161 1106 5218; x_wconf 79' lang='lat' dir='ltr'><strong>qne</strong></span> <span class='ocrx_word' id='word_1_564' title='bbox 1119 5145 1171 5202; x_wconf 86' lang='lat' dir='ltr'><strong>dat</strong></span> <span class='ocrx_word' id='word_1_565' title='bbox 1181 5134 1274 5202; x_wconf 82' lang='lat' dir='ltr'><strong>vilem</strong></span> <span class='ocrx_word' id='word_1_566' title='bbox 1288 5151 1441 5204; x_wconf 78' lang='lat' dir='ltr'><strong>eternam.</strong></span> <span class='ocrx_word' id='word_1_567' title='bbox 1454 5149 1869 5222; x_wconf 76' lang='lat' dir='ltr'><strong>Hoecautemevangclicado</strong></span> 
     </span>
     <span class='ocr_line' id='line_1_48' title="bbox 189 5229 1870 5313; baseline 0.007 -27"><span class='ocrx_word' id='word_1_568' title='bbox 189 5229 269 5287; x_wconf 89' lang='lat' dir='ltr'><strong>Sicut</strong></span> <span class='ocrx_word' id='word_1_569' title='bbox 281 5235 382 5287; x_wconf 87' lang='lat' dir='ltr'><strong>autem</strong></span> <span class='ocrx_word' id='word_1_570' title='bbox 398 5246 483 5288; x_wconf 85' lang='lat' dir='ltr'><strong>sacra</strong></span> <span class='ocrx_word' id='word_1_571' title='bbox 498 5231 648 5305; x_wconf 90' lang='lat' dir='ltr'><strong>Scriptura</strong></span> <span class='ocrx_word' id='word_1_572' title='bbox 656 5232 729 5289; x_wconf 87' lang='lat' dir='ltr'><strong>alias</strong></span> <span class='ocrx_word' id='word_1_573' title='bbox 738 5234 985 5304; x_wconf 87' lang='lat' dir='ltr'><strong>excedit,etinter</strong></span> <span class='ocrx_word' id='word_1_574' title='bbox 1038 5234 1141 5303; x_wconf 86' lang='lat' dir='ltr'><strong>ctrina,</strong></span> <span class='ocrx_word' id='word_1_575' title='bbox 1156 5251 1212 5291; x_wconf 90' lang='lat' dir='ltr'><strong>uec</strong></span> <span class='ocrx_word' id='word_1_576' title='bbox 1227 5236 1375 5308; x_wconf 89' lang='lat' dir='ltr'><strong>paucitate</strong></span> <span class='ocrx_word' id='word_1_577' title='bbox 1395 5238 1615 5309; x_wconf 84' lang='lat' dir='ltr'><strong>constringitur,</strong></span> <span class='ocrx_word' id='word_1_578' title='bbox 1636 5255 1692 5296; x_wconf 91' lang='lat' dir='ltr'><strong>nec</strong></span> <span class='ocrx_word' id='word_1_579' title='bbox 1712 5240 1870 5313; x_wconf 84' lang='lat' dir='ltr'><strong>superflua</strong></span> 
     </span>
     <span class='ocr_line' id='line_1_49' title="bbox 152 5315 1868 5399; baseline 0.009 -28"><span class='ocrx_word' id='word_1_580' title='bbox 152 5315 235 5388; x_wconf 89' lang='lat' dir='ltr'><strong>ipsas</strong></span> <span class='ocrx_word' id='word_1_581' title='bbox 246 5334 347 5376; x_wconf 87' lang='lat' dir='ltr'><strong>sacras</strong></span> <span class='ocrx_word' id='word_1_582' title='bbox 366 5321 482 5376; x_wconf 86' lang='lat' dir='ltr'><strong>Novum</strong></span> <span class='ocrx_word' id='word_1_583' title='bbox 502 5323 723 5378; x_wconf 88' lang='lat' dir='ltr'><strong>Testamentum</strong></span> <span class='ocrx_word' id='word_1_584' title='bbox 744 5324 844 5379; x_wconf 86' lang='lat' dir='ltr'><strong>Vetere</strong></span> <span class='ocrx_word' id='word_1_585' title='bbox 863 5324 983 5395; x_wconf 83' lang='lat' dir='ltr'><strong>dignius</strong></span> <span class='ocrx_word' id='word_1_586' title='bbox 1036 5322 1225 5379; x_wconf 90' lang='lat' dir='ltr'><strong>multitudine</strong></span> <span class='ocrx_word' id='word_1_587' title='bbox 1233 5322 1571 5399; x_wconf 87' lang='lat' dir='ltr'><strong>dilatatur:quodesset,</strong></span> <span class='ocrx_word' id='word_1_588' title='bbox 1579 5328 1868 5387; x_wconf 86' lang='lat' dir='ltr'><strong>sivelunustantum</strong></span> 
     </span>
     <span class='ocr_line' id='line_1_50' title="bbox 152 5401 1869 5484; baseline 0.012 -30"><span class='ocrx_word' id='word_1_589' title='bbox 152 5403 205 5466; x_wconf 86' lang='lat' dir='ltr'><strong>est,</strong></span> <span class='ocrx_word' id='word_1_590' title='bbox 218 5401 259 5456; x_wconf 91' lang='lat' dir='ltr'><strong>sie</strong></span> <span class='ocrx_word' id='word_1_591' title='bbox 278 5403 354 5459; x_wconf 90' lang='lat' dir='ltr'><strong>inter</strong></span> <span class='ocrx_word' id='word_1_592' title='bbox 374 5403 539 5477; x_wconf 85' lang='lat' dir='ltr'><strong>Scripturas</strong></span> <span class='ocrx_word' id='word_1_593' title='bbox 559 5405 631 5461; x_wconf 79' lang='lat' dir='ltr'><strong>Novi</strong></span> <span class='ocrx_word' id='word_1_594' title='bbox 649 5407 826 5463; x_wconf 85' lang='lat' dir='ltr'><strong>Testamenti</strong></span> <span class='ocrx_word' id='word_1_595' title='bbox 851 5411 983 5479; x_wconf 83' lang='lat' dir='ltr'><strong>Evange-</strong></span> <span class='ocrx_word' id='word_1_596' title='bbox 1037 5409 1385 5482; x_wconf 69' lang='lat' dir='ltr'><strong>scripsissetvelinfiniti.</strong></span> <span class='ocrx_word' id='word_1_597' title='bbox 1398 5415 1506 5471; x_wconf 85' lang='lat' dir='ltr'><strong>Namsi</strong></span> <span class='ocrx_word' id='word_1_598' title='bbox 1524 5432 1603 5472; x_wconf 91' lang='lat' dir='ltr'><strong>unus</strong></span> <span class='ocrx_word' id='word_1_599' title='bbox 1615 5420 1740 5484; x_wconf 87' lang='lat' dir='ltr'><strong>tantum,</strong></span> <span class='ocrx_word' id='word_1_600' title='bbox 1765 5418 1869 5475; x_wconf 87' lang='lat' dir='ltr'><strong>minus</strong></span> 
     </span>
     <span class='ocr_line' id='line_1_51' title="bbox 151 5485 1870 5576; baseline 0.016 -36"><span class='ocrx_word' id='word_1_601' title='bbox 151 5485 226 5542; x_wconf 94' lang='lat' dir='ltr'><strong>lium</strong></span> <span class='ocrx_word' id='word_1_602' title='bbox 242 5491 432 5548; x_wconf 80' lang='lat' dir='ltr'><strong>excedentius</strong></span> <span class='ocrx_word' id='word_1_603' title='bbox 444 5500 497 5551; x_wconf 91' lang='lat' dir='ltr'><strong>est.</strong></span> <span class='ocrx_word' id='word_1_604' title='bbox 517 5496 599 5552; x_wconf 91' lang='lat' dir='ltr'><strong>Unde</strong></span> <span class='ocrx_word' id='word_1_605' title='bbox 611 5500 640 5553; x_wconf 88' lang='lat' dir='ltr'><strong>et</strong></span> <span class='ocrx_word' id='word_1_606' title='bbox 667 5498 725 5553; x_wconf 91' lang='lat' dir='ltr'><strong>hoc</strong></span> <span class='ocrx_word' id='word_1_607' title='bbox 748 5512 859 5554; x_wconf 91' lang='lat' dir='ltr'><strong>nomen</strong></span> <span class='ocrx_word' id='word_1_608' title='bbox 880 5498 981 5558; x_wconf 89' lang='lat' dir='ltr'><strong>habet.</strong></span> <span class='ocrx_word' id='word_1_609' title='bbox 1037 5500 1213 5557; x_wconf 89' lang='lat' dir='ltr'><strong>crederetur.</strong></span> <span class='ocrx_word' id='word_1_610' title='bbox 1227 5501 1308 5557; x_wconf 90' lang='lat' dir='ltr'><strong>Unde</strong></span> <span class='ocrx_word' id='word_1_611' title='bbox 1318 5502 1425 5560; x_wconf 91' lang='lat' dir='ltr'><strong>dieitur</strong></span> <span class='ocrx_word' id='word_1_612' title='bbox 1439 5505 1468 5560; x_wconf 94' lang='lat' dir='ltr'><strong>in</strong></span> <span class='ocrx_word' id='word_1_613' title='bbox 1475 5505 1539 5575; x_wconf 75' lang='lat' dir='ltr'><strong>lege</strong></span> <span class='ocrx_word' id='word_1_614' title='bbox 1549 5506 1600 5563; x_wconf 86' lang='lat' dir='ltr'><strong>:In</strong></span> <span class='ocrx_word' id='word_1_615' title='bbox 1608 5523 1658 5564; x_wconf 88' lang='lat' dir='ltr'><strong>ore</strong></span> <span class='ocrx_word' id='word_1_616' title='bbox 1665 5508 1805 5576; x_wconf 80' lang='lat' dir='ltr'><strong>duorum,</strong></span> <span class='ocrx_word' id='word_1_617' title='bbox 1821 5510 1870 5567; x_wconf 85' lang='lat' dir='ltr'><strong>vet</strong></span> 
     </span>
     <span class='ocr_line' id='line_1_52' title="bbox 154 5575 1868 5668; baseline 0.017 -40"><span class='ocrx_word' id='word_1_618' title='bbox 154 5575 229 5630; x_wconf 86' lang='lat' dir='ltr'><strong>Nam</strong></span> <span class='ocrx_word' id='word_1_619' title='bbox 243 5581 365 5650; x_wconf 88' lang='lat' dir='ltr'><strong>propter</strong></span> <span class='ocrx_word' id='word_1_620' title='bbox 379 5581 585 5643; x_wconf 82' lang='lat' dir='ltr'><strong>excellentiam</strong></span> <span class='ocrx_word' id='word_1_621' title='bbox 599 5600 686 5643; x_wconf 89' lang='lat' dir='ltr'><strong>suam</strong></span> <span class='ocrx_word' id='word_1_622' title='bbox 697 5588 754 5644; x_wconf 91' lang='lat' dir='ltr'><strong>hoc</strong></span> <span class='ocrx_word' id='word_1_623' title='bbox 769 5601 880 5648; x_wconf 88' lang='lat' dir='ltr'><strong>nomen</strong></span> <span class='ocrx_word' id='word_1_624' title='bbox 902 5606 982 5647; x_wconf 90' lang='lat' dir='ltr'><strong>com·</strong></span> <span class='ocrx_word' id='word_1_625' title='bbox 1037 5591 1128 5649; x_wconf 83' lang='lat' dir='ltr'><strong>trium</strong></span> <span class='ocrx_word' id='word_1_626' title='bbox 1138 5592 1255 5648; x_wconf 80' lang='lat' dir='ltr'><strong>tertiata</strong></span> <span class='ocrx_word' id='word_1_627' title='bbox 1265 5597 1320 5649; x_wconf 87' lang='lat' dir='ltr'><strong>stet</strong></span> <span class='ocrx_word' id='word_1_628' title='bbox 1333 5608 1418 5651; x_wconf 84' lang='lat' dir='ltr'><strong>omne</strong></span> <span class='ocrx_word' id='word_1_629' title='bbox 1428 5595 1653 5666; x_wconf 74' lang='lat' dir='ltr'><strong>oerinmtlteut.</strong></span> <span class='ocrx_word' id='word_1_630' title='bbox 1665 5601 1745 5668; x_wconf 79' lang='lat' dir='ltr'><strong>xvir).</strong></span> <span class='ocrx_word' id='word_1_631' title='bbox 1755 5597 1784 5656; x_wconf 85' lang='lat' dir='ltr'><strong>si</strong></span> <span class='ocrx_word' id='word_1_632' title='bbox 1794 5615 1868 5657; x_wconf 82' lang='lat' dir='ltr'><strong>vero</strong></span> 
     </span>
    </p>
   </div>
   <div class='ocr_carea' id='block_1_9' title="bbox 0 0 1920 6044">
    <p class='ocr_par' dir='ltr' id='par_1_10' title="bbox 0 0 1920 6044">
     <span class='ocr_line' id='line_1_53' title="bbox 0 0 1920 6044; baseline 0 1"><span class='ocrx_word' id='word_1_633' title='bbox 0 0 1920 6044; x_wconf 95' lang='lat' dir='ltr'><strong> </strong></span> 
     </span>
    </p>
   </div>
  </div>
 </body>
</html>
