3832 6044
53 156 129 210 ross
190 154 197 166 ·
380 155 558 211 arrosrrro
578 157 611 212 rrr
632 157 816 215 arsames.
837 159 995 215 corrasa
1017 160 1045 216 s.
1067 163 1227 221 uroursrr.
1248 165 1366 224 -na
1386 170 1441 225 vrr.
1698 178 1763 233 rore
1827 157 1829 160 ’

55 279 1762 327 :mm

587 443 802 562 LIBER
858 443 1229 566 surtinus

91 857 247 927 depositio
263 858 293 912 irr
309 858 455 927 rett'qucm
471 864 587 928 portem
604 861 709 928 cupitis
724 859 841 929 septimi
854 860 917 916 dim·
925 861 1064 929 Dionysii
1073 862 1263 931 trementer
1274 864 1309 918 rte
1323 867 1435 921 coelesti
1445 867 1626 937 hierarchia,
1641 875 1727 942 eujus

740 946 840 1004 littero
854 949 1009 1018 peremisse
1025 954 1077 1004 est.

10 1232 12 1240 ἱ
89 1171 155 1226 titia
168 1170 259 1239 longa
276 1185 390 1226 novum
405 1170 562 1228 exordium
576 1176 712 1244 poscunt.
731 1170 820 1226 Paulo
835 1186 881 1225 su·
900 1158 1025 1226 Aeriam
1036 1173 1258 1237 cognominatio
1271 1174 1426 1230 cherubim
1437 1176 1765 1249 contemplativumsoi-

10 1310 15 1318 .
49 1260 155 1331 periers
167 1261 292 1330 ingressi
314 1259 424 1315 luimus
448 1276 617 1316 sermonem
638 1259 882 1328 deeognomina·
936 1259 1002 1314 lieet
1014 1274 1118 1315 eorrrnr
1133 1261 1161 1315 in
1174 1262 1270 1333 prima
1284 1263 1446 1334 operatrice
1457 1265 1563 1321 virtute
1578 1265 1686 1321 cinno
1701 1267 1766 1341 pul-

10 1376 19 1423 .
50 1350 134 1406 tione
162 1350 348 1418 angelorum,
378 1349 431 1405 ubi
449 1354 553 1407 auctor
576 1351 761 1407 demonstrat
788 1364 882 1421 quare
937 1347 1121 1419 cirriturh'nis,
1138 1354 1165 1404 ot
1180 1351 1362 1422 saprerrr'uiee
1378 1353 1543 1408 traditionis
1565 1355 1721 1427 repletum,
1738 1360 1766 1413 et

10 1472 20 1512 Ι
52 1438 180 1507 singulis
192 1438 348 1495 ordinibus
371 1437 546 1508 angelorum
562 1438 717 1495 telessunt
731 1437 883 1507 cognomi·
936 1436 1221 1494 communicativum
1237 1440 1365 1512 copiosa
1384 1441 1422 1497 ad
1438 1443 1571 1500 secunda
1584 1443 1693 1501 fusioni
1714 1445 1767 1501 do-

10 1564 20 1603 .
51 1528 199 1595 nationes,
217 1527 278 1583 sive
292 1527 506 1599 appellationes
517 1528 673 1584 attribute.
692 1531 724 1584 Et
735 1527 772 1583 de
784 1526 882 1600 primo
936 1528 1013 1578 notre
1029 1525 1189 1597 sirpicnthe.
1219 1527 1264 1583 iiic
1288 1528 1436 1600 distingue
1453 1547 1459 1585 ε
1477 1531 1636 1588 Cherubim
1656 1549 1766 1605 cogno-

10 1655 20 1694 ,
52 1616 188 1689 quidem,
203 1621 293 1688 atque
307 1631 448 1688 supremo
469 1617 583 1688 ordine,
599 1617 650 1689 qui
666 1616 815 1690 seraphim
835 1631 882 1671 co·
938 1611 1159 1669 minatiodocet
1173 1617 1438 1689 conterrrptetivrrm
1453 1619 1562 1676 divinoe
1574 1620 1767 1693 pulchritudi-

10 1736 19 1783 Ι
54 1707 256 1776 geminatur,
272 1705 408 1777 eirrsdcm
425 1705 632 1779 appellationis
645 1707 802 1773 rationem,
816 1723 883 1779 quse
937 1701 982 1756 nis
995 1701 1029 1755 iis
1039 1702 1133 1774 prima
1145 1705 1307 1776 operatrice
1317 1707 1433 1766 virtute.
1447 1713 1479 1764 tn
1494 1725 1529 1764 co
1539 1724 1671 1785 namque
1683 1709 1767 1784 quod

10 1822 19 1872 Ι
54 1794 322 1865 atbcologiadats
337 1800 390 1863 est,
413 1795 579 1851 secundum
608 1796 803 1867 capacitatem
816 1810 883 1850 nos·
937 1790 1102 1856 cherubim,
1119 1792 1202 1848 idest
1216 1793 1588 1868 pleniscientiadicuntur,
1603 1799 1769 1856 ostenditur

10 1914 14 1963 ι
55 1887 132 1939 tram
146 1883 294 1955 prosecuti
307 1899 421 1939 sumus.
435 1887 518 1940 Nunc
534 1889 668 1956 superest
682 1887 714 1939 ut
728 1898 795 1940 eam
809 1898 883 1955 quo·
937 1881 1017 1950 quod
1034 1880 1198 1950 perlrrrrrcn
1222 1883 1298 1938 riche
1314 1885 1466 1957 sapientie
1494 1887 1767 1961 divinampulchri·

10 2013 16 2052 ,
54 1989 124 2046 que,
139 1988 233 2046 quam
257 1973 294 2029 dc
315 1973 465 2045 sequentis
486 1973 599 2029 ordinis
621 1972 883 2043 cognominatione
937 1967 1071 2022 tudinem
1101 1970 1355 2043 contemplantem
1372 1972 1516 2044 quoniam
1535 1975 1666 2047 protecto
1682 1976 1768 2048 quid-

12 2106 15 2113 ,
54 2064 200 2119 rationem
232 2062 338 2130 reddit,
374 2062 614 2119 consideremus.
649 2062 729 2118 Prius
758 2062 882 2130 ducent,
938 2057 1009 2128 quid
1025 2057 1140 2122 seirent,
1158 2059 1236 2131 plcrri
1259 2060 1403 2133 sapientia
1427 2076 1489 2117 non
1517 2069 1624 2131 essent,
1653 2064 1677 2119 si
1697 2063 1769 2120 divi·

10 2190 13 2214 .
55 2152 137 2225 quod
164 2152 396 2224 cognominatio,
425 2153 487 2208 sive
512 2152 710 2208 manifestatio
733 2152 883 2224 seraphim
939 2160 1008 2202 uam
1024 2145 1286 2217 pulchritudinem,
1303 2165 1405 2221 aqua,
1432 2150 1504 2206 etin
1520 2151 1769 2225 qrraputchrc‚ct

10 2283 11 2300 r
54 2242 143 2297 docet
156 2263 170 2291 «
186 2240 297 2297 mobile
311 2240 441 2309 illorum,
456 2244 485 2297 et
499 2240 684 2312 incessabile,
700 2245 728 2296 et
741 2239 882 2311 calidum,
939 2234 1150 2290 rationabiliter·
1162 2236 1299 2293 ordinata
1313 2242 1383 2294 sunt
1395 2239 1506 2304 omnia,
1523 2255 1584 2295 non
1608 2255 1770 2310 cognosce-

54 2335 81 2387 et
96 2336 227 2400 acutum,
242 2335 271 2386 et
283 2330 531 2404 superfervidum,
550 2352 564 2379 r>
585 2347 653 2403 queo
667 2334 736 2403 post
755 2330 819 2384 brec
834 2329 885 2385 ad-
939 2327 1011 2379 rent.
1030 2325 1104 2390 Quia
1126 2341 1196 2391 ereo
1210 2326 1288 2397 pleni
1305 2332 1373 2382 suut
1386 2327 1541 2400 sapientia,
1567 2328 1701 2386 divinam
1715 2329 1769 2385 uti·

53 2420 159 2492 juncta
173 2423 243 2476 sunt
259 2438 264 2476 :
280 2435 361 2476 nune
375 2436 446 2476 vero
474 2419 561 2476 iniert
575 2423 604 2476 ct
624 2419 703 2486 dicit,
724 2419 805 2491 quod
819 2419 884 2491 ipsa
939 2429 998 2485 que
1019 2413 1271 2486 pulchritudinem
1292 2417 1540 2490 contemplantur.
1565 2421 1621 2475 Nec
1636 2407 1770 2492 quolibet

55 2509 288 2579 cognominatio,
313 2509 374 2564 sive
395 2507 593 2564 manifestatio
622 2507 777 2564 cherubim
798 2507 885 2563 docet
904 2503 1029 2557 Burodo
1049 2504 1299 2575 contemplantur,
1316 2505 1367 2560 sed
1381 2505 1411 2560 in
1425 2505 1523 2578 prima
1535 2506 1698 2580 operatrice
1712 2507 1771 2563 vir·¹

56 2597 292 2667 «cognoscibile
325 2613 440 2663 eorum,
475 2600 502 2653 et
528 2597 692 2666 deividum,
714 2614 729 2649 s
755 2600 810 2652 etc.
839 2595 885 2651 hit
940 2595 999 2646 tute
1012 2595 1044 2645 rrt
1059 2591 1190 2663 priorum
1215 2593 1325 2650 seihcct
1348 2597 1376 2650 et
1390 2594 1591 2670 principaliter
1611 2595 1770 2653 illuminati

56 2687 155 2742 enim:
173 2710 186 2735 o
205 2691 271 2759 ipsu
296 2701 368 2742 vcro
394 2685 560 2742 cherubim,
579 2709 593 2734 ‚r
617 2688 680 2741 Duo
700 2702 718 2742 a
740 2684 884 2757 superiori
939 2697 957 2736 a
975 2685 1034 2737 ileo
1048 2686 1168 2737 ceteros
1181 2688 1249 2755 post
1261 2699 1291 2738 se
1307 2682 1484 2741 illuminent.
1501 2684 1604 2742 Divina
1619 2685 1698 2742 enim
1713 2685 1769 2742 vlr-

55 2775 216 2849 repetenda
232 2779 309 2843 sunt,
324 2774 546 2845 cognominatio
561 2779 590 2830 et
603 2775 698 2831 docet.
719 2779 759 2830 Ac
771 2773 794 2828 si
808 2774 885 2830 dice·
940 2775 986 2825 tus
1000 2770 1141 2842 primurn,
1153 2775 1181 2826 et
1193 2770 1404 2843 principaliter,
1421 2776 1450 2828 et
1463 2788 1517 2845 per
1531 2789 1561 2828 se
1585 2775 1725 2846 operatur
1738 2773 1769 2828 in

55 2871 122 2922 ret:
138 2869 204 2938 ipsa
218 2865 440 2935 cognominatio
463 2864 618 2921 cherubim
638 2865 735 2931 docet,
750 2864 781 2919 id
796 2868 838 2919 est
853 2863 883 2919 in
939 2874 999 2927 cos,
1017 2859 1069 2931 qui
1084 2859 1212 2931 proximi
1228 2864 1317 2929 srrrrt;
1334 2860 1442 2917 deinde
1464 2866 1564 2918 autem
1585 2861 1717 2935 peritios
1739 2862 1769 2918 in

56 2971 93 3011 eo
105 2955 189 3027 quod
203 2954 368 3026 cherubim,
393 2954 475 3026 quod
499 2954 707 3027 interpretatur
726 2953 884 3022 plenitudo
939 2948 1022 3015 alios,
1038 2949 1090 3021 qui
1101 2949 1334 3023 subsequuntur.
1351 2952 1411 3007 ttoc
1423 2966 1494 3020 ergo
1508 2951 1596 3007 docet
1618 2951 1771 3022 cognomi·

55 3045 197 3112 semite,
222 3043 480 3113 cognominantur,
510 3043 633 3099 docetur
659 3047 687 3098 ct
702 3041 886 3114 significatur
939 3037 1019 3092 natio
1035 3037 1199 3110 cherubim,
1217 3038 1498 3110 corrtcrrrplationcm
1519 3039 1769 3112 seilicetpulchri·

57 3154 71 3183 o
88 3131 289 3201 cognoscibile
300 3147 414 3198 eorum,
431 3132 491 3188 »id
506 3136 549 3188 est
563 3132 691 3203 cognitio
707 3131 768 3187 sive
783 3130 886 3187 notitia
940 3125 1050 3181 turtinis
1065 3125 1171 3181 ‹tirinre
1184 3126 1213 3181 in
1230 3126 1284 3181 illis
1295 3142 1359 3181 esse
1369 3126 1561 3199 perprimam
1572 3128 1768 3200 operatricem

56 3222 232 3290 stertentis,
256 3238 350 3295 quam
376 3222 510 3290 habent3
540 3227 568 3279 et
588 3222 772 3291 significatur
795 3220 885 3277 etiarn
939 3215 1100 3277 rir·trrtcm;
1128 3216 1198 3287 quia
1213 3216 1345 3288 primum
1370 3215 1711 3287 tieusoperaturineis,
1737 3221 1770 3273 ut

56 3314 115 3368 hoe
130 3311 251 3368 nomine
267 3330 282 3365 s
297 3311 450 3367 deividum
472 3328 586 3378 eorum,
604 3330 618 3362 ›
642 3311 671 3367 id
687 3315 730 3367 est
745 3310 819 3366 visio
834 3309 885 3365 Dei
940 3308 1043 3376 postea
1056 3319 1168 3377 percos
1183 3309 1330 3376 operetur.
1355 3306 1445 3360 Docet
1458 3302 1548 3360 etiam
1561 3304 1708 3378 repletum
1723 3320 1769 3361 sa·

56 3401 224 3474 queesrrn
240 3399 291 3471 eis,
307 3399 378 3472 quia
401 3398 734 3473 perlumensaplentiae
758 3397 885 3454 inditum
940 3392 1097 3464 pientiliera
1127 3393 1300 3458 castilionis
1325 3393 1382 3449 hoc
1411 3393 1554 3451 esidoccl
1575 3394 1703 3468 repletos
1718 3410 1768 3451 ees

57 3491 113 3546 sibi
129 3490 315 3562 majestatem
332 3490 476 3546 creatoris
487 3490 532 3546 sui
547 3490 624 3546 clare
635 3488 884 3561 contemplantur.
941 3497 1004 3535 esse
1031 3481 1125 3550 gratia
1145 3481 1267 3536 divina:
1297 3497 1365 3555 quie
1392 3481 1577 3554 sapientifica
1612 3483 1769 3540 traditione

58 3578 344 3648 Significaturetiam
361 3600 374 3632 c
391 3579 578 3652 acceptivum
591 3578 742 3635 altissimis
752 3577 886 3634 donatio·
941 3570 1085 3627 Creatoris
1096 3570 1159 3627 aliis
1170 3569 1247 3644 plus,
1264 3570 1366 3626 statiis
1378 3571 1479 3627 minus
1492 3571 1523 3628 in
1544 3571 1768 3646 participatione

56 3669 104 3724 nis
118 3668 285 3724 luminum:
302 3687 318 3720 »
333 3668 389 3724 hoc
404 3673 457 3740 est,
470 3667 661 3739 significatur,
676 3666 759 3741 quod
772 3665 887 3724 lumina
940 3658 1134 3716 distribuitur.
1150 3659 1219 3716 llira
1229 3660 1318 3729 igitur
1330 3660 1502 3718 excellentia
1512 3661 1631 3718 illorum
1641 3661 1770 3718 ostendi-

57 3757 884 3832 ‹uviniruseaedussimsetpedecussinrcaccepemnt.
941 3753 997 3817 tur,
1013 3749 1083 3821 quia
1107 3747 1183 3804 itlius
1206 3748 1288 3816 honr,
1315 3750 1397 3822 quod
1413 3749 1557 3822 sapientia
1572 3748 1716 3806 creatoris
1730 3749 1770 3806 ad

60 3853 89 3904 tn
106 3864 140 3904 co
155 3847 234 3904 enim
244 3847 327 3921 quod
340 3847 556 3920 plenitudinem
567 3848 695 3906 scientius
709 3865 745 3905 ox
755 3848 821 3923 ipsu
832 3864 886 3904 suu
906 3853 926 3907 (ς
941 3837 1191 3909 pulchritudinem
1206 3839 1413 3894 universorum
1434 3836 1615 3894 dissimiliter
1626 3836 1769 3894 traditum
1872 3900 1874 3907 Ι

57 3937 319 4008 cognominatione
351 3937 462 3994 babere
494 3936 718 4008 significentur,
753 3937 887 4010 proruero
941 3932 994 3994 est,
1005 3942 1066 3982 non
1076 3931 1192 3999 partem
1202 3928 1254 3983 sed
1263 3926 1478 4000 plenitudinem
1486 3927 1598 3984 babere
1608 3925 1771 3999 pradican-

58 4025 196 4096 eJusrtem
216 4024 367 4098 sapientire
394 4025 496 4082 lumen
524 4025 644 4080 aliunde
672 4025 888 4097 occepissedo-
942 4021 998 4072 tur.
1011 4019 1106 4071 Potest
1120 4021 1147 4071 et
1161 4016 1243 4072 aliter
1258 4017 1409 4087 distingui,
1425 4020 1457 4073 ut
1471 4017 1588 4075 dicatur
1602 4016 1686 4090 quod
1703 4014 1771 4072 ahc·
1824 4086 1827 4092 .

57 4119 163 4170 centur
179 4132 186 4182 ;
200 4114 271 4187 quia
282 4113 448 4169 secundum
463 4113 595 4186 Apostoli
608 4112 721 4169 dictum
736 4131 743 4168 :
758 4131 773 4165 ι
790 4112 887 4169 Sinon
941 4104 1040 4160 rubim
1050 4104 1271 4172 cognominatio
1284 4105 1770 4178 docetcontcmplativumitlorum

57 4203 252 4275 accepissent,
267 4203 389 4259 omnino
399 4202 510 4259 hebere
524 4218 585 4257 non
598 4201 764 4276 potuissent
778 4201 806 4274 (I
818 4201 886 4257 Cor.
942 4192 1099 4266 repletum,
1112 4191 1193 4248 idest
1206 4192 1769 4266 contemptationemillommrepletam

57 4298 108 4360 rs),
127 4315 140 4340 1,
158 4296 187 4347 ru
203 4307 238 4348 eo
252 4307 332 4360 vero,
359 4290 442 4363 quod
463 4290 584 4358 habent,
597 4294 718 4347 notatur
731 4289 864 4363 acceptio
880 4307 886 4358 ;
942 4281 1050 4337 divinis
1061 4279 1299 4354 pulchritudinis,
1313 4283 1341 4335 et
1355 4277 1546 4352 sepientitlcae
1560 4278 1726 4335 traditionis
1740 4279 1770 4334 in

57 4383 88 4438 irr
103 4398 147 4451 eo,
162 4381 246 4456 quod
267 4379 483 4454 plenitudinem
505 4380 626 4448 habent,
652 4382 773 4437 notatur
793 4378 912 4452 prote·
943 4370 1040 4444 prima
1054 4369 1217 4444 operatrice
1227 4368 1341 4425 virtute.
1366 4370 1462 4424 Potest
1474 4371 1575 4422 autem
1589 4381 1651 4421 non
1670 4365 1772 4422 incon-

59 4471 126 4527 etio.
143 4474 192 4526 Est
206 4474 306 4526 autem
321 4469 405 4537 ordo,
419 4469 502 4542 quod
516 4468 648 4542 primum
661 4468 763 4524 tumen
774 4468 889 4541 sapien·
943 4461 1094 4517 venientes
1105 4477 1160 4532 per
1174 4459 1305 4514 divinam
1327 4455 1579 4531 prdchritudinem
1594 4458 1622 4511 et
1633 4453 1771 4528 sapienti-

57 4561 106 4616 tire
122 4559 261 4616 divinitus
286 4559 391 4614 <latum
419 4558 577 4631 accipiunt,
606 4561 634 4613 et
651 4560 755 4631 postea
783 4557 889 4613 eodem
942 4552 1033 4607 ficum
1046 4549 1232 4606 traditionem
1247 4550 1302 4603 hoe
1312 4546 1442 4618 intelligi,
1454 4545 1537 4620 quod
1547 4544 1647 4602 divina
1657 4543 1773 4618 sapien-

58 4649 172 4705 lumine
184 4647 320 4704 illustrati
333 4650 486 4702 auctorem
504 4646 626 4702 luminis
641 4649 734 4702 herrm
747 4645 848 4702 rident
862 4650 890 4701 et
944 4640 983 4696 tia
996 4656 1032 4694 ex
1046 4655 1081 4694 co
1094 4638 1159 4710 ipso
1175 4637 1322 4708 majorem
1337 4637 1366 4692 in
1379 4634 1520 4709 operibus
1535 4634 1597 4690 suis
1611 4632 1772 4708 pulchritu-

58 4740 254 4808 eognoseunt.
276 4739 352 4791 Bene
375 4750 446 4805 erge
466 4735 681 4803 illuminantur,
704 4733 756 4807 qui
771 4733 813 4789 sic
827 4733 890 4789 illu-
944 4729 1045 4783 dinem
1060 4725 1158 4793 efficit,
1179 4726 1262 4799 quod
1277 4725 1358 4782 dona
1381 4739 1436 4785 sua
1461 4739 1523 4781 nen
1539 4739 1601 4783 uno
1622 4722 1772 4781 eteoclem

57 4826 222 4896 minantur,
238 4828 271 4881 ut
284 4839 353 4881 eum
368 4823 491 4880 videant
500 4828 528 4880 ct
540 4826 733 4894 cognoscant,
749 4838 842 4896 aquo
857 4821 889 4878 il·
944 4816 1036 4872 modo
1046 4814 1187 4871 omuibus
1199 4813 1406 4887 participanda
1421 4813 1564 4871 consedit.
1581 4811 1671 4889 Cujus
1685 4813 1773 4871 nlmi-

56 4914 254 4970 trrminantur.
277 4910 355 4969 uulu
366 4910 571 4967 illuminantur
584 4915 617 4967 ut
640 4916 746 4968 cratera
757 4909 888 4975 videant,
944 4921 1011 4960 rum
1024 4902 1263 4977 pulchritudinis,
1279 4906 1307 4959 et
1320 4902 1486 4964 traditionis
1504 4901 1674 4960 summitati
1689 4902 1773 4976 spiri·

58 5007 87 5060 et
103 5002 213 5075 ipsum,
229 5016 283 5074 per
301 5016 394 5073 quem
407 4998 517 5069 vident,
534 5014 595 5056 non
609 5000 739 5057 videant.
757 4999 814 5057 Sed
828 5014 889 5055 non
945 5000 991 5052 tus
1006 4993 1116 5050 idcireo
1128 4992 1231 5066 repleti
1246 4998 1315 5051 sunt
1330 5011 1336 5051 :
1353 4993 1425 5068 quia
1438 4993 1528 5062 dona,
1549 5009 1617 5066 qum
1631 4989 1772 5048 interiori·

57 5096 104 5148 est
126 5105 284 5160 magnum,
306 5106 383 5163 opus
408 5089 520 5160 videre,
548 5088 571 5143 si
591 5088 735 5145 artificem
758 5088 888 5158 ignores.
943 5085 1012 5151 hus,
1024 5088 1053 5139 et
1065 5082 1205 5160 subjectis
1217 5099 1252 5139 ex
1264 5089 1347 5156 parte
1357 5084 1435 5140 datm
1450 5086 1527 5150 sunt,
1537 5077 1773 5151 secundumphr-

59 5180 179 5255 Species
193 5179 272 5235 iacta
284 5179 455 5236 heauheare
469 5193 530 5234 non
540 5181 646 5250 potest,
659 5177 682 5232 si
694 5177 733 5234 ad
747 5176 888 5250 operatri·
906 5201 929 5255 ῃ
944 5173 1110 5230 altudinem
1124 5173 1276 5246 possidere
1291 5175 1471 5229 meruerunt.

58 5287 126 5327 cem
140 5268 394 5342 pulchritudinem
407 5267 637 5340 nonpertingas.
651 5270 809 5339 Propterea
820 5283 891 5338 ergo
982 5263 1141 5336 Sequitur:
1158 5283 1173 5315 s
1192 5266 1223 5318 ui
1245 5258 1531 5315 communicativum
1541 5255 1660 5329 copiose
1675 5255 1713 5313 ad
1730 5273 1774 5313 se-

57 5358 215 5417 cheruhim
237 5357 460 5428 cognominatio
485 5356 572 5412 docet
592 5357 820 5426 «cognoscibile
844 5375 892 5415 eo·
946 5353 1044 5409 cunda
1058 5353 1165 5409 fusioni
1178 5351 1295 5405 ‹tonatre
1311 5345 1472 5419 sapientise.
1489 5364 1505 5398 s
1520 5349 1626 5400 lterum
1641 5348 1774 5418 repeten-

56 5465 137 5515 rnm,
164 5452 192 5504 et
215 5447 380 5514 deividum,
405 5450 434 5501 et
459 5444 602 5501 altissima
624 5445 891 5502 luminundationis
946 5443 1019 5497 dum
1035 5437 1268 5511 cstasrrperiori.
1284 5439 1373 5492 iiocct
1383 5432 1604 5504 cognominatio
1617 5433 1773 5493 cherubim

57 5537 286 5611 acceptivum.»
302 5539 375 5592 Nota
385 5533 540 5591 inusitatas
555 5533 785 5606 compositiones
799 5534 830 5589 in
845 5549 890 5602 eo,
947 5527 1231 5587 communicativum
1241 5541 1356 5597 eorum,
1368 5525 1397 5580 ld
1407 5528 1451 5581 est
1460 5523 1771 5597 communicationem,

58 5627 144 5700 quod
170 5626 211 5683 ait
237 5625 402 5695 deividum,
432 5627 460 5680 et
495 5621 772 5680 luminundationis.
804 5624 893 5679 Docet
946 5619 992 5674 vel
1005 5613 1262 5690 participationem
1275 5613 1394 5687 copiose
1409 5613 1518 5670 fusioni
1527 5613 1645 5673 donata
1656 5617 1773 5690 sapien-
