3832 6044
199 131 248 187 27l
341 123 493 185 HUGONIS
512 127 557 182 DE
578 127 606 184 S.
626 126 774 183 nerone
794 125 869 184 0PP.
889 125 978 184 PARS
997 128 1018 182 l.
1040 156 1074 169 -

1093 127 1445 187 exacerlcl.-·1.1N
1465 132 1493 189 S.
1516 132 1743 193 scaturentia.
1860 143 1914 196 272

197 251 237 311 ab
252 249 455 311 obediendum
466 251 531 308 vitae
547 254 731 323 preceptum
742 250 871 324 injunxit
886 269 892 320 ;
905 251 957 308 sed
972 252 1026 308 bu·
1045 254 1068 310 A
1083 252 1176 324 regni,
1193 256 1270 311 Deus
1284 253 1407 329 polluit;
1422 256 1494 331 quia
1521 274 1558 313 ex
1582 259 1832 333 eoncupiscentia,
1860 279 1914 335 ρετ

194 342 245 416 jus
259 341 379 401 scabelli
389 341 420 397 in
432 340 479 396 die
490 338 597 396 luroris
607 340 695 413 quasi
705 341 877 398 recordatus
888 357 949 397 non
965 346 1024 399 est:

196 432 249 507 qui
264 448 333 489 cum
347 445 459 499 magna
478 427 658 486 districtione
682 429 721 488 ab
734 446 770 487 eo
795 446 918 503 plenam
933 436 1026 488 trans-

196 519 355 592 gressionis
369 517 516 589 exigebat,
532 517 580 576 eui
599 518 682 593 prius
697 524 852 577 mansuete
865 521 1025 577 obediendi

193 611 378 683 preceptum
392 607 525 666 dederat.

228 698 424 772 Praecipitavit
449 699 604 772 Dominae,
619 717 675 758 nec
695 700 836 776 pepercit.
861 688 1025 774 Praecipita-

192 788 233 847 uo
247 787 287 846 ad
297 804 442 861 magnam
453 793 481 847 et
491 789 530 847 ad
546 789 677 848 subitam
694 790 815 847 ruinam
829 790 963 864 pertinet.
979 790 1024 846 lli-

191 877 259 936 dete
286 893 380 953 quam
404 894 516 950 magna
543 880 631 938 ruina
658 880 695 937 de
716 879 857 953 paradiso
886 879 915 936 in
943 880 1024 936 hune

191 968 353 1038 mundum,
369 969 406 1025 de
419 969 476 1027 boe
490 970 607 1027 mundo
621 970 652 1027 in
667 969 827 1037 infernum,
852 969 889 1025 dc
903 969 1024 1026 immor-

191 1058 301 1116 talitate
311 1058 341 1115 in
352 1063 489 1129 mortem,
502 1059 641 1117 demone
650 1059 680 1116 in
690 1060 926 1117 damnationem.
941 1059 1022 1116 Unde

192 1147 270 1206 bene
291 1148 483 1221 adjungitur:
499 1152 557 1206 Nec
584 1149 725 1222 pepercit.
743 1148 832 1215 Quasi
860 1148 940 1204 enim
955 1164 1022 1220 pec-

1080 358 1174 414 quam
1187 343 1285 401 carnis
1297 343 1451 417 integritas
1473 346 1583 405 violata
1595 353 1649 417 est,
1675 342 1763 406 etiarn
1792 350 1914 410 virtutes

1081 432 1189 490 animae
1199 435 1345 491 maculari
1360 434 1437 492 sinit.

1117 523 1265 595 Confregit
1277 524 1307 580 in
1323 524 1367 582 ira
1381 525 1489 583 luroris
1506 526 1551 583 sui
1576 544 1665 583 omne
1690 545 1784 585 cornu
1812 530 1912 598 lsrael,

1080 616 1135 669 ete.
1152 615 1204 669 Per
1218 630 1313 670 cornu
1337 613 1479 671 fortitudo
1502 616 1616 674 virtutis
1642 617 1785 690 signatur,
1806 636 1859 692 per
1874 624 1913 674 ls-

1080 700 1141 756 rael
1156 701 1258 770 homo,
1274 719 1327 775 per
1355 702 1509 760 dexteram
1537 704 1588 760 Dei
1612 707 1764 779 protectio,
1779 724 1832 780 per
1860 707 1912 763 ini-

1079 789 1193 847 mieurn
1207 791 1355 861 diabolus,
1372 809 1426 865 per
1439 792 1546 851 laeiem
1561 794 1673 851 inimici
1686 795 1826 852 instantia
1850 797 1911 853 dia-

1079 879 1140 936 boli
1159 881 1328 953 perignem
1343 882 1593 955 concupiscentia,
1610 901 1663 957 per
1678 901 1786 958 gyrum
1801 901 1912 958 eorpus

1079 970 1162 1043 quod
1177 971 1342 1029 circumdat
1353 972 1496 1030 animam.
1512 977 1610 1031 Cornu
1625 991 1695 1031 cum
1710 975 1832 1032 animali
1848 993 1910 1032 non

1078 1059 1219 1129 nascitur,
1235 1064 1377 1118 ettamen
1391 1062 1468 1120 inest
1480 1062 1508 1118 ei
1521 1063 1695 1121 naturaliter
1709 1082 1800 1122 eausa
1830 1065 1910 1120 unde

1079 1164 1172 1205 cornu
1196 1149 1317 1207 oriatur.
1335 1151 1380 1208 Sic
1404 1151 1506 1209 anima
1530 1169 1591 1209 non
1605 1169 1642 1209 er
1662 1158 1779 1222 natura,
1792 1153 1844 1209 sed
1873 1171 1910 1209 ex

191 1238 270 1296 canti
290 1237 472 1311 pepercisset
486 1237 510 1293 si
524 1242 641 1294 reatum
656 1237 720 1310 ejus
733 1254 787 1310 per
806 1253 928 1310 pernam
953 1253 1021 1293 exa·
1078 1236 1173 1307 gratia
1193 1238 1315 1296 virtutes
1327 1239 1428 1308 habet,
1440 1257 1517 1313 quas
1532 1247 1632 1298 tamen
1652 1242 1773 1298 virtutes
1802 1242 1909 1300 eadem

189 1326 327 1395 minaret,
343 1327 396 1383 sed
410 1327 511 1401 ipsum
525 1343 578 1410 per
592 1332 719 1385 mertem
739 1325 837 1384 carnis
856 1326 887 1382 in
902 1342 1022 1400 corrup-
1077 1327 1182 1397 gratia,
1195 1343 1257 1383 non
1272 1329 1334 1384 sine
1349 1329 1477 1391 naturali
1490 1346 1639 1387 consensu
1653 1331 1738 1388 liberi
1750 1331 1864 1388 arbitrii
1880 1331 1910 1387 in

189 1415 302 1475 tionem
324 1416 366 1473 ire
380 1433 442 1474 non
468 1417 674 1490 compelleret,
689 1417 737 1473 vel
750 1417 774 1473 si
802 1420 1020 1489 postmortem
1077 1414 1198 1473 bomine
1220 1422 1370 1492 operatur.
1388 1419 1528 1492 Sedqnia
1541 1420 1633 1478 horno
1648 1420 1814 1477 libertatem
1831 1419 1908 1476 arbi

189 1506 299 1577 carnis,
314 1506 458 1565 saltemin
472 1507 700 1565 damnationem
712 1507 846 1564 animam
862 1505 1020 1562 etiamnon
1077 1505 1123 1561 trii
1148 1507 1302 1579 peccando
1327 1507 1466 1582 perdidit,
1478 1513 1507 1565 et
1533 1512 1610 1566 bens
1630 1509 1744 1566 bomini
1771 1509 1907 1582 peccanti

188 1595 395 1671 praecipitaret.
432 1596 585 1670 Sequitur:
620 1595 727 1654 Omnia
767 1594 903 1669 speciosa
929 1594 1020 1651 Jacob
1040 1595 1152 1666 ssjuste
1168 1595 1294 1666 gratiam
1308 1614 1394 1653 suam
1414 1597 1569 1667 subtraxit,
1595 1599 1682 1672 quasi
1702 1616 1791 1656 omne
1814 1615 1908 1654 cornu

188 1684 335 1744 destruxit
354 1686 385 1742 in
414 1685 512 1743 furore
528 1703 592 1754 suo,
611 1685 701 1742 Jacob
729 1684 938 1757 interpretatur
952 1700 1021 1756 sap-
1075 1684 1164 1741 lsrael
1175 1685 1360 1742 confractum
1376 1692 1435 1755 est;
1452 1687 1524 1760 quia
1538 1688 1638 1759 etjam
1653 1687 1770 1744 habitas
1785 1688 1908 1744 virtutes

182 1776 355 1848 plantator.
381 1778 414 1833 Et
439 1775 531 1832 homo
552 1773 780 1848 quodammodo
794 1789 855 1830 non
880 1789 1020 1847 perpug-
1076 1773 1214 1847 perdidit,
1232 1780 1260 1832 et
1275 1792 1325 1832 eas
1347 1776 1446 1843 etiam,
1461 1793 1538 1850 quas
1562 1776 1719 1834 habiturus
1745 1781 1816 1849 erat,
1833 1776 1909 1832 obti-

186 1879 271 1935 nam,
283 1864 336 1923 sed
343 1881 397 1939 per
408 1865 535 1936 gratiam
543 1863 698 1921 diabolum
706 1862 916 1937 supplantavit,
925 1854 1020 1936 qnan-
1074 1879 1145 1920 nere
1158 1879 1220 1921 non
1246 1865 1363 1921 meruit.
1394 1868 1443 1922 Est
1457 1866 1546 1922 etiam
1561 1866 1643 1922 aliud
1661 1867 1743 1939 quod
1759 1867 1789 1921 in
1812 1882 1907 1922 cornu

191 1952 232 2012 do
247 1953 327 2023 illuc,
343 1953 424 2010 unde
437 1953 575 2011 diabolus
598 1952 753 2021 ceciderat,
767 1952 949 2008 ascendendi
967 1968 1020 2025 po·
1072 1956 1357 2026 notarepossumus.
1375 1957 1473 2012 Cornu
1486 1971 1619 2028 namque
1634 1954 1795 2012 crescendo
1808 1971 1844 2010 ex
1854 1955 1907 2010 hu-

187 2043 448 2117 testatemaceipit.
464 2047 520 2101 lste
531 2043 623 2101 Jacob
637 2043 668 2099 in
683 2041 781 2116 prima
796 2041 1019 2099 suieondiiione
1075 2058 1158 2099 more
1169 2043 1267 2118 carnis
1281 2043 1452 2111 indurescit,
1469 2048 1497 2100 et
1509 2044 1662 2100 rationalis
1691 2050 1906 2101 ereaturaeoo-

186 2132 278 2204 intus,
293 2136 323 2192 et
337 2137 420 2191 extra
435 2133 588 2208 speciosus
601 2132 656 2189 fuit
666 2133 752 2202 cujus
772 2130 953 2188 conscientia
967 2147 1020 2204 per
1075 2135 1198 2204 perante
1210 2131 1305 2202 matie
1317 2148 1353 2188 ex
1365 2131 1552 2204 promotione
1567 2133 1712 2189 virtutum
1726 2131 1818 2189 robur
1832 2131 1906 2188 acei-

186 2222 400 2293 innocentiam,
421 2227 449 2280 et
474 2238 544 2279 caro
564 2238 618 2296 per
641 2221 806 2278 castitatem
827 2218 936 2277 floruit.
963 2219 1020 2277 Sed
1074 2219 1126 2293 pit.
1139 2223 1211 2276 ltem
1223 2220 1298 2276 sieut
1310 2237 1405 2278 cornu
1415 2226 1506 2293 eaput
1520 2226 1548 2278 et
1561 2221 1653 2293 pedes
1664 2220 1770 2288 munit,
1795 2220 1835 2276 sic
1850 2220 1906 2276 vir-

186 2311 337 2369 destructa
365 2315 435 2369 sunt
449 2309 584 2385 speciosa
607 2309 717 2377 lacob;
732 2308 804 2382 quia
829 2315 858 2364 et
879 2307 1020 2365 eastitatis
1075 2312 1122 2366 tus
1137 2313 1269 2366 mentem
1295 2310 1481 2378 intrinsecus,
1509 2315 1537 2367 et
1551 2310 1621 2366 loris
1641 2327 1733 2383 opera
1754 2309 1906 2365 alasione

186 2401 327 2460 decorem
351 2399 593 2475 concupiscentia
619 2398 735 2473 polluit,
755 2402 784 2454 et
806 2396 1019 2455 conscientiam
1075 2397 1213 2455 custodit.
1228 2399 1339 2455 Avertit
1353 2405 1525 2467 retrorsum,
1538 2404 1592 2456 etc.
1605 2398 1736 2455 Primum
1752 2398 1906 2455 bominem

186 2496 287 2550 reatus
311 2480 358 2547 sui
373 2490 491 2548 sceleris
515 2483 627 2546 ioedam
642 2487 751 2562 pariter
779 2490 808 2544 et
828 2486 1019 2544 tenebrosam
1073 2485 1164 2544 invia
1187 2486 1364 2544 obedientiae
1388 2487 1594 2545 ambulantem
1609 2487 1747 2544 diabolus
1763 2487 1906 2560 sequeba-

187 2580 264 2639 lecit.
280 2579 330 2637 Vel
345 2580 481 2653 speciosa
494 2577 585 2635 Jacob
599 2576 706 2633 habuit
718 2575 791 2648 qnia
801 2592 870 2631 eum
886 2575 1020 2632 intrinse-
1075 2579 1122 2631 tur
1136 2579 1169 2631 ut
1179 2591 1248 2631 eum
1275 2581 1437 2643 revocaret,
1455 2576 1508 2632 sed
1534 2593 1688 2633 aceessum
1712 2576 1842 2632 nocendi
1867 2575 1906 2630 ad

73 2723 76 2726 .
186 2685 240 2726 cus
254 2670 393 2741 aspectus
408 2664 600 2722 invisibilium
624 2663 776 2720 bonorum
794 2662 975 2731 laetificabat,
991 2667 1020 2720 et
1073 2663 1228 2720 hominem
1256 2664 1366 2722 babere
1390 2681 1451 2722 non
1478 2664 1583 2739 potnit,
1613 2664 1684 2737 quia
1712 2665 1833 2720 dextera
1856 2663 1905 2719 bei

186 2756 259 2814 ioris
269 2770 371 2812 rerum
382 2752 543 2810 visibilium
558 2750 748 2825 pulchritudo
759 2750 799 2807 ad
813 2751 958 2807 Crantoris
973 2752 1018 2812 sui
1074 2751 1234 2810 inteream
1257 2757 1285 2809 et
1304 2753 1460 2810 hominem
1475 2753 1626 2811 suiacum
1651 2769 1721 2810 vero
1748 2753 1841 2808 homo
1867 2752 1906 2809 ad

187 2846 313 2921 gloriam
338 2843 484 2902 excitavit.
519 2842 576 2900 Sed
612 2842 763 2899 destructa
788 2845 858 2897 sunt
883 2841 1018 2914 speciosa
1073 2842 1244 2898 suasionem
1260 2841 1372 2898 diaboli
1385 2847 1489 2916 sponte
1505 2859 1535 2899 se
1544 2842 1695 2909 convertit,
1713 2841 1811 2897 statim
1828 2845 1904 2898 bens

185 2936 287 3006 Jacob,
302 2934 374 3009 quia
389 2936 466 2990 bens
478 2932 509 2989 in
523 2930 667 2988 idtionem
678 2929 766 3004 prirni
779 2933 879 2986 reatus
890 2946 908 2986 a
918 2934 1017 2986 mente
1037 2966 1058 3022 C
1073 2931 1227 2988 dexteram
1240 2947 1326 2988 suam
1351 2936 1513 2989 retrorsum
1528 2949 1546 2988 a
1561 2931 1635 2987 lucie
1665 2930 1776 2986 inimici
1789 2931 1914 3009 avertit,¹

186 3026 251 3099 ejus
287 3022 480 3081 invisibilium
523 3022 674 3079 bonorum
711 3019 911 3089 cognitionem
951 3019 1017 3076 abs·
1072 3025 1105 3078 ut
1119 3037 1188 3078 eum
1214 3021 1279 3093 jam
1311 3021 1471 3078 instantem
1497 3038 1515 3077 a
1541 3021 1662 3077 laesione
1685 3020 1816 3077 hominis
1843 3036 1911 3079 non.

187 3113 297 3184 condit,
308 3116 337 3171 et
350 3111 514 3169 visibilium
528 3126 628 3167 rerum
643 3113 799 3182 aspectum
811 3108 910 3165 abilla
934 3108 1017 3181 spiri·
1071 3110 1239 3183 repelleret,
1267 3116 1416 3185 quatenus
1430 3110 1675 3181 transgressionis
1697 3127 1758 3165 suae
1782 3109 1903 3182 eulpam

111 3226 115 3233 ·
186 3203 240 3264 tali
254 3200 492 3276 jncundidatein
518 3198 792 3274 concupiscentiam
816 3197 914 3254 carnis
938 3214 1018 3254 eom-

186 3293 322 3354 mutavit.
340 3293 422 3351 Unde
449 3292 527 3350 bene
554 3289 746 3361 adjungitur:
775 3287 948 3346 Munitiones
962 3288 1019 3344 vir·

187 3383 264 3455 ginis
276 3381 353 3441 Juda
367 3380 493 3456 projecit
506 3381 537 3436 in
552 3384 671 3437 terram.
696 3377 773 3443 Quid
800 3377 880 3434 enim
896 3392 949 3450 ρετ
962 3377 1019 3432 vir-

1073 3201 1283 3275 pnevarieator
1298 3201 1344 3257 vel
1370 3202 1399 3257 in
1424 3218 1516 3275 piena
1545 3202 1672 3258 sentiret.
1700 3201 1854 3274 Sequitur:
1872 3203 1915 3263 Et

1073 3291 1227 3348 succendit
1238 3290 1269 3347 in
1283 3291 1374 3347 Jacob
1389 3291 1477 3364 quasi
1487 3291 1599 3361 ignem,
1615 3296 1669 3347 etc.
1687 3289 1764 3361 ignis
1779 3295 1822 3344 est
1836 3305 1903 3344 con-

1073 3381 1256 3455 cupiscentia
1275 3382 1489 3455 amnisquam
1509 3382 1661 3438 nascendo
1682 3379 1911 3448 contraliimus3.

187 3472 288 3544 ginem
301 3471 388 3538 luda,
401 3470 458 3527 nisi
471 3472 584 3526 castam
594 3467 703 3524 animae
723 3466 917 3524 intentionem
942 3465 1017 3522 acei-
1073 3476 1102 3526 et
1119 3471 1255 3544 quandiu
1269 3471 1300 3527 in
1327 3471 1383 3527 hac
1399 3470 1641 3543 concupiscentia
1657 3470 1792 3535 vivimus,
1817 3467 1908 3541 quasi=

186 3557 305 3633 pimus:
334 3573 403 3630 quaa
433 3555 570 3611 videlieet
593 3554 725 3622 intentio,
753 3570 823 3610 eum
851 3550 962 3627 ubique
978 3554 1018 3610 ad
1074 3561 1238 3633 quemdam
1260 3560 1457 3616 domesticum
1470 3561 1587 3616 bostem
1611 3559 1687 3614 intra
1705 3559 1908 3632 nosmetipsos

186 3646 343 3706 arbitrium
357 3644 466 3701 divinae
485 3643 644 3700 voluntatis
670 3642 815 3712 dirigitur,
836 3642 910 3715 quid
936 3642 1018 3699 aliud
1070 3652 1223 3722 portantes
1249 3648 1418 3705 toleramus.
1446 3653 1501 3705 lste
1517 3648 1594 3718 ignis
1620 3664 1739 3720 semper
1760 3648 1791 3703 in
1816 3647 1914 3705 nobis.

186 3753 280 3811 quam
299 3734 426 3793 Domino
439 3733 595 3791 confitetur
608 3732 622 3788 ‘l
637 3731 728 3802 Cujus
755 3730 925 3787 intentionis
953 3748 1017 3787 mu·
1071 3742 1124 3805 est,
1142 3738 1269 3794 sednon
1286 3753 1404 3810 semper
1418 3737 1511 3805 ardet,
1536 3753 1599 3793 non
1614 3753 1732 3809 semper
1744 3736 1901 3794 flammam

185 3826 314 3885 nitiones
328 3825 448 3882 inerunt
456 3822 539 3879 bona
548 3820 696 3877 desideria
709 3819 817 3876 animae
828 3824 857 3876 et
866 3820 1017 3877 naturales
1070 3825 1170 3882 hahet,
1186 3829 1266 3883 Tune
1277 3831 1378 3883 autem
1391 3826 1468 3896 ignis
1489 3826 1520 3882 in
1534 3826 1690 3882 flammam
1719 3826 1912 3894 accendam-,5

186 3915 336 3990 appetitus
350 3911 494 3986 corporis.
511 3909 651 3977 Quandiu
665 3908 747 3966 enim
770 3923 910 3965 neccaro
935 3908 1015 3980 loris,
1071 3913 1194 3986 quando
1217 3914 1331 3987 peccati
1345 3914 1441 3971 iomes
1460 3915 1609 3988 usquead
1632 3914 1860 3970 delectationem
1875 3918 1912 3979 et,

184 4022 240 4063 nec
268 4004 370 4063 anima
396 4003 476 4061 intus
514 4000 628 4074 aliquid
651 3998 854 4057 inordinatum
882 3999 1014 4073 appetiit,
1070 4017 1251 4059 consensum
1275 4002 1443 4060 suscitatur.
1474 4005 1545 4069 tluae
1568 4002 1704 4059 videlieet
1724 4004 1850 4059 llamma
1871 4003 1914 4069 in,

184 4093 273 4171 quasi
284 4093 411 4161 munita,
426 4096 456 4150 et
469 4106 573 4149 secura
596 4089 719 4148 intentm
733 4087 864 4146 hominis
879 4088 910 4145 in
933 4088 1017 4145 omni
1071 4107 1146 4164 gyro
1159 4091 1302 4162 devorat,
1318 4092 1390 4164 qnia
1414 4091 1489 4149 sicut
1503 4093 1580 4148 tinea
1607 4092 1817 4148 vestimentum
1833 4108 1912 4162 eon-3

185 4184 302 4244 actione
318 4183 381 4241 luit.
412 4182 469 4240 Sed
483 4197 553 4238 cum
579 4178 727 4237 naturalia
750 4176 898 4234 desideria
913 4177 943 4233 in
958 4177 1017 4235 ille-
1071 4180 1171 4249 sumit,
1187 4181 1362 4256 itaquoque
1377 4181 1576 4253 integritatem
1591 4182 1699 4250 carnis,
1715 4198 1777 4254 qua
1800 4182 1907 4251 anima,

184 4275 326 4333 cebrosos
340 4272 490 4347 appetitus
511 4276 540 4328 et
552 4274 685 4328 terrenos
708 4267 831 4325 affectus
854 4267 1016 4339 degenera-
1034 4269 1202 4381 1'vestitum
1216 4286 1311 4345 prava
1325 4271 1480 4328 delectatio
1495 4271 1667 4344 corrumpit.
1683 4275 1715 4326 ln
1725 4286 1800 4344 gyro
1815 4270 1900 4327 devo

182 4367 300 4432 verunt,
316 4361 405 4437 quasi
417 4359 598 4418 munitiones
615 4356 737 4429 virginis
762 4355 839 4413 Juda
852 4354 882 4411 in
906 4359 1015 4412 terram
1071 4364 1126 4428 rat,
1142 4359 1214 4433 quia
1224 4376 1278 4434 per
1292 4376 1398 4416 omnes
1413 4376 1518 4416 sensns
1528 4360 1662 4433 eorporis
1677 4360 1716 4416 ad
1736 4360 1899 4415 castitatem

182 4453 324 4528 projecta
339 4454 418 4524 sunt,
433 4455 466 4507 ut
477 4450 542 4523 jam
563 4463 643 4505 nunc
657 4447 688 4502 in
713 4444 801 4503 bonis
826 4445 949 4502 intentio
963 4446 1016 4502 ho·
1071 4448 1180 4506 anunm
1193 4449 1369 4506 violandam
1387 4448 1623 4522 circumquaque
1633 4449 1715 4505 virus
1738 4448 1913 4521 corruptio.

182 4541 272 4599 minis
282 4557 388 4599 secura
399 4555 462 4598 non
477 4539 523 4608 sit,
539 4555 609 4595 eum
623 4535 709 4594 facile
722 4551 738 4591 e
749 4534 848 4591 vicino
871 4550 924 4608 per
937 4533 1016 4592 inor·
1071 4538 1118 4595 nis
1133 4537 1271 4607 infundit,
1287 4538 1335 4593 vel
1348 4553 1401 4610 per
1426 4553 1536 4610 gyrum
1550 4538 1700 4594 mumdum
1715 4538 1805 4594 istum
1827 4537 1898 4594 acei-

182 4630 287 4687 (ὶίρεῐε
295 4629 444 4686 desideria
460 4627 612 4701 eorrumpi
627 4642 662 4683 ac
681 4624 779 4699 decipi
801 4623 905 4697 possit.
932 4623 1014 4680 Unde
1070 4641 1141 4700 pere
1164 4641 1336 4701 possumus.
1364 4626 1610 4699 Concupiscentia
1625 4632 1726 4682 autem
1752 4626 1851 4682 earnis
1869 4625 1898 4681 in

182 4717 373 4789 subjungitur
388 4736 395 4774 ε
425 4716 531 4773 Polluit
552 4731 690 4786 regnum,
714 4718 742 4770 et
767 4713 918 4787 principes
938 4713 1013 4784 ejus.
1069 4730 1144 4788 gyro
1159 4714 1299 4784 devorat;
1314 4714 1386 4787 quia
1400 4715 1567 4788 peremnia
1581 4716 1671 4786 hrrjus
1686 4715 1794 4772 muudi
1804 4713 1898 4771 oblee-

180 4808 318 4876 llegnum
328 4805 437 4862 animae
448 4818 518 4860 caro
529 4803 593 4871 brit,
602 4802 739 4877 quandiu
753 4803 820 4876 ipsa
832 4802 863 4858 in
879 4817 910 4859 se
918 4804 1013 4858 neum
1067 4806 1201 4860 amenta
1211 4802 1391 4871 discurrens,
1408 4804 1555 4860 desideria
1569 4820 1624 4860 sua
1637 4804 1718 4862 mala
1733 4804 1840 4861 satiare
1859 4803 1899 4860 la·

180 4910 235 4970 per
247 4908 382 4953 amorem
408 4896 583 4964 regnantem
598 4891 713 4948 habuit.
741 4890 890 4963 Principes
918 4882 1012 4961 regni,
1066 4888 1163 4948 horat.
1179 4891 1312 4950 latendit
1332 4908 1435 4950 areum
1448 4909 1548 4962 sunm,
1562 4898 1617 4950 ete.
1636 4898 1668 4950 ln
1688 4910 1761 4950 arcu
1776 4893 1899 4950 commi·

73 4997 77 5005 '
179 4983 301 5043 vbtutes
326 4982 435 5042 anima
458 4980 586 5049 fuerunt,
602 4995 657 5057 per
685 4996 762 5054 quas
783 4979 885 5037 anima
913 4982 1012 5036 motus
1065 4980 1147 5038 natio
1162 4981 1322 5055 accipitur:
1335 4981 1629 5040 indexteralirmata
1652 4984 1813 5040 vehemens
1835 4999 1900 5054 ρετ

180 5072 278 5132 earnis
288 5076 318 5131 ot
327 5070 475 5146 appetitus
489 5069 572 5126 rexit.
588 5072 749 5140 Postquam
763 5071 864 5124 autem
892 5067 1011 5140 spiritus
1067 5069 1165 5127 cussie
1175 5074 1304 5127 notatur.
1315 5073 1392 5127 Dens
1401 5087 1472 5142 ergo
1483 5077 1512 5129 et
1522 5089 1625 5128 arcum
1636 5071 1737 5140 tendit,
1761 5076 1790 5127 et
1799 5070 1899 5127 dexte·

179 5168 284 5223 eonba
298 5166 393 5221 neum
407 5156 636 5229 tumultuatim
651 5155 871 5213 contumaciam
896 5160 1011 5213 contra·
1065 5174 1131 5215 ram
1141 5158 1240 5216 firmat
1254 5160 1325 5233 quia
1333 5162 1479 5234 peccandi
1492 5162 1617 5231 bomini,
1634 5164 1663 5218 et
1674 5162 1703 5217 in
1725 5160 1825 5216 futuro
1836 5177 1900 5233 pte·

178 5252 316 5314 dictionis
329 5251 360 5309 in
375 5264 464 5309 earne
476 5265 530 5306 sua
545 5246 674 5315 invenit;
690 5245 762 5319 quia
776 5248 836 5301 lieo
850 5244 1010 5318 disponen-
1065 5263 1120 5305 aas
1131 5254 1292 5324 perpetuas
1302 5251 1503 5307 comminatur
1515 5270 1521 5307 :
1535 5250 1897 5325 etinterimpnesentibus
1911 5291 1914 5297 .

177 5345 205 5398 te
216 5347 317 5400 aetum
328 5346 382 5411 est,
394 5344 427 5398 ut
442 5337 590 5397 munditia
605 5335 747 5394 castitatis
760 5334 792 5391 in
813 5333 1008 5408 pollutionem
1064 5338 1154 5395 eliam
1171 5339 1297 5410 flagellis
1309 5345 1426 5397 reatum
1441 5342 1507 5414 ejus
1514 5339 1674 5399 ulciscitur.
1696 5339 1782 5407 Quod
1796 5345 1900 5397 tamen

178 5430 425 5504 concupiscentiae
451 5428 599 5496 transiret,
635 5430 668 5483 ut
692 5424 745 5483 ubi
779 5424 862 5499 prius
887 5424 1008 5482 humilis
1062 5427 1326 5502 quoniamnonex
1342 5429 1395 5498 ira,
1409 5431 1462 5488 sed
1477 5429 1726 5489 exmiserieordia
1741 5434 1898 5501 operatur,

176 5516 369 5590 gloriabatur,
394 5519 448 5576 tibi
476 5518 623 5593 superbus
652 5514 848 5573 erubesceret.
871 5517 1006 5585 Regnum
1062 5532 1124 5573 non
1164 5516 1302 5574 inimicus
1342 5519 1395 5576 sed
1425 5519 1513 5593 quasi
1545 5519 1700 5586 inimicus,
1741 5522 1769 5573 et
1808 5518 1900 5592 quasi

175 5622 247 5683 ergo
259 5607 401 5682 cidanea
420 5613 465 5674 est
477 5609 585 5676 manae
596 5610 625 5670 et
634 5605 784 5682 principes
795 5605 870 5681 ejus,
896 5603 1007 5668 scilieet
1060 5605 1153 5667 bostis
1168 5605 1283 5668 dicitur.
1297 5607 1383 5677 Quod
1396 5608 1456 5683 legi
1469 5608 1560 5672 etiam
1570 5607 1654 5668 aliter
1666 5610 1774 5684 poesi.
1783 5609 1900 5672 ltrcum
