3832 6044
316 261 488 316 annotat.
507 259 689 315 ELUllllltlT.
705 258 738 311 ΙΝ
754 253 1038 311 PENTATEUCHON.
1056 282 1089 293 -
1103 253 1136 308 ΙΝ
1153 252 1260 308 LEVlT.
1614 254 1647 307 82

79 389 263 446 tretaiietem
275 386 502 442 lininuculatum
515 384 551 440 de
565 383 702 454 gregibus
719 396 764 437 sa·
783 383 806 435 h
818 380 1021 452 pollutaque
1031 377 1123 435 ederit
1135 376 1171 433 de
1184 374 1647 444 cornibustortiapacificorum,

80 475 765 544 uxtomuuuramoestinratioucurquepcccutr.
822 473 876 525 etc.
893 469 979 535 Quod
1002 468 1050 524 hic
1064 466 1135 523 dicit
1163 465 1296 522 animam
1321 464 1467 538 polutam,
1491 466 1519 520 et
1543 467 1650 537 postea

79 567 187 625 datum
211 566 250 623 ab
272 581 308 622 eo
331 564 413 639 quod
428 564 565 637 superius
591 561 673 619 dixit.
702 561 768 616 Aui-
822 557 999 629 subjunxit:
1042 557 1219 626 Auimoqua’
1259 555 1389 624 tetigerit
1428 553 1649 610 iuimuuditium

80 657 198 732 populo
212 661 297 713 terrae
311 670 366 728 per
379 653 579 725 ignorantiam
592 656 767 726 peccantem
823 648 969 705 dominis:
995 647 1033 703 dc
1066 645 1188 718 propria
1214 643 1403 700 immunditia
1431 641 1553 713 intelligi
1575 642 1647 711 vult,

79 747 172 805 itione
186 763 242 802 sua
264 760 388 819 capram
410 743 519 800 dehere
543 743 648 800 offerro
665 760 671 798 :
688 742 717 798 in
732 757 768 798 eo
821 743 850 796 et
864 738 961 796 aliena
975 737 1172 810 inquinatam.
1202 735 1275 791 Hoer
1294 741 1336 790 est
1350 735 1451 790 unctio
1474 734 1588 791 Aaron.
1618 738 1650 791 ln

81 836 172 894 detur
186 834 324 909 quodibi
347 833 546 906 praevaricans
572 833 602 889 in
617 831 767 889 mandatis
823 829 945 886 Hebraeo
970 832 1022 885 est.
1057 830 1269 897 augmentum,
1299 824 1410 880 scilicet
1436 825 1519 897 quod
1546 825 1650 881 datum

80 925 238 983 offendisse
259 923 375 980 dicitur.
403 923 452 979 llic
468 926 568 979 autem
593 938 654 979 non
670 921 767 977 solum
822 926 865 977 cst
879 921 905 976 ei
917 937 934 976 a
948 918 1074 976 Domino
1097 916 1162 988 lege
1182 920 1326 990 perpetua
1341 914 1378 970 de
1394 914 1546 970 sacrificiis
1569 914 1651 973 obla·

79 1015 147 1073 latis
166 1013 293 1081 Domini,
311 1011 363 1069 sed
386 1012 475 1069 etiam
494 1012 525 1068 in
548 1012 674 1069 Domino
698 1011 767 1068 dali-
823 1012 858 1069 tis
872 1028 889 1068 a
905 1010 1019 1084 populo
1034 1008 1139 1081 lsrael,
1152 1007 1260 1065 dicitur
1274 1021 1338 1063 esse
1354 1006 1419 1077 ejus
1433 1004 1534 1062 unctio
1548 1005 1579 1061 in
1593 1005 1651 1062 hoc

80 1109 242 1163 emoratur.
270 1102 352 1160 Unde
365 1101 577 1159 convenienter
597 1100 767 1171 intelligitur
821 1103 901 1160 data.

80 1211 116 1252 eo
141 1192 283 1250 delictum
308 1190 479 1262 significari,
500 1207 561 1264 quo
584 1191 614 1247 in
630 1190 766 1257 Domino,
857 1193 961 1263 (Lern.
975 1189 1053 1261 Vlll).
1066 1189 1192 1258 Adipeur
1204 1202 1283 1260 uero,
1295 1193 1323 1244 et
1334 1187 1462 1245 caudam
1471 1191 1585 1260 septem
1592 1186 1652 1242 die·

86 1283 134 1351 iis,
150 1297 218 1356 quae
234 1280 400 1337 santificata
420 1283 490 1335 sunt
512 1279 648 1345 Domine,
665 1293 767 1351 pecca·
821 1282 879 1339 hus
893 1280 1005 1355 quibus
1020 1278 1221 1336 sanctificatus
1235 1282 1279 1334 est
1290 1281 1398 1345 Aaron,
1411 1281 1439 1334 et
1449 1277 1609 1334 instructus
1621 1277 1652 1334 in

80 1371 139 1429 ein
153 1386 189 1427 eo
204 1369 336 1427 solum'a
350 1367 535 1442 praecedente
549 1367 668 1434 distare,
684 1364 767 1440 quod
821 1370 1020 1428 sacerdotium
1035 1366 1202 1425 immolavit
1215 1368 1328 1440 Moyses
1343 1368 1430 1440 quasi
1454 1382 1591 1423 summus
1606 1382 1652 1424 sa·

80 1477 153 1518 unm
166 1459 299 1526 infertur,
321 1463 349 1515 et
368 1462 525 1532 peccatum
550 1456 761 1523 committitur;
822 1460 937 1526 cerdos,
953 1463 981 1517 et
999 1458 1113 1531 accepit
1126 1457 1166 1515 ab
1186 1461 1295 1524 Aaron,
1311 1460 1340 1513 et
1362 1455 1429 1512 tiliis
1452 1456 1517 1527 ejus
1533 1471 1569 1511 ea
1583 1469 1652 1528 quae

80 1566 150 1626 ique
168 1550 316 1607 damnum
338 1564 407 1605 cum
428 1547 533 1621 quinta
555 1551 639 1620 parte
663 1545 765 1603 addita
819 1555 923 1624 postea
937 1553 1115 1623 accepturus
1129 1553 1193 1606 erat
1207 1552 1305 1605 Aaron
1321 1561 1339 1603 a
1353 1550 1458 1604 caetero
1481 1545 1596 1619 populo
1610 1544 1653 1603 ot-

80 1641 99 1709 i,
113 1645 144 1698 et
156 1644 314 1713 peecatum
330 1654 384 1711 per
408 1638 506 1694 arietis
528 1637 765 1693 immolationem
819 1641 939 1708 terente,
952 1642 980 1696 et
994 1637 1170 1695 sacrificavit
1185 1653 1275 1710 super
1294 1635 1385 1693 altare
1398 1636 1564 1694 holocausti
1579 1651 1652 1710 quo-

80 1729 183 1786 rhetur
197 1748 203 1784 :
219 1727 267 1785 hic
282 1732 391 1794 autem,
405 1726 476 1799 quia
488 1726 635 1783 damnum
650 1724 764 1781 illatum
781 1739 801 1793 Β
821 1730 901 1797 tidie,
917 1728 1000 1803 quod
1012 1728 1098 1784 unxit
1112 1727 1142 1783 iu
1153 1727 1251 1800 primo
1266 1725 1385 1783 illorum
1398 1730 1512 1799 septem
1522 1725 1650 1794 dierum,

80 1817 179 1874 solnm
193 1821 351 1890 peccatum
367 1815 466 1871 arietis
479 1814 682 1871 immolatione
697 1829 766 1886 pur·
819 1820 870 1893 qui
886 1818 1006 1875 luerunt
1019 1816 1049 1873 in
1069 1817 1128 1874 fine
1150 1816 1239 1890 primi
1259 1815 1340 1872 anni.
1362 1818 1404 1872 lta
1421 1815 1505 1889 quod
1528 1820 1652 1873 octavus

80 1906 252 1964 tividelicot
263 1906 338 1962 arios
352 1903 452 1961 offerri
462 1903 584 1976 jubetur
599 1904 765 1960 seeundum
819 1926 880 1983 quo
895 1912 994 1965 Aaron
1009 1907 1098 1980 coepit
1115 1905 1292 1974 sacrificare,
1315 1904 1370 1961 luit
1393 1903 1509 1978 primus
1530 1904 1594 1960 dies
1609 1920 1652 1960 se·

80 2013 116 2066 n,
132 2001 162 2053 et
178 1995 405 2052 estimationem
433 1994 546 2067 peccati
571 1993 766 2066 scilicetpraa-
820 1998 911 2056 eundi
939 1998 1033 2066 anni;
1058 1999 1087 2054 et
1107 2012 1143 2053 eo
1156 1996 1205 2052 die
1228 2011 1367 2067 egressus
1386 2010 1404 2050 a
1425 1993 1552 2051 Domino
1574 1993 1652 2064 ignis

80 2086 176 2160 tquio
202 2085 282 2142 idem
303 2085 350 2141 hic
375 2088 419 2140 est
442 2088 609 2157 peccatum,
625 2084 765 2157 quamtis
819 2088 986 2147 combussit
1003 2087 1213 2145 holocaustum
1234 2091 1342 2143 aaron.
1364 2088 1438 2142 Nam
1461 2087 1575 2157 lloyses
1588 2099 1653 2158 sep

81 2191 101 2233 e
116 2176 276 2233 damnum.
295 2174 456 2247 Utrobique
471 2173 552 2230 enim
563 2173 705 2229 ineodom
718 2188 766 2243 ge·
820 2184 879 2236 tem
895 2177 1132 2252 praecedentibus
1144 2176 1251 2232 diebus
1261 2176 1330 2246 igno
1341 2179 1457 2232 terreno
1469 2173 1653 2231 sacrificare

80 2270 168 2333 actm,
182 2265 321 2338 quamvis
342 2263 468 2320 diversis
488 2263 597 2320 modis.
626 2266 660 2320 Ut
682 2262 765 2318 verbi
819 2273 873 2326 rat.
898 2266 1010 2324 Eodem
1035 2271 1141 2324 octavo
1165 2265 1212 2321 dic
1234 2263 1349 2331 Nadab,
1369 2267 1398 2319 et
1409 2263 1487 2319 Abiu
1501 2267 1571 2319 sunt
1584 2277 1653 2320 con-

91 2354 237 2420 tollendo,
248 2358 277 2410 et
287 2352 463 2426 usurpando
473 2352 570 2409 illicite
583 2357 704 2417 saucta;
717 2352 764 2408 hic
820 2356 930 2433 sumpti
945 2356 1014 2428 igne
1038 2353 1271 2428 vindictaque
1291 2357 1360 2427 post
1381 2352 1531 2409 coelestem
1550 2352 1651 2424 ignem

81 2442 267 2512 intingendo,
292 2443 371 2499 unde
396 2442 548 2514 sequitur:
565 2442 630 2509 Oui,
657 2441 766 2498 scilicet
819 2447 946 2504 missum
961 2462 980 2504 a
994 2445 1121 2502 Domino
1143 2444 1274 2502 ahenum
1291 2443 1391 2513 ignem
1410 2441 1583 2499 intulerrmt.
1600 2441 1652 2499 Co

81 2580 83 2593 ,
111 2532 211 2590 orabit
222 2548 280 2602 pro
295 2548 337 2604 eo,
353 2534 424 2603 quio
437 2533 568 2588 nesciens
590 2532 697 2600 fecerit
712 2548 722 2586 .·
737 2537 765 2588 et
819 2539 901 2609 quite
914 2550 1020 2594 carnea
1034 2540 1105 2593 oute
1117 2536 1198 2605 fores
1215 2533 1413 2591 tobuuucuti.
1441 2531 1522 2589 Sicut
1532 2529 1599 2588 laici
1610 2530 1652 2588 ta-

81 2624 149 2696 rci,
162 2622 233 2694 quiet
239 2637 298 2692 per
308 2636 438 2678 errorem
449 2620 574 2693 deliquit
584 2622 615 2678 iu
626 2622 762 2678 Domino.
819 2625 937 2683 ciebant
950 2626 988 2696 de
1018 2624 1159 2682 carnibus
1178 2622 1374 2697 pacificorum
1393 2637 1461 2694 qua
1476 2619 1650 2691 offerebant,

81 2729 103 2771 0
118 2711 161 2769 sic
175 2711 323 2769 hebetiuz
340 2709 555 2767 Remissionem
570 2709 656 2767 faciet
675 2727 765 2783 super
819 2716 858 2773 ita
874 2714 1033 2790 oportebat
1046 2717 1145 2772 Aaron
1159 2718 1186 2770 at
1204 2711 1281 2769 filios
1296 2711 1361 2783 ejus
1375 2710 1472 2769 tacere
1486 2711 1517 2768 in
1529 2711 1587 2768 hac
1603 2727 1652 2768 eo

81 2801 160 2859 :rdos
173 2816 229 2874 pro
243 2815 342 2858 errore
363 2815 424 2872 quo
439 2799 556 2866 erravit,
573 2803 601 2855 et
615 2800 739 2858 nescivit
754 2819 761 2858 ι
818 2823 887 2863 rum
901 2805 1063 2864 oblatione.
1081 2807 1113 2861 Et
1126 2806 1241 2876 Moyses
1254 2806 1371 2860 tantum
1384 2800 1454 2858 inde
1474 2801 1650 2876 accipiebat,

81 2897 133 2948 tur
147 2890 174 2946 ei
189 2889 278 2963 culpa
301 2888 351 2946 illa
363 2904 425 2961 qua
438 2904 566 2961 peccans
586 2890 719 2961 peccavit
733 2890 763 2945 in
817 2900 966 2970 quantum
981 2899 1079 2952 Aaron
1098 2898 1203 2969 postea
1218 2909 1236 2949 a
1251 2892 1363 2950 caeteris
1378 2896 1556 2965 accepturus
1578 2898 1650 2952 erat.

81 2978 192 3038 militer
205 2979 235 3035 in
249 2978 383 3053 sequenti
399 2976 539 3052 capitulo.
817 2986 900 3043 Sicut
913 2988 1032 3056 factum
1054 2990 1096 3041 est
1119 2984 1150 3040 in
1170 2983 1414 3054 praesentiarum.
1436 2981 1527 3048 Quasi
1547 2982 1650 3040 dicat:

81 3071 142 3143 vt.)
157 3070 278 3141 Aninio,
292 3084 357 3141 qua
368 3069 548 3138 peccauerit,
564 3075 591 3124 et
607 3076 762 3141 comtuap
782 3096 802 3151 C
821 3074 1004 3133 sicutmodo
1018 3073 1180 3130 instituitur
1199 3077 1228 3130 et
1249 3070 1450 3128 sanctificatur
1470 3075 1579 3138 Aaron,
1602 3087 1651 3129 eo-

81 3176 130 3229 uo,
157 3161 310 3230 negaverit
339 3160 480 3230 proximo
502 3174 555 3214 suo
587 3159 763 3230 depositum,
818 3165 887 3222 dem
902 3165 994 3222 modo
1010 3178 1155 3236 sequaces
1169 3161 1443 3233 cjusinstituentur.

81 3253 115 3318 st,
137 3248 190 3323 qui
213 3252 384 3322 contempto
410 3247 536 3304 nomino
561 3248 698 3305 conscius
722 3254 765 3306 est
854 3255 957 3326 (Lern.
974 3253 1026 3326 lll).
1042 3253 1186 3323 Dicitque
1200 3252 1367 3322 oddoron,
1380 3250 1452 3306 tolle
1466 3250 1502 3305 de
1515 3255 1650 3308 omento

81 3339 276 3413 tdepositum
290 3342 389 3408 negat,
413 3342 441 3394 et
459 3340 566 3394 cetera
580 3353 647 3410 quai
663 3339 764 3397 subse·
819 3344 947 3401 uitulum
956 3359 1015 3414 pro
1027 3347 1161 3414 peccato.
1178 3341 1271 3413 llujus
1286 3353 1401 3407 carnes,
1422 3337 1494 3413 quia
1508 3354 1563 3412 pro
1583 3355 1650 3413 pec-

107 3428 207 3486 arietis
239 3427 442 3484 immolatione
468 3426 581 3499 expiari
614 3426 762 3496 jubetur;
819 3437 885 3491 cato
896 3431 1057 3491 sacerdotis
1071 3431 1190 3490 oblatus
1203 3430 1266 3499 tuit,
1283 3446 1352 3487 cum
1366 3427 1442 3503 pelle
1457 3431 1539 3487 extra
1553 3433 1651 3490 castra

82 3517 191 3577 eadem
211 3517 407 3574 estimatione
431 3517 544 3573 dictum
564 3520 608 3572 cst
628 3532 697 3573 cum
718 3535 764 3574 su·
819 3521 1097 3589 comburebantur;
1122 3520 1198 3577 aries
1228 3518 1359 3577 similiter
1382 3519 1412 3575 in
1439 3518 1650 3578 holocaustum

88 3628 95 3666 :
113 3607 304 3666 cremabitur
322 3609 353 3663 iu
376 3607 471 3664 ulturi
492 3612 553 3663 tota
572 3612 658 3664 nocte
672 3623 765 3680 usque
818 3611 936 3669 ohlatus
950 3615 1027 3669 totus
1045 3609 1245 3667 cremabatur.
1266 3612 1321 3666 Pro
1336 3613 1460 3685 peccato
1475 3614 1576 3667 autem
1599 3626 1650 3684 po·

103 3696 281 3773 quotidiano
295 3696 421 3753 intendit
442 3696 628 3765 holocausta,
651 3713 706 3755 nec
720 3703 763 3756 est
817 3703 881 3778 puli
895 3701 1036 3760 mactavit
1050 3701 1179 3768 hircum,
1194 3700 1319 3757 vitulum
1334 3704 1362 3756 et
1372 3715 1485 3771 agnum
1502 3719 1508 3768 ;
1524 3699 1554 3757 in
1567 3699 1651 3757 holo

82 3804 128 3845 rm
158 3804 164 3842 :
193 3803 286 3861 quare
318 3787 366 3843 hic
399 3787 602 3859 praetermittat
633 3787 670 3843 dc
700 3804 764 3845 ves·
818 3797 955 3852 caustum
975 3792 1085 3850 bovem
1101 3795 1129 3847 et
1143 3790 1276 3858 arietem,
1292 3790 1403 3847 hostias
1425 3788 1575 3862 pacificas.
1592 3792 1649 3846 Nec

82 3894 149 3936 cum
178 3882 245 3935 ante
270 3878 300 3932 in
326 3876 427 3933 Exodo
451 3877 627 3949 praemiserit
641 3877 678 3934 de
701 3894 762 3936 ma·
818 3882 1050 3941 estcontrarium
1065 3881 1148 3955 quod
1163 3895 1254 3954 supra
1270 3880 1412 3954 praecepit
1427 3897 1433 3935 :
1450 3894 1505 3953 pro
1525 3883 1649 3953 peccato

818 3972 906 4030 totius
918 3971 1116 4030 multitudinis
1135 3969 1284 4028 immolari
1304 3969 1441 4040 vitatum,
1460 3969 1508 4026 hic
1532 3968 1649 4027 hircum

92 4059 162 4130 Vll.)
178 4057 329 4130 Quidquid
342 4058 373 4113 in
398 4058 557 4128 craticula,
577 4059 630 4113 vet
647 4059 678 4113 iu
700 4072 762 4114 aar·
817 4063 888 4136 quia
902 4062 1012 4135 ibipro
1036 4065 1116 4118 certo
1138 4060 1244 4118 delicto
1259 4060 1432 4128 commisso,
1452 4058 1500 4116 hie
1515 4075 1571 4132 pro
1585 4059 1650 4116 uni·

82 4152 248 4219 epuratur,
264 4149 321 4203 erit
343 4147 505 4204 sucerdotis
520 4161 538 4202 o
552 4163 610 4218 quo
624 4148 760 4218 offertur.
817 4152 933 4218 versati,
949 4156 978 4208 et
990 4150 1030 4207 ibi
1044 4167 1179 4208 seorsum
1191 4166 1245 4224 pro
1257 4149 1457 4217 multitudine,
1469 4153 1498 4206 et
1512 4164 1648 4207 scorsum

82 4252 165 4310 igue,
191 4242 223 4294 ut
249 4235 417 4295 subinferas
433 4255 439 4303 ;
466 4234 524 4293 alia
551 4236 673 4306 oblatio,
702 4241 762 4296 aire
817 4257 871 4315 pro
885 4239 1090 4314 principibus;
1108 4239 1155 4296 hic
1169 4237 1258 4295 simul
1267 4253 1322 4311 pro
1336 4237 1532 4312 principibus,
1547 4241 1575 4293 et
1590 4241 1648 4292 tur·

82 4343 191 4401 tperaa,
219 4329 281 4384 sive
307 4328 396 4384 arido
422 4327 528 4397 saeuit,
554 4334 662 4385 cuncto
689 4329 760 4395 titiis
815 4330 865 4398 ba,
881 4333 910 4386 et
924 4328 991 4386 ideo
1006 4332 1083 4385 recte
1097 4328 1208 4394 hircus,
1225 4331 1254 4383 et
1266 4325 1387 4382 vitulus.
1415 4324 1471 4382 Sed
1486 4324 1570 4397 quod
1580 4327 1648 4396 post

82 4433 132 4491 ruo
145 4432 287 4475 mensuro
301 4417 453 4474 dividetur
463 4431 520 4487 per
539 4417 681 4488 dirqutos.
710 4417 760 4472 Vel
779 4451 801 4505 D
816 4420 933 4476 hircum
947 4418 1102 4490 subjunxit
1115 4415 1251 4483 vitulum,
1267 4414 1394 4470 dubium
1405 4417 1449 4470 est
1463 4428 1502 4470 an
1515 4427 1570 4485 pro
1580 4427 1648 4485 peo-

82 4507 176 4576 dotis,
196 4506 269 4581 quia
288 4507 327 4563 ad
341 4523 430 4563 usum
452 4505 598 4564 laicorum
619 4521 680 4563 non
696 4522 760 4579 per·
816 4514 892 4578 cato,
916 4524 955 4564 an
979 4508 1009 4564 in
1031 4506 1240 4563 holocaustum
1265 4503 1310 4559 sit.
1325 4503 1444 4574 Absque
1465 4503 1647 4560 curuueuiis

82 4601 112 4654 ut
123 4598 156 4654 in
169 4596 302 4671 pacificis
317 4615 324 4665 ;
340 4597 394 4654 sed
412 4597 480 4654 liliis
493 4603 590 4656 Aaron
608 4596 761 4669 equaliter
816 4598 983 4655 holocausti
1006 4596 1158 4662 matutini,
1175 4594 1263 4650 idest
1283 4607 1373 4664 agno,
1388 4592 1440 4667 qui
1461 4592 1604 4667 quotidie,
1619 4593 1647 4650 et

100 4686 150 4744 Ea
166 4686 273 4758 quitus
296 4702 373 4744 renue
391 4703 449 4758 pro
469 4687 613 4758 primitiis
634 4686 761 4755 offertur
815 4702 914 4755 mane,
942 4691 971 4744 et
993 4701 1116 4758 vespere
1145 4683 1335 4741 offerebatur.
1359 4682 1467 4754 sicque
1494 4683 1647 4754 ceraptatis

82 4779 115 4834 ln
129 4775 275 4834 sacrificio
290 4776 484 4850 pacificorum
498 4781 628 4849 quatuor
640 4773 761 4830 diversi·
816 4778 918 4835 tortio
927 4792 986 4848 pro
994 4780 1128 4846 peccato,
1144 4781 1172 4832 et
1186 4774 1367 4832 holocaustis
1377 4774 1513 4845 pacificis
1530 4774 1647 4832 desem·

82 4880 143 4924 mes
164 4865 376 4932 offerebantur,
398 4863 483 4921 etde
508 4879 693 4939 unoquoque
713 4877 761 4933 ge·
815 4868 869 4923 dit.
881 4870 945 4924 Non
967 4863 1121 4922 descendit
1141 4863 1179 4921 dc
1198 4863 1353 4936 gradibus,
1368 4864 1440 4939 quia
1461 4863 1645 4938 prohibitum

82 4953 289 5013 sotlerebatur
302 4953 447 5012 sacerdoti
466 4953 506 5011 ita
520 4954 670 5028 propriae,
686 4953 761 5010 sicut
816 4960 928 5013 eratne
943 4955 1086 5026 gradibus
1106 4954 1145 5011 ad
1169 4954 1259 5012 altare
1283 4954 1494 5012 ascenderetur
1508 4974 1515 5023 ;
1541 4954 1592 5010 scd
1607 4954 1645 5009 de

112 5044 251 5120 lteliquos
283 5048 383 5101 autem
415 5043 546 5101 habebat
576 5045 678 5111 homo,
708 5042 760 5117 qui
816 5046 916 5119 aliquo
931 5045 1004 5103 torte
1027 5045 1213 5102 eminentiori
1228 5043 1294 5103 loco
1308 5045 1338 5100 in
1354 5042 1469 5118 quoad
1487 5057 1572 5099 oram
1588 5046 1644 5097 sta·

99 5133 138 5192 de
159 5134 225 5192 liliis
244 5134 343 5201 lsrael,
368 5139 397 5191 et
423 5133 599 5191 comedebat
619 5135 650 5192 in
674 5137 758 5194 atrio.
815 5136 867 5193 bat
878 5139 911 5193 ut
930 5140 999 5209 apte
1019 5135 1187 5192 mtnistrare
1207 5139 1317 5210 posset,
1341 5149 1379 5190 ne
1396 5130 1519 5190 altitudo
1544 5128 1643 5186 altaris

83 5240 92 5281 r
107 5225 235 5295 tetigerit
249 5223 367 5295 aliquid
380 5225 577 5297 immundum,
593 5241 652 5282 uon
668 5241 760 5285 come-
814 5227 1029 5301 impedimento
1043 5231 1129 5283 esset.

83 5313 300 5371 teomiuretur
311 5314 384 5385 igni.
401 5313 459 5382 Qui
470 5313 565 5384 suerit
578 5316 759 5390 immundus,
850 5318 953 5390 (Lern.
968 5317 1023 5390 lll.)
1039 5317 1190 5389 Quidquid
1199 5315 1334 5373 ambulat
1344 5311 1461 5384 quidem
1471 5323 1562 5379 super
1572 5324 1644 5383 quo-

83 5418 117 5462 ta
129 5418 175 5460 eo.
192 5405 224 5458 ln
242 5403 367 5459 Hebraeo
385 5401 427 5459 sic
441 5403 588 5460 habetur:
606 5406 680 5461 Caro
692 5422 760 5480 quae
816 5414 884 5464 tuor
895 5408 995 5480 pedes,
1010 5408 1061 5465 sed
1075 5408 1161 5464 iubet
1171 5406 1308 5476 longiora
1318 5407 1398 5459 retro
1408 5415 1510 5458 crura.
1522 5403 1644 5477 Propter

83 5507 172 5551 omne
198 5492 356 5566 pollutum,
385 5508 447 5549 non
478 5492 677 5563 comedetur;
708 5496 761 5554 sed
815 5497 880 5554 illos
894 5501 1024 5571 quatuor
1035 5496 1126 5569 pedes
1136 5492 1300 5562 debetis,id
1312 5496 1357 5549 est
1369 5491 1491 5566 potestis
1506 5493 1643 5553 comede·

83 5599 124 5642 nr
134 5582 208 5654 igni,
223 5588 252 5641 et
262 5598 343 5640 caro.
359 5583 461 5640 Omnis
475 5583 649 5641 immundus
664 5601 761 5643 come·
814 5602 856 5655 re,
872 5590 900 5643 et
913 5584 951 5642 de
974 5584 1146 5642 volucribus
1167 5582 1216 5640 hic
1235 5581 1341 5654 agitur.
1367 5582 1469 5641 omnis
1493 5598 1642 5659 aquarum

83 5688 126 5741 m,
140 5668 229 5747 ¹qnod
248 5671 290 5729 aio
311 5670 433 5742 intelligi
453 5674 572 5744 potest;
594 5673 646 5746 qui
667 5673 761 5748 pollu-
814 5673 1007 5745 congregatio
1025 5672 1140 5730 munda
1154 5672 1227 5744 erit;
1246 5671 1395 5748 quidquid
1408 5672 1439 5730 in
1453 5688 1522 5732 eam
1543 5672 1641 5742 cadat,

83 5759 437 5828 omodotiliamcarnem,
447 5760 640 5821 mundusest.
650 5763 761 5822 Animo
814 5764 882 5837 ipsa
895 5777 957 5820 non
971 5765 1069 5835 potest
1080 5762 1238 5832 immunda
1250 5762 1326 5832 fleri,
1340 5762 1479 5823 sicutneo
1491 5761 1573 5831 rous,
