3832 6044
97 111 150 166 ott
277 109 429 164 HUGONIS
449 108 494 164 DE
515 108 543 163 S.
566 105 715 183 victoni}
735 105 810 160 Ol'l‘.
831 101 919 158 PARS
940 63 960 157 l.
980 130 1015 140 -
1035 101 1237 158 execante.
1258 128 1291 138 —
1311 101 1345 157 ll.
1365 100 1399 154 IN
1419 97 1631 154 casertan.

97 232 231 306 tiplicitcr
244 230 401 288 declarans
412 232 493 299 ipsas
508 230 617 286 scilicet
630 230 694 300 jnm
712 228 806 284 dictas
820 227 926 282 imma·
944 227 967 280 Α
982 229 1010 280 et
1022 224 1316 299 contemplationem,
1329 222 1386 279 nisi
1400 237 1445 290 ea,
1463 244 1477 271 »ι
1503 237 1572 295 quae
1584 219 1742 277 secundm

97 321 222 389 teriales,
245 320 331 375 idest
346 319 513 393 spirituales
537 323 566 375 et
583 317 735 388 angelicas
746 314 926 371 hierarchias
982 330 1049 370 sum
1063 319 1107 370 est
1127 312 1274 370 materiali
1289 311 1523 368 manuductione
1548 314 1664 366 utatur.
1681 312 1742 366 Nor

95 409 309 479 materialibus,
325 407 356 465 id
376 412 420 465 est
430 407 637 480 corporalibus
650 411 678 462 ct
691 405 868 472 visibilibus,
881 402 928 459 vel
981 402 1113 459 terialem
1128 401 1313 476 spiritualem
1340 400 1546 467 imitationem,
1568 399 1620 455 vel
1635 401 1742 455 conten

97 500 264 557 secundum
279 498 407 555 visibilia
420 497 548 570 sumptis
568 496 672 566 figuris
690 500 718 552 et
739 492 929 566 compositio·
981 491 1093 548 tionem
1119 492 1189 548 dicit
1217 495 1246 547 et
1269 489 1507 563 incorporalem
1535 487 1689 561 quoniam
1719 503 1742 543 οι

96 588 185 644 nibus
198 587 385 656 formalibus,
400 587 457 643 hoc
472 591 517 643 ost
530 586 607 658 aptis
620 590 648 641 et
663 586 864 657 competenter
886 597 929 637 εε-
982 581 1065 653 quod
1080 579 1234 654 corporale
1249 583 1301 647 est,
1319 595 1354 635 cx
1369 578 1494 635 materia
1510 581 1564 634 est.
1582 575 1741 649 spirituali

97 676 386 734 cundumrationem
410 674 624 732 formationum
643 673 800 747 expressis,
830 670 927 738 tradit,
982 675 1042 726 tem
1057 669 1279 726 naturamcrito
1295 668 1497 725 immaterialis
1516 666 1637 733 dicitur,
1662 681 1742 738 quon

97 766 154 821 hoc
169 769 213 821 est
229 764 352 821 instituit
374 763 472 837 ipsam
487 763 620 819 videlicet
635 761 855 819 sanctissimam
877 775 929 816 no·
982 774 1080 831 neque
1095 757 1269 815 camaleria
1285 761 1338 828 est,
1352 761 1384 813 ut
1397 756 1433 812 sit
1446 756 1483 812 dc
1497 755 1566 827 alio,
1575 769 1681 827 neque
1696 768 1742 810 ma

98 859 190 909 stram
210 852 419 923 hierarchiam,
436 855 469 907 ut
482 852 512 907 in
527 852 584 908 hoc
606 866 727 923 quoque
741 849 816 906 ratio
831 864 928 905 serva·
982 852 1161 921 essepotest,
1176 852 1209 904 ut
1227 848 1264 904 de
1277 847 1342 919 ipsa
1358 847 1394 902 sit
1408 845 1499 902 aliud.
1515 841 1703 902 tlatemalem
1722 858 1742 898 a

98 947 179 997 retur
202 940 363 996 visibilium
390 939 680 997 demonstrationum
696 939 736 996 ad
750 937 928 995 invisibilem
982 937 1249 993 manuductionem
1272 934 1439 1008 corporalia
1459 933 1545 1003 signa
1573 931 1728 1002 intelligit,

99 1029 263 1097 veritatem,
280 1033 311 1084 ut
333 1044 388 1084 uos
408 1029 608 1085 ascendamus
628 1028 667 1085 ab
686 1028 759 1101 ipsis
769 1026 928 1085 sacratissi-
982 1045 1050 1084 rum
1063 1027 1151 1101 quasi
1162 1025 1397 1084 manuductione
1412 1039 1497 1081 mens
1508 1024 1650 1079 humana
1674 1021 1742 1078 utitt

99 1117 156 1173 mis
170 1116 408 1183 formationibus,
425 1117 573 1190 qriaeforis
590 1118 629 1174 ad
642 1116 928 1173 demonstrationem
983 1133 1019 1172 ex
1033 1116 1200 1173 visibilibus
1214 1116 1253 1174 ad
1279 1113 1472 1171 invisibilium
1494 1111 1699 1168 imitationem
1713 1114 1742 1167 et

99 1209 318 1278 proponuntur,
341 1206 381 1261 ad
406 1205 575 1262 altitudines
601 1211 630 1263 et
648 1204 854 1262 similitudines
867 1219 929 1260 nou
983 1205 1206 1278 templationem
1222 1204 1375 1274 dirigatur.
1401 1202 1446 1258 Ad
1469 1200 1673 1259 imitationem
1699 1215 1742 1274 qu

99 1284 253 1364 figuratas,
269 1295 326 1350 hoc
340 1298 385 1351 est
399 1292 548 1367 simplices
571 1298 600 1350 et
620 1293 796 1366 spirituales.
821 1296 929 1349 aseen-
982 1311 1036 1368 per
1050 1294 1221 1351 exercitium
1233 1292 1348 1351 virtutis
1365 1310 1371 1361 ;
1386 1292 1425 1348 ad
1438 1289 1731 1363 contemplationem

99 1383 208 1439 damus
232 1382 299 1439 dico
314 1383 576 1456 proportionaliter
597 1383 685 1440 uobis
707 1383 789 1456 ipsis,
805 1383 862 1438 hoc
875 1384 927 1450 est,
983 1381 1404 1456 percognitionem'veritatis.
1421 1383 1603 1437 Notaautem
1612 1394 1733 1435 novam

99 1471 266 1528 secundum
294 1472 520 1544 proportionem
542 1476 571 1528 et
595 1487 769 1529 mensuram
796 1471 930 1544 spiritua·
983 1472 1162 1545 positionem
1177 1476 1206 1528 et
1221 1470 1446 1527 similitudinem
1460 1483 1573 1525 novam
1587 1468 1620 1524 in
1636 1482 1742 1540 coqu<

99 1560 173 1617 lium
188 1560 338 1616 donorum
348 1560 506 1617 illuminati
520 1577 573 1633 per
587 1576 632 1630 ca,
646 1577 714 1634 quor
728 1560 799 1618 foris
811 1564 889 1627 sunt,
899 1559 930 1615 in
949 1583 969 1636 g
983 1561 1188 1618 manuductio.
1205 1563 1283 1618 licus
1298 1558 1406 1615 etenim
1425 1557 1556 1614 hominis
1580 1555 1719 1612 tenebris

99 1649 292 1706 invisibilium
305 1650 498 1721 agnitionem,
525 1651 604 1709 etad
620 1651 790 1720 sublimem,
818 1654 847 1707 ct
860 1650 930 1706 sim·
984 1650 1087 1707 rantire
1102 1666 1164 1705 sure
1179 1648 1322 1709 obvoluta
1336 1648 1374 1703 ari
1390 1647 1492 1703 lumen
1505 1644 1642 1702 veritatis
1659 1644 1742 1701 exire

100 1740 218 1814 plicam,
243 1745 272 1796 et
285 1739 425 1797 camdem
451 1757 569 1815 semper
590 1741 800 1798 consistentem
826 1740 930 1798 verita·
983 1742 1090 1812 potest,
1106 1738 1163 1796 nisi
1177 1738 1332 1809 dirigatur,
1346 1741 1375 1793 et
1388 1735 1475 1809 quasi
1489 1750 1588 1791 cecus
1609 1733 1742 1791 menudr

100 1835 170 1886 tem.
199 1829 374 1885 altitudines
397 1830 487 1898 cuim,
504 1834 532 1887 et
546 1830 754 1887 similitudines
774 1830 848 1903 ipsre
861 1832 931 1886 sunt
984 1844 1021 1884 nc
1037 1831 1207 1900 utensque
1222 1826 1390 1896 nonvidct,
1411 1825 1538 1881 incedat.
1555 1828 1633 1896 lpsee
1643 1826 1742 1880 auten

100 1917 260 1974 invisibiles
270 1921 439 1991 potestates
455 1919 630 1977 altitudines
643 1919 929 1992 quidemdignitate,
983 1915 1181 1973 nuductiones
1197 1919 1225 1971 ct
1238 1915 1425 1986 directiones,
1440 1913 1551 1986 quibus
1561 1928 1654 1968 mens
1676 1912 1742 1969 adi

100 2007 307 2064 similitudines
319 2007 627 2077 incommutabilitate,
642 2023 704 2065 non
717 2009 852 2080 figurata
863 2008 932 2063 sim-
984 2005 1055 2062 bilia
1068 2004 1193 2062 ῖειιιῖειιε
1208 2004 1307 2073 utitur,
1323 2019 1340 2060 a
1355 2002 1521 2059 visibilibus
1536 2006 1707 2059 sumuntur
1721 2003 1742 2058 si

100 2096 238 2170 plicitate.
254 2095 298 2151 hd
309 2111 439 2168 quarum
455 2096 657 2166 cognitionem
670 2096 837 2154 secuudum
849 2095 932 2153 diffc-
985 2099 1014 2151 et
1026 2093 1333 2151 demonstrationibus
1349 2093 1515 2148 secundum
1531 2091 1665 2148 visibilia
1678 2092 1742 2148 forr

100 2185 226 2242 rentiam
240 2185 495 2257 progressionum,
508 2189 537 2242 et
545 2185 728 2243 incrementa
742 2184 931 2241 illuminatio·
987 2188 1019 2240 et
1032 2184 1090 2240 hoc
1104 2186 1198 2239 totum
1213 2182 1370 2255 disposuit,
1386 2186 1415 2237 et
1428 2180 1577 2237 ordinavit
1602 2181 1742 2253 perfectu

100 2288 174 2328 nrrm
189 2273 448 2346 proportionaliter
473 2272 646 2349 nobisipsis
666 2273 857 2331 ascendimus
878 2288 933 2346 per
986 2288 1141 2331 sacrorum
1154 2271 1321 2344 dispositio,
1338 2288 1405 2344 que
1419 2272 1516 2327 Graece
1530 2270 1720 2327 hierothesia
1740 2288 1742 2292 ⁴

101 2360 213 2431 gradus
225 2360 402 2433 spiritalium
417 2361 608 2435 profectuum
628 2363 658 2420 in
674 2362 835 2436 nobis,per
848 2360 931 2418 diffe-
986 2369 1043 2434 tur,
1056 2363 1113 2419 hoc
1141 2366 1186 2417 est
1211 2376 1366 2417 sacrorum
1392 2360 1509 2433 positio,
1536 2376 1663 2416 summa
1690 2360 1742 2418 vid

100 2448 227 2505 rentiam
242 2449 392 2507 donorum
417 2451 492 2507 inter
516 2467 583 2508 nos.
601 2452 772 2509 Secundum
799 2466 931 2523 namque
986 2451 1119 2520 Trinitas,
1136 2466 1229 2523 aqua
1244 2454 1273 2506 ct
1298 2450 1464 2506 secundum
1491 2464 1585 2522 quam
1609 2449 1721 2506 omnia

101 2536 182 2592 illam
204 2538 439 2610 proportionem,
464 2555 526 2612 qua
551 2555 632 2596 nunc
660 2539 741 2596 dona
769 2538 931 2610 gratiarum
986 2540 1187 2613 disponuntur
1200 2542 1229 2594 et
1242 2537 1419 2594 ordinantur
1432 2537 1463 2592 in
1486 2536 1571 2604 cralo,
1593 2542 1622 2593 ct
1647 2537 1680 2593 in
1697 2542 1742 2595 ter

101 2625 270 2681 differenter
283 2627 475 2699 percipimus,
503 2628 608 2684 merito
632 2632 737 2701 postca
750 2626 796 2683 vel
809 2627 857 2682 hic
879 2642 933 2699 por
987 2629 1044 2685 alio
1059 2627 1180 2684 nomine
1205 2626 1372 2694 teletarche,
1397 2626 1492 2682 idest
1513 2625 1742 2700 principiump

101 2713 209 2769 mentis
232 2717 526 2789 contemplationem,
549 2716 596 2772 vel
615 2716 673 2772 illic
699 2732 753 2789 per
767 2714 931 2770 retributio·
986 2717 1075 2773 tionis
1089 2715 1362 2787 dieitur.quoniaru
1379 2715 1496 2787 abipsa
1522 2714 1622 2770 omnis
1647 2730 1742 2772 emun

101 2818 171 2858 nem
186 2802 216 2858 in
231 2819 392 2861 numerum
405 2805 582 2874 angelorum
597 2804 768 2860 transimus.
785 2801 830 2858 Sic
851 2802 931 2858 enhn
987 2810 1030 2861 cst
1045 2810 1073 2861 et
1094 2804 1276 2878 principium
1300 2803 1485 2877 purgationis
1500 2819 1562 2860 non
1578 2803 1684 2860 solum
1699 2807 1734 2862 ut

101 2892 360 2965 proportionaliter
378 2892 552 2964 nobisipsis
579 2892 780 2959 ascendimus
807 2891 931 2964 quando
951 2895 1068 2989 Cfiant,
1080 2910 1148 2966 quae
1162 2892 1243 2950 mala
1258 2898 1327 2949 sunt
1344 2912 1351 2960 ·,
1369 2894 1421 2949 sed
1436 2897 1465 2950 ct
1478 2893 1690 2950 illustrationis
1704 2898 1736 2952 et

102 2981 269 3038 secuudum
283 2983 350 3050 bor,
376 2980 459 3054 quod
471 2980 501 3036 in
516 2981 652 3053 praesenti
667 2996 720 3053 per
730 2981 811 3036 dona
825 2980 931 3051 gratia-
986 2982 1121 3054 cationis,
1135 2987 1169 3038 ut
1180 2981 1305 3038 meliora
1318 2982 1494 3054 efficiantur,
1510 2999 1578 3055 quae
1592 2982 1682 3040 bona
1696 2983 1742 3041 fur

101 3087 179 3138 runt,
196 3077 224 3127 et
239 3072 350 3142 gradus
365 3069 543 3140 dignitatum
555 3068 930 3142 differenterdisponimur,
987 3077 1087 3145 ipsum
1104 3088 1174 3142 ergo
1190 3089 1344 3128 summum
1358 3073 1567 3140 sacerdotium,
1583 3073 1630 3128 vel
1640 3089 1742 3130 summ

102 3160 139 3215 ad
154 3160 310 3216 invisibilis
329 3157 459 3215 veritatis
485 3158 742 3232 participationem
769 3162 882 3215 secreta
905 3161 933 3214 ct
986 3162 1107 3218 ternitas
1130 3162 1232 3218 omnia
1253 3162 1434 3231 emundans,
1463 3166 1491 3218 et
1516 3160 1728 3232 sanctificans,

102 3248 241 3304 invisibili
257 3246 445 3321 promotione
462 3247 664 3304 sublevamur.
690 3252 757 3320 ipsa
771 3251 872 3305 autem
886 3263 933 3303 vc⁴
985 3251 1126 3322 lustrans,
1153 3251 1211 3307 hoc
1227 3250 1353 3308 instituit
1374 3256 1402 3307 et
1428 3249 1587 3322 ordinavit,
1606 3254 1641 3306 ut
1668 3251 1742 3324 prin

102 3337 215 3392 ritasin
230 3336 317 3392 nobis
332 3335 455 3408 quidem
479 3352 531 3409 per
552 3337 650 3412 officia
669 3336 868 3410 spirituahum
890 3335 933 3392 di·
986 3357 1021 3397 co
1037 3340 1204 3396 secuudum
1219 3341 1317 3414 ipsam
1344 3340 1479 3410 angelica
1506 3343 1615 3395 natura
1637 3340 1742 3398 invisit

103 3424 259 3492 gnitatum,
273 3427 303 3479 et
315 3422 436 3493 gradus,
454 3428 482 3479 et
507 3423 730 3481 distributiones
746 3425 885 3481 ordinum
899 3423 932 3479 fi·
985 3428 1139 3500 formetur,
1153 3432 1183 3484 et
1197 3428 1330 3484 secundo
1342 3428 1409 3484 loco
1423 3428 1557 3484 humana
1567 3431 1683 3484 natura
1699 3428 1741 3486 ed

103 3509 242 3577 guralitcr
257 3515 285 3566 et
296 3511 485 3568 materialiter
499 3512 656 3581 figuratur,
671 3517 760 3586 atque
786 3513 932 3570 formatur
986 3517 1056 3573 dem
1069 3517 1232 3587 imaginem
1246 3533 1300 3590 per
1314 3515 1441 3572 visibilia
1463 3515 1590 3571 excitata
1617 3516 1742 3574 refonnt

103 3599 412 3669 secundumhabitus,
436 3605 464 3657 et
488 3602 630 3670 actiones,
647 3603 775 3671 elsigna
793 3601 931 3670 visibilia,
986 3606 1142 3679 quianon
1170 3610 1267 3678 potest
1293 3605 1445 3661 humanus
1474 3604 1593 3660 animus
1623 3605 1664 3661 ed
1691 3605 1742 3663 inv

102 3699 169 3761 quie
189 3687 218 3744 in
237 3693 339 3745 nostra
362 3689 436 3746 sicut
455 3690 623 3747 hierarchia
647 3691 686 3746 ad
700 3690 932 3747 declarationem
986 3693 1059 3750 lium
1073 3693 1275 3763 cognitionem
1291 3694 1337 3750 vel
1351 3693 1546 3750 imitationem
1561 3694 1682 3762 reduci,
1699 3695 1742 3752 nis

105 3778 252 3851 oppositu,
268 3779 454 3851 quaomnia
481 3779 593 3835 coelcsti
611 3783 701 3852 atque
728 3780 862 3849 angelica
873 3781 933 3836 hie·
986 3781 1114 3837 visibiles
1140 3782 1410 3840 demonstrationes
1444 3782 1587 3851 eruditus,
1618 3783 1742 3856 quonicr

102 3869 219 3925 rarchia
240 3869 406 3924 secundum
429 3868 595 3941 simplicem
619 3868 774 3925 veritatem
800 3868 930 3937 sublimi,
985 3870 1051 3943 ipsa
1064 3870 1299 3929 visibiliaallco
1315 3872 1356 3928 sio
1381 3872 1557 3940 factasunt,
1586 3877 1622 3929 ut
1650 3888 1742 3929 secun

104 3961 133 4012 et
149 3962 257 4012 nostrie
273 3961 388 4012 naturae
403 3957 646 4029 superexcellenti
661 3957 753 4014 modo
767 3957 882 4031 absque
898 3959 933 4014 si·
986 3959 1068 4015 illam
1095 3960 1319 4017 similitudinem
1348 3964 1377 4016 et
1397 3960 1635 4029 emulationem,
1662 3977 1742 4035 quat

103 4043 169 4114 guis
184 4049 213 4101 et
227 4044 329 4115 liguris
351 4061 426 4119 pme
447 4050 476 4102 et
496 4046 681 4103 uniformiter
699 4051 837 4104 constant
859 4066 865 4104 :
889 4064 933 4104 se·
985 4048 1052 4121 ipsa
1077 4049 1237 4106 invisibilia
1263 4057 1450 4122 acceperunt,
1477 4049 1583 4105 eadem
1609 4050 1742 4108 conveni

103 4134 238 4191 cundum
252 4151 346 4208 quam
360 4135 565 4193 excellentiam
581 4136 663 4209 ipsos
688 4138 838 4207 angchcos
856 4138 933 4196 ordi·
986 4139 1137 4196 declarare
1151 4143 1287 4212 possunt,
1315 4144 1347 4194 ut
1362 4142 1462 4194 noster
1489 4139 1610 4195 animus
1638 4141 1742 4199 hortm

102 4241 155 4282 nes
171 4224 339 4282 altitudines
355 4225 504 4294 theologia
515 4230 602 4281 vocat
614 4229 641 4281 et
653 4225 869 4295 similitudines,
887 4228 932 4283 vel
972 4228 1083 4306 »ctione
1103 4233 1189 4284 uleus
1214 4227 1252 4284 ad
1266 4227 1316 4283 illa
1336 4227 1481 4297 dirigatur
1497 4229 1667 4286 secundum
1684 4231 1742 4289 istc

101 4315 174 4387 quia
185 4330 240 4387 per
253 4314 368 4370 nullam
382 4314 811 4388 mutabilitatemasemetipsis
825 4317 933 4373 discre—
949 4290 970 4342 Β
986 4317 1178 4373 similitudine
1193 4316 1454 4373 demonstrationis
1480 4317 1530 4374 illa
1545 4318 1703 4377 aestimans
1714 4323 1742 4378 et

101 4408 185 4476 pant,
200 4403 247 4460 vel
266 4403 339 4476 quia
350 4420 386 4459 ea
396 4403 426 4459 in
438 4403 511 4476 ipsis
525 4403 691 4460 secundum
706 4404 872 4477 simplicem
886 4423 932 4463 ve·
985 4407 1129 4479 pendens.

101 4493 218 4549 ritatem
233 4497 311 4560 sunt,
327 4493 413 4565 qtiusi
425 4492 566 4565 quaedam
578 4492 784 4550 similitudines
795 4499 931 4552 ctcxem-
1020 4497 1281 4562 Quemadmodum
1310 4497 1467 4569 sequitur:
1496 4520 1509 4547 «
1534 4497 1670 4555 Visibilcs
1696 4516 1742 4575 qn

101 4580 196 4652 plavia
210 4597 274 4635 csse
302 4580 439 4637 videntur
464 4596 579 4648 corum,
605 4597 672 4654 qure
700 4598 754 4656 per
767 4583 879 4654 figuras
904 4589 931 4641 et
984 4583 1097 4641 formas
1107 4584 1260 4641 invisibilis
1271 4584 1500 4657 pulchritudinis
1511 4585 1742 4656 imaginationes

101 4668 247 4736 imagines
258 4667 432 4725 consistunt.
448 4669 507 4725 Nisi
521 4669 601 4726 enim
614 4671 690 4726 inter
703 4671 767 4728 brec
779 4678 807 4728 et
816 4673 867 4730 illa
880 4673 931 4729 ali-
984 4674 1131 4744 imagines
1140 4674 1298 4745 nrlritrans,
1312 4695 1325 4723 ι)
1339 4674 1477 4731 videlicet
1490 4676 1554 4749 ipsc
1568 4682 1671 4733 noster
1681 4679 1742 4736 anir

102 4771 163 4827 qua
174 4755 336 4812 similitudo
349 4763 435 4826 esset,
448 4775 502 4830 per
514 4759 578 4815 haec
592 4761 631 4816 ad
641 4759 691 4816 illa
704 4760 786 4818 nulla
801 4762 931 4820 declara·
985 4787 998 4813 α
1011 4768 1039 4820 εῖ
1049 4763 1204 4819 sensibiles
1215 4763 1375 4820 suavitates
1387 4763 1501 4834 figuras
1512 4764 1668 4821 invisibilis
1679 4767 1742 4825 dist

103 4843 143 4899 tio
156 4848 242 4900 esset.
255 4848 338 4900 Nunc
351 4849 614 4919 autem,quoniam
630 4850 704 4918 haee,
723 4867 790 4924 quae
805 4852 930 4910 visibilia
985 4852 1081 4919 tionis,
1095 4874 1108 4900 »
1125 4851 1311 4923 sidiauditur,
1327 4852 1475 4910 arbitrans
1485 4853 1548 4919 ipse
1564 4858 1667 4911 noster
1681 4856 1742 4914 enit

102 4933 225 4989 suntad
240 4931 433 4990 invisibilium
444 4935 666 4994 aemulationem
676 4938 776 4997 divina
786 4941 931 5013 sapientia
984 4964 998 4991 ι(
1015 4945 1044 4997 et
1062 4940 1266 4998 immaterialis
1279 4941 1446 5000 luculentia
1463 4944 1625 5015 imaginem
1652 4951 1742 5004 mater

101 5023 132 5080 in
145 5021 242 5096 prima
256 5021 425 5078 conditione
438 5022 586 5093 formavit,
603 5026 633 5082 in
653 5029 785 5085 secrmda
807 5028 931 5103 disposi-
983 5030 1108 5100 lumina,
1126 5052 1139 5080 a
1154 5034 1186 5086 ut
1211 5030 1318 5087 iterum
1345 5033 1551 5101 subaudiatur,
1575 5033 1730 5093 arbitrans

101 5114 180 5170 tione
193 5129 229 5169 ex
239 5112 352 5169 eisdem
367 5127 489 5185 quoque
507 5113 644 5171 rationali
658 5116 760 5172 animo
772 5116 812 5173 ad
832 5117 930 5174 invisi·
983 5124 1085 5177 noster
1099 5120 1259 5190 animus;«
1271 5122 1742 5183 secundumintellectumconteu

101 5201 206 5258 bilium
219 5201 403 5273 agnitionem
418 5202 630 5259 conscendenti
645 5203 731 5274 signa
751 5208 779 5260 ct
794 5206 931 5279 exempla
985 5209 1051 5265 livre
1062 5208 1253 5282 plenitudinis
1263 5209 1414 5266 discursas
1425 5227 1526 5267 sacres
1537 5211 1728 5284 disciplinas,

101 5291 391 5350 demonstrationum
406 5292 567 5350 constituit.
983 5297 1051 5370 plus
1067 5296 1310 5354 subaudiendum
1330 5304 1383 5367 est,
1401 5300 1549 5356 arbitrans
1566 5307 1670 5357 noster
1698 5319 1740 5359 an

139 5383 198 5436 Hoc
211 5386 255 5437 cst
269 5383 359 5450 enim,
373 5383 456 5456 quod
469 5382 602 5456 sequitur
618 5401 624 5439 ι
641 5406 655 5434 a
672 5382 817 5450 Quoniam
832 5401 930 5458 neque
983 5386 1130 5456 imagines
1144 5402 1208 5442 esse
1226 5406 1233 5456 ;
1248 5410 1262 5437 «
1276 5393 1304 5444 ct
1318 5389 1440 5446 adunati
1455 5391 1494 5446 ad
1517 5390 1630 5463 divina,
1647 5397 1677 5448 et
1689 5393 1742 5449 ord

100 5467 241 5536 possibile
252 5475 295 5526 est
307 5475 410 5528 nostro
421 5471 522 5528 auimo
534 5473 573 5529 ad
582 5488 645 5529 non
657 5473 841 5531 rustenalem
847 5473 931 5532 illam
983 5475 1102 5532 habitus
1123 5492 1238 5547 earum,
1252 5494 1318 5550 quer
1332 5477 1379 5534 hic
1396 5484 1475 5548 suut,
1489 5478 1728 5552 dispositionum

101 5554 261 5612 ascendere
285 5554 449 5618 coelcstitun
462 5561 698 5631 hierarchiarum
722 5563 928 5637 imitatiomm,
982 5582 1071 5637 nea»
1086 5565 1193 5626 iterum
1208 5566 1741 5642 subaudi,arbitransuosteranimus
