3824 6052
285 126 463 183 uxrosnlo
483 128 517 182 ΙΝ
537 125 722 182 urrunnun.
743 121 892 177 COELEST
912 121 940 178 S.
961 119 1123 177 orouvsn.
1144 150 1178 158 -
1198 120 1262 174 bill.
1283 120 1313 173 Χ.
1565 118 1633 174 ilat

77 266 84 306 ι
97 248 327 307 intellectualem
335 249 486 319 acidum»
494 251 637 307 hactenus
646 271 660 299 «
671 246 749 303 circa
766 247 788 300 A

81 339 349 413 contemplationes
363 339 400 396 de
415 340 551 410 angelico
565 340 668 410 vigore
684 360 696 387 n
708 336 751 392 in·

85 429 205 486 habitus
218 452 232 478 a
248 429 414 497 intentum;
432 453 446 479 »
475 434 504 486 et
526 430 636 485 reflexo
663 425 750 484 oculo

78 535 143 575 mus
158 543 172 570 «
188 519 227 577 ad
238 518 405 585 dividuam,
422 523 451 576 et
473 519 697 592 multipertitam
711 516 751 572 la-

78 656 80 665 ,
94 608 285 666 multiformis
299 608 449 666 varietatis
459 608 663 680 angelicarum
687 621 752 679 spe·

78 714 136 765 um,
154 720 168 748 »ι
188 698 245 755 hoc
260 703 313 766 est,
337 697 376 754 ad
390 696 605 755 multiformem
628 696 751 753 varieta-

78 787 235 845 multarum
249 788 415 844 formarum
427 788 610 855 varietatem,
626 802 694 860 quaa
709 788 753 841 est

78 876 296 946 rationibusvel
307 877 535 934 formationibus
550 876 705 947 angelicis:
722 873 752 929 in

78 970 150 1034 tate,
165 965 349 1040 quiaampla
359 965 518 1023 multitudo
533 971 586 1039 est,
599 965 642 1021 vel
659 963 753 1020 multa

78 1071 102 1123 o,
118 1070 173 1129 pro
193 1055 380 1128 simplicitate
399 1054 566 1127 dividuum,
578 1060 606 1112 et
619 1071 675 1129 pro
690 1058 754 1115 uni·

78 1143 144 1200 dtur
169 1143 407 1217 multipertitum.
436 1143 482 1202 Sic
506 1160 577 1213 ergo
604 1143 752 1216 dieamus,

78 1236 121 1300 at,
137 1232 327 1301 remittentes,
342 1233 464 1289 oculum
475 1238 612 1290 nostrum
631 1234 670 1290 ab
682 1236 754 1293 invi·

98 1327 127 1378 et
154 1321 309 1379 descentes
339 1322 378 1377 ad
406 1321 541 1379 visibilia.
566 1346 579 1371 κ
598 1326 707 1381 lterum
724 1326 753 1382 in

79 1409 165 1467 silicet
185 1409 410 1478 descendentes
433 1415 462 1466 et
482 1411 753 1471 considerationem

79 1503 101 1554 et
114 1503 214 1554 tamen
231 1521 244 1548 ιι
260 1500 401 1555 reflexit»
417 1499 534 1568 iterum,
550 1501 611 1557 sive
624 1503 753 1560 reductis

80 1586 198 1654 ginibus
211 1611 225 1638 u
248 1588 406 1661 analytice,
422 1611 435 1637 a
457 1589 545 1646 idest
568 1591 751 1660 resolutorie,
769 1598 789 1651 B

79 1675 187 1734 ritatem
203 1677 373 1734 animorum
389 1677 568 1735 calestram:
585 1685 729 1754 tanquam
740 1703 753 1731 a

79 1780 96 1820 n
111 1766 375 1838 consequentibus,
393 1789 406 1815 >r
422 1766 453 1822 id
466 1771 509 1822 est
521 1767 753 1825 inconvenienti-

79 1857 98 1910 rt
110 1868 233 1909 sensus:
250 1871 306 1910 nos
319 1854 533 1912 descendentes
556 1873 609 1929 per
624 1861 754 1915 contem-

79 1944 138 2000 rde
161 1943 370 2012 invisibilibus,
385 1945 424 2001 ad
442 1945 571 2002 visibilia
590 1951 618 2002 ct
636 1946 667 2002 in
681 1947 753 2019 ipsis

79 2031 209 2088 sibilibus
224 2032 493 2091 considerationem
507 2034 752 2105 figentes,ilerum

79 2119 278 2194 duplicitatem
291 2123 485 2179 invisibilium
501 2124 699 2191 reflectamus,
712 2141 753 2179 re-

83 2212 113 2264 et
126 2210 317 2281 exponendo,
327 2211 388 2267 sive
402 2211 588 2268 ostendendo
599 2213 754 2286 quomodo

79 2296 117 2352 od
132 2296 247 2353 visibile
269 2299 408 2367 cernitur,
424 2299 464 2363 id,
487 2300 569 2372 quod
584 2299 678 2356 vr'deri
693 2317 753 2356 non

79 2384 248 2456 gnificetur.
264 2387 402 2460 alioquin
423 2388 547 2444 visibilis
560 2388 699 2446 formatio
712 2389 755 2445 in-

79 2488 123 2541 us,
148 2478 176 2531 ct
191 2474 403 2531 inconveniens
426 2480 514 2545 esset,
540 2477 564 2533 sl
579 2476 608 2532 in
622 2476 672 2533 illa
685 2477 754 2533 sirn-

80 2579 116 2620 ra
126 2562 182 2620 hoc
197 2579 250 2637 per
261 2563 415 2621 veritatem
429 2566 563 2622 essentiae
578 2582 643 2622 esse
656 2566 755 2622 erede-

82 2652 123 2710 od
144 2653 171 2708 ei
193 2654 359 2710 secundum
372 2654 470 2712 varias
498 2672 598 2712 rerum
617 2671 755 2728 corpora-

80 2740 128 2797 :ies
139 2741 169 2797 in
180 2738 396 2813 significatione
409 2743 565 2816 multiplex
575 2743 753 2801 attribuitur.

80 2844 107 2900 co
139 2830 350 2887 descendimus
385 2831 533 2904 simplices
568 2837 690 2889 naturas
717 2833 756 2888 vi-

80 2919 329 2991 rcproesentando,
346 2918 387 2974 sic
400 2919 601 2988 ascendimus,
622 2924 651 2976 et
668 2919 791 3000 quasic

80 3007 122 3064 dte
143 3007 183 3063 ad
200 3007 333 3064 divinam
355 3009 624 3066 considerationem
643 3027 698 3066 nos
713 3027 755 3066 re-

81 3095 213 3169 ,quando
226 3097 346 3153 easdem
359 3098 471 3155 formas
486 3098 653 3172 spiritaliter
666 3115 755 3172 expo-

80 3183 166 3254 vstice
180 3185 385 3256 intelligendas
408 3188 618 3260 praedicamus.
633 3191 755 3245 {lescen-

80 3274 175 3330 nando
187 3274 364 3348 simplicitati
393 3277 556 3334 coelestiunr
580 3282 756 3334 naturarum

80 3363 176 3421 itatem
213 3366 415 3438 corporalium
453 3366 666 3423 fonnationum
703 3383 757 3440 per

80 3453 175 3510 ionem
204 3459 362 3528 aptamus:
403 3455 604 3524 ascendimus,
633 3457 756 3529 quando

90 3543 338 3617 multiplicitatem
356 3544 520 3601 visibilium
543 3546 757 3617 figurationum

81 3632 208 3703 gentiam
223 3633 365 3707 simplicis
379 3634 508 3691 veritatis
525 3636 704 3708 exponendo
716 3653 757 3692 rc-

81 3823 122 3864 rr:
150 3831 164 3858 «
182 3811 278 3865 Unum
302 3815 414 3878 autem,
443 3818 497 3870 ete.
514 3836 527 3863 »
552 3815 574 3871 0
595 3814 756 3881 Timothee,

81 3912 106 3952 m
140 3896 178 3954 de
209 3898 375 3956 visibilibus
405 3900 634 3959 formationibus
668 3921 757 3976 ange·

81 3991 210 4054 vetemus,
231 4004 326 4044 unum
350 3988 387 4044 sit
406 3988 457 4045 tibi
484 3991 710 4062 praecognitum,
726 3996 757 4048 ut

89 4073 163 4131 illud
190 4092 364 4146 cognoscas.
400 4077 477 4144 Quid
503 4083 547 4136 est
574 4078 670 4135 illud?
700 4080 757 4136 boe

81 4166 96 4220 ,t
117 4180 292 4236 cognoscas.
313 4190 326 4217 α
352 4168 510 4234 Quomodo
535 4185 626 4225 sacrae
649 4168 757 4225 discre-

81 4256 241 4310 rmatarum
267 4254 473 4324 imaginum»
493 4256 524 4312 id
544 4257 793 4350 ecquomodo„

81 4339 195 4413 ripturae
214 4341 348 4398 discrete
359 4342 389 4399 in
402 4343 594 4414 imaginibus,
608 4361 684 4418 quas
698 4345 756 4401 for-

92 4427 174 4502 ipsis,
191 4429 314 4501 angelis,
331 4454 344 4481 v
365 4432 533 4502 significant
548 4439 576 4490 et
597 4450 758 4508 repraesen·

81 4519 135 4575 ‘em
156 4517 376 4592 dispositiones,
392 4522 451 4578 »id
470 4528 514 4578 est
530 4524 650 4580 ordines
674 4547 688 4574 α
701 4540 758 4580 coe·

82 4608 284 4666 essentiarum.
312 4634 325 4660 »ι
349 4611 517 4684 Aliquando
546 4613 697 4670 inferiores
726 4618 759 4670 ut

82 4701 145 4764 rtes,
166 4701 195 4753 et
216 4698 324 4755 iterum
341 4722 354 4748 a
369 4700 490 4756 easdem
504 4704 536 4756 ul
550 4723 564 4750 «
578 4701 756 4759 ordinatas»

84 4785 187 4842 ribus:
213 4787 243 4842 in
259 4804 321 4860 quo
343 4789 511 4860 significant
529 4791 757 4862 quodammodo

84 4891 118 4931 as
136 4892 211 4943 esse,
235 4881 264 4933 et
283 4877 436 4935 inferiores
456 4880 566 4936 babere
591 4897 668 4954 quos
680 4883 758 4939 ordi-

82 4966 234 5039 uperiorcs
249 4985 268 5024 a
285 4967 397 5042 quibus
412 4970 595 5027 ordinentur.
617 4995 631 5020 «
649 4975 681 5029 Et
696 4989 758 5029 rur·

82 5056 178 5112 nando
189 5057 358 5128 significant
368 5058 457 5115 etiam
471 5061 649 5117 novissimas
660 5061 758 5135 dispo-

82 5149 106 5202 rt
127 5147 311 5214 ordinantes,
332 5152 360 5204 et
379 5149 492 5222 primas
508 5155 540 5207 ut
561 5150 729 5207 ordinatas:
744 5175 758 5201 >r

81 5251 127 5292 ren
142 5236 253 5292 mirum
267 5238 393 5302 videtur,
417 5254 487 5294 cum
499 5257 555 5295 nce
573 5239 628 5295 illae
641 5239 758 5297 iuferio-

82 5329 125 5383 tnt
143 5342 222 5399 quos
241 5326 388 5394 ordinent,
409 5344 464 5383 nec
478 5330 541 5384 istie
563 5329 759 5402 superioresa

84 5413 249 5472 rdinentur.
273 5420 304 5470 ln
319 5433 380 5489 quo
402 5421 502 5472 tamen
525 5417 613 5474 datur
626 5418 757 5488 intelligi,

82 5520 177 5562 immae
188 5510 217 5563 et
228 5505 253 5562 si
267 5505 341 5563 alios
353 5522 445 5579 supra
460 5523 491 5563 se
506 5523 565 5563 non
581 5509 695 5566 babent
708 5524 760 5565 an·

82 5594 183 5671 pdbus
201 5594 385 5667 ordinentur,
407 5594 520 5656 habent
534 5601 634 5656 tamen
655 5602 759 5668 neum,

804 260 823 301 a
846 260 907 317 qno
933 242 1109 300 ordinantur
1137 247 1164 299 et
1177 240 1391 298 santificantur.
1418 242 1450 296 Et
1462 239 1630 296 novissime

803 332 920 401 iterum,
936 336 965 389 et
976 331 1000 389 si
1014 349 1075 389 non
1090 333 1202 389 babent
1215 331 1338 402 angelos
1352 330 1408 386 sub
1421 345 1540 402 seques
1553 328 1632 384 ordi*

804 426 885 491 nent,
900 422 1013 478 habent
1034 426 1133 478 damen
1151 421 1298 489 homines,
1318 420 1369 493 qui
1395 418 1582 485 ordinantur,
1604 422 1632 473 et

804 509 1015 584 disponuntur,
1038 515 1067 566 et
1081 509 1303 566 sanctificantur
1324 507 1363 564 ab
1387 505 1468 580 ipsis.
1491 504 1631 562 l'elcerte

804 599 835 655 in
849 601 917 668 boe,
935 599 1018 674 quod
1033 600 1165 673 supremi
1180 597 1318 666 ordinati,
1342 601 1370 654 et
1384 594 1539 653 novissimi
1554 593 1631 651 ordi-

805 693 910 745 nantes
932 688 1170 757 introdueuntnr,
1195 687 1390 758 significatur,
1412 685 1496 759 quod
1514 683 1544 740 in
1559 681 1633 757 ipsis

805 778 854 835 alii
869 777 908 834 ab
924 778 988 835 aliis
1003 779 1144 835 differunt
1159 797 1166 835 ι
1182 781 1212 835 et
1225 782 1294 835 sunt
1308 777 1338 833 in
1352 774 1556 850 superioribus
1569 770 1634 847 qui·

806 868 878 924 dam
906 868 1069 936 inferiores,
1082 868 1133 941 qui
1149 868 1187 924 ab
1210 866 1274 923 aliis
1289 871 1389 923 tamen
1412 865 1442 922 in
1457 863 1564 920 eodem
1586 878 1632 920 or·

806 957 875 1013 diue
890 957 1055 1014 constitutis
1070 957 1109 1012 ad
1131 956 1243 1029 aliquid
1259 955 1433 1012 ordinentur
1447 957 1474 1009 et
1489 953 1632 1010 inferiori-

807 1046 864 1101 bus
873 1046 999 1119 quidam
1013 1044 1191 1121 superiores,
1205 1045 1257 1119 qui
1278 1043 1353 1099 alios
1366 1043 1396 1099 in
1412 1043 1518 1099 codem
1528 1041 1632 1098 ordine

790 1133 967 1191 ·eollocat0s
981 1134 1021 1191 ad
1034 1132 1146 1207 aliquid
1161 1132 1309 1189 ordinent.
1326 1135 1359 1188 Et
1372 1132 1429 1188 hoe
1440 1135 1484 1187 est
1497 1130 1580 1204 quod
1591 1147 1634 1186 se-

807 1223 917 1297 qnitur:
934 1222 1008 1288 Quia
1021 1222 1086 1296 ipsa
1099 1226 1127 1279 et
1135 1220 1253 1295 eloquia
1264 1219 1432 1292 significant
1444 1219 1566 1276 easdem
1580 1217 1633 1275 sei·

808 1312 874 1370 licet
894 1312 1114 1386 dispositiones,
1137 1311 1259 1384 primas,
1278 1315 1307 1366 et
1327 1309 1452 1379 medias,
1474 1315 1503 1366 et
1515 1309 1633 1366 ultimas

807 1403 951 1459 habentes
965 1402 1095 1459 virtutes.
1121 1403 1201 1460 Sicut
1212 1402 1276 1473 jnm
1294 1402 1430 1475 superius
1449 1401 1631 1468 dictumest,

808 1506 1055 1564 unamquamque
1069 1489 1295 1562 dispositionem
1308 1489 1419 1546 babere
1437 1489 1468 1545 in
1485 1487 1631 1562 personis,

808 1584 1094 1652 etunamquamque
1108 1594 1269 1652 personam
1279 1578 1309 1635 in
1320 1577 1562 1651 proprietalibus,
1581 1577 1632 1646 ita,

808 1669 913 1742 inquit,
930 1668 1122 1725 discretiones
1133 1667 1346 1724 formationum
1360 1683 1513 1724 sacrarum
1527 1682 1634 1740 reprae-
1675 1720 1678 1724 ,

808 1762 925 1814 sentent
944 1757 1067 1830 primos,
1090 1760 1117 1814 et
1140 1756 1265 1824 medios,
1290 1761 1319 1812 ot
1333 1756 1452 1813 ultimos
1471 1755 1634 1829 spiritusin

807 1847 914 1903 eodem
938 1847 1051 1917 ontine,
1078 1853 1105 1904 el
1127 1846 1249 1919 primas,
1273 1851 1301 1904 et
1322 1846 1447 1914 medias,
1472 1853 1500 1903 et
1515 1845 1635 1902 ultimas

808 1935 930 1991 virtutes
944 1934 974 1991 in
996 1934 1103 1992 eadem
1127 1951 1256 2008 persona
1269 1953 1275 2002 ;
1290 1955 1305 1988 c
1320 1934 1402 1991 nrrlla
1424 1957 1438 1984 »
1454 1939 1583 1991 tamen«
1603 1934 1633 1991 in

807 2025 864 2080 hoc
897 2023 1066 2080 inordinata
1097 2023 1211 2080 ratione
1244 2023 1422 2090 introducta,
1468 2023 1634 2081 seeundum

808 2113 933 2169 modum
945 2112 1120 2183 huJusmodi
1132 2114 1360 2180 reserationum,
1379 2135 1393 2163 »
1415 2112 1445 2168 id
1460 2117 1504 2169 est
1518 2114 1634 2188 exposi-

809 2204 934 2259 tionum.
959 2203 987 2260 si
1001 2204 1083 2259 enim
1101 2203 1159 2259 hoe
1178 2201 1270 2258 modo
1289 2202 1463 2274 intelligitur
1481 2205 1558 2260 sieut
1580 2220 1636 2260 nos

809 2293 946 2364 superius
970 2293 1176 2365 exposuimus,
1200 2290 1275 2348 nibil
1285 2292 1522 2347 inconvenientis
1536 2295 1580 2348 est
1604 2293 1635 2347 in

808 2382 865 2438 hac
890 2381 1161 2453 repraesentatione.
1178 2381 1211 2435 Et
1233 2378 1392 2435 benedico
1416 2382 1447 2435 in
1459 2379 1515 2436 bac
1530 2395 1637 2453 reproe·

809 2471 984 2538 sentatioue,
1011 2486 1073 2542 qua
1087 2469 1179 2525 iidem
1204 2472 1232 2525 et
1255 2469 1428 2525 ordinantes
1456 2472 1484 2525 et
1506 2469 1636 2526 ordinati

809 2559 1049 2626 introducuntur,
1093 2557 1208 2614 nullam
1251 2558 1522 2615 inconvenientiam
1560 2573 1636 2626 esse,

809 2650 882 2723 quia
893 2648 1038 2716 confusio,
1056 2650 1117 2704 sive
1133 2650 1324 2722 transpositio
1339 2641 1422 2705 nulla
1436 2654 1523 2705 recte
1537 2648 1637 2721 dispo

810 2739 926 2794 sitionis
937 2741 981 2793 cst
995 2737 1048 2805 ibi,
1064 2754 1134 2794 eum
1146 2737 1186 2794 ub
1197 2738 1265 2794 aliis
1275 2739 1415 2810 ordinati,
1431 2742 1459 2793 et
1470 2738 1545 2794 alios
1559 2736 1637 2793 ordi-

810 2831 915 2883 nantes
929 2826 1166 2883 introducantur.
1183 2828 1211 2884 Si
1225 2843 1297 2882 vero
1307 2830 1443 2900 repesetu
1461 2826 1637 2883 eorumdem

810 2917 984 2972 ordinantes
1011 2920 1040 2972 et
1064 2915 1192 2972 ordinati
1223 2916 1401 2983 dicerentur,
1424 2918 1638 2973 inconvenieus

810 3006 975 3074 essetnec
1004 3010 1056 3073 est,
1072 3006 1155 3079 quod
1179 3005 1266 3062 dicit:
1296 3027 1311 3060 ‹
1335 3009 1363 3064 Si
1382 3007 1507 3080 quidem
1528 3007 1640 3062 dicere·

810 3111 878 3150 mus
911 3093 1071 3167 quasdam,
1100 3116 1113 3141 υ
1140 3094 1269 3151 subaudi
1287 3095 1510 3168 dispositiones,
1536 3098 1637 3168 utpote

810 3184 936 3251 medias,
953 3206 967 3233 α
992 3182 1125 3239 ordinari
1150 3199 1168 3238 a
1191 3183 1360 3256 prioribus;
1385 3188 1413 3241 et
1426 3184 1534 3240 deinde
1556 3185 1638 3257 ipsas

811 3273 953 3345 «priores
972 3270 1172 3328 ordinantes»
1196 3273 1258 3328 sive
1275 3271 1470 3330 ordinatrices
1493 3294 1507 3322 «
1523 3288 1640 3328 earum·

810 3363 880 3419 dem
897 3386 910 3410 »
936 3360 1046 3417 scilicet
1069 3360 1248 3429 mediarum,
1266 3384 1279 3412 «
1305 3366 1334 3418 et
1357 3364 1464 3418 iterum
1485 3380 1500 3414 ι
1522 3377 1638 3435 pereas

810 3452 926 3509 medias
952 3451 1155 3509 «ordinantes
1181 3453 1243 3508 sive
1270 3451 1465 3509 ordinatrices
1494 3453 1640 3511 ‹ultima-

811 3558 894 3597 rum:
915 3564 927 3590 r·
941 3543 976 3607 si,
991 3542 1098 3614 inquit,
1114 3540 1180 3596 illas
1192 3543 1306 3613 priores
1314 3541 1510 3598 ordinatrices
1525 3543 1639 3599 media·

811 3648 888 3695 rum,
903 3635 931 3687 et
944 3631 1118 3689 ultimarum
1133 3647 1277 3687 converso
1297 3631 1402 3688 ordine
1419 3632 1579 3690 «ordinari
1596 3631 1639 3689 di·

811 3738 946 3780 ceremus
968 3720 1008 3776 ab
1022 3721 1096 3792 ipsis
1112 3719 1170 3775 illis
1186 3720 1350 3777 ordinatis:
1368 3738 1434 3778 vere
1449 3738 1495 3778 res
1510 3725 1639 3795 interpo

812 3815 867 3869 sita
893 3816 971 3868 esset
984 3812 1142 3867 commista
1166 3810 1395 3879 inordinatione,
1412 3818 1440 3868 et
1463 3813 1638 3870 confusione

812 3901 923 3968 multa,
948 3902 1021 3974 quia
1044 3899 1217 3955 ordinatum
1242 3915 1303 3955 non
1318 3903 1395 3956 esset
1421 3900 1539 3974 aliquos
1560 3902 1639 3959 ordi·

811 3993 875 4047 nari
896 3990 934 4046 ab
956 3991 1002 4057 iis,
1023 4004 1100 4061 quos
1121 3987 1271 4044 ordinant.
1297 4013 1310 4038 a
1328 3990 1355 4046 si
1381 4006 1451 4046 vero
1474 3991 1606 4061 easdem,
1623 4015 1637 4043 a

811 4078 930 4134 diverso
952 4080 1098 4148 respectu,
1114 4097 1127 4123 c
1144 4075 1327 4132 ordinarent
1347 4077 1479 4135 ordinari
1493 4081 1637 4152 dicimus,

811 4185 872 4224 non
899 4172 999 4223 tamen
1026 4165 1202 4220 earumdem
1224 4188 1237 4213 ι»
1266 4165 1461 4223 ordinatrices
1487 4173 1638 4244 aquibus

812 4259 998 4321 ordinantur,
1013 4275 1024 4299 v
1039 4259 1090 4311 aut
1102 4254 1141 4311 ab
1156 4253 1270 4311 eisdem
1286 4255 1450 4325 ordinari„
1468 4275 1545 4332 quas
1560 4264 1639 4319 ordi·

812 4352 900 4404 nani:
915 4345 1049 4402 «sedeas
1062 4343 1207 4413 singulas,
1219 4363 1231 4389 ι
1244 4344 1275 4400 id
1289 4348 1333 4400 est
1342 4345 1485 4404 discretas
1496 4350 1560 4406 sine
1570 4368 1639 4410 eon·

812 4437 928 4493 fusione
950 4434 1194 4508 reciprocationis
1223 4439 1433 4506 permanentes
1465 4455 1477 4483 ι
1505 4439 1639 4498 ordinari

812 4527 935 4601 quidem
951 4525 1141 4598 aprioribus,
1153 4522 1292 4580 ordinare
1306 4528 1407 4582 autem
1421 4530 1610 4599 novissimas,
1624 4555 1639 4584 »

812 4614 928 4673 nullum
944 4615 1157 4671 inconveniens
1172 4615 1216 4668 est
1241 4617 1270 4669 et
1283 4613 1450 4671 secundum
1463 4615 1521 4674 hoe
1536 4616 1639 4678 fortas-

812 4709 853 4762 sis
870 4719 956 4760 «non
981 4704 1239 4774 inconsequenter,
1262 4719 1278 4745 ν
1302 4701 1398 4760 idest
1421 4720 1481 4761 non
1500 4708 1640 4767 inconve-

812 4798 927 4854 nienter
944 4793 1074 4866 «aliquis
1095 4790 1204 4849 eliserit
1226 4791 1403 4849 sacrefactas
1427 4792 1550 4868 formas,
1570 4815 1639 4873 quae

812 4890 882 4941 sunt
895 4886 926 4939 in
952 4882 1090 4955 eloquiis,
1113 4880 1277 4953 aliquando
1292 4898 1380 4954 posse
1402 4889 1431 4940 et
1452 4886 1587 4958 pulchre,
1611 4893 1640 4946 et

811 4990 890 5040 vero,
906 4997 918 5023 »
936 4971 1026 5027 idest
1051 4975 1080 5027 et
1094 4973 1305 5029 convenienter
1332 4978 1361 5031 et
1385 4978 1529 5032 veraciter
1553 4979 1639 5033 ‹eir-

813 5062 959 5128 eumden,
976 5084 988 5109 υ
1001 5060 1032 5116 id
1045 5065 1089 5119 est
1102 5063 1198 5135 aptari
1216 5082 1226 5107 a
1241 5064 1364 5120 easdem
1374 5069 1403 5121 et
1416 5066 1522 5136 primis
1537 5068 1565 5121 et
1579 5081 1639 5122 me·

812 5152 881 5220 diis,
897 5155 926 5207 et
941 5150 1051 5206 ultimis
1064 5151 1232 5208 virtutibus.
1246 5178 1260 5204 ι

849 5242 1005 5314 Sequitur:
1025 5259 1036 5284 a
1066 5244 1098 5297 Et
1112 5257 1232 5296 sursum
1247 5242 1347 5309 igitur,
1361 5245 1441 5297 ete·
1467 5247 1508 5298 Ae
1524 5245 1547 5297 si
1562 5243 1641 5300 dicet

813 5334 873 5386 ret:
889 5329 1140 5402 Quandoquidem
1156 5328 1264 5401 aliquis
1279 5331 1421 5386 veraciter
1433 5330 1531 5387 dicere
1544 5333 1643 5406 potest

813 5419 935 5477 easdem
948 5419 1060 5475 formas
1071 5419 1279 5475 convenienter
1293 5421 1389 5492 aptari
1405 5422 1520 5493 primis,
1537 5425 1567 5477 et
1580 5435 1641 5478 me·

813 5508 881 5578 diis,
898 5513 928 5565 et
941 5508 1055 5565 utimis
1069 5507 1236 5566 virtutibus.
1254 5510 1344 5578 igitur
1360 5511 1425 5584 ipse
1441 5509 1500 5576 illc.
1515 5513 1568 5585 qui
1582 5512 1641 5571 hoc

815 5595 933 5671 duent,
948 5611 1012 5657 non
1025 5596 1099 5657 falso
1123 5598 1316 5669 coadunabit,
1333 5600 1422 5673 idest
1443 5604 1643 5661 communiter
