3832 6044
665 132 841 193 leuatae.
862 133 896 191 ΙΝ
914 131 1054 193 JOELElf.
1658 134 1711 194 att

81 275 120 316 m.
136 258 274 332 Sequitur
289 277 295 314 ε
311 261 367 314 Nee
383 263 427 315 est
444 260 495 332 qui
516 259 636 329 etftlglut
650 273 720 314 eum
734 277 741 313 ι
757 256 866 329 quial
885 273 962 327 rum,
975 257 1171 328 procidebam
1184 257 1291 328 viginti
1302 261 1432 327 qualitor
1446 256 1574 311 seniores
1589 261 1659 312 arete
1670 272 1710 312 se-

81 348 176 413 sano,
200 351 252 404 aut
271 348 363 404 sitam
386 349 592 421 apostolicam,
614 352 642 403 et
661 346 828 403 doctrinam
883 348 998 404 dentem
1011 351 1042 404 m
1058 348 1176 420 tireno,
1197 353 1223 404 et
1238 347 1407 405 adorabant
1422 347 1608 402 viventemin
1623 361 1710 401 serru-

81 438 143 495 ndo
158 443 288 495 meretur
301 438 477 511 premium3
495 442 546 495 eut
560 453 626 493 eam
639 442 828 493 contemnen-
883 438 912 493 te
923 440 1110 495 secretorum.
1123 439 1164 494 Et
1173 438 1328 494 mittebant
1340 451 1465 493 corones
1474 441 1622 521 recusante
1631 436 1711 491 tere-

82 526 173 584 emrit
187 528 376 601 supplicium.
881 541 953 583 mem
967 527 1096 584 dieentes
1111 543 1121 582 .·
1135 528 1250 597 Dignus
1265 542 1305 596 es,
1315 526 1441 582 Domine
1450 526 1529 580 Deus
1543 530 1652 591 noster,
1663 539 1710 580 ee·

81 617 122 673 esi
135 622 274 690 aspeetus
284 632 431 689 equorum
448 621 585 689 aspectus
595 632 710 686 eorum,
720 620 827 690 etqua·
881 617 979 685 mpero
991 618 1131 688 gloriam,
1147 621 1175 672 et
1190 616 1341 687 horrorem,
1356 620 1383 670 et
1398 615 1537 670 virtutem
1552 613 1585 685 (Α
1588 614 1707 685 poene),

81 705 148 763 lites
163 705 204 761 sie
220 711 348 762 current.
367 709 397 760 ln
410 705 508 778 primo
520 709 639 762 notatur
652 705 784 761 hinnitus
799 709 828 762 et
880 708 934 761 ete.
947 705 1083 777 Quinque
1096 709 1166 760 sunt
1179 703 1313 759 fenestrae
1335 701 1556 767 incarnationis,
1571 701 1709 758 nativitas

81 811 94 851 r
107 794 326 869 predicationis
342 814 348 863 ;
365 795 395 851 in
416 796 547 850 seeundo
563 811 617 867 pro
633 794 692 850 fide
707 793 826 851 eonflie·
880 792 998 861 scilieet,
1015 792 1210 857 conversatio,
1233 789 1377 857 doctrina,
1400 790 1583 855 resurreeti0‚
1607 806 1708 846 aseen-

81 888 90 940 t
104 883 189 939 labor
198 884 426 953 congressionis.
441 884 578 957 Sequitur
594 902 600 941 :
619 883 698 939 Sient
711 883 825 939 sonitus
879 882 931 939 sio.
949 885 1001 938 l‘er
1011 898 1087 954 quas
1100 881 1150 937 illa
1164 881 1308 955 quinque,
1324 895 1391 952 quae
1406 879 1443 934 de
1458 879 1707 950 contemplatione

81 971 210 1043 rigarem
235 989 325 1046 super
339 974 437 1047 capita
451 973 597 1029 utentium
613 973 734 1039 exsiliet,
748 972 823 1029 sieut
878 970 957 1027 dieta
982 975 1059 1037 suut,
1085 971 1233 1027 sidentur.
1254 973 1400 1040 damper
1422 966 1606 1023 nativitatem
1631 968 1705 1038 ejus,

81 1080 110 1118 rs
122 1063 256 1119 flamme
276 1064 352 1131 ignis
375 1063 545 1120 devorantis
565 1062 705 1136 stipulum
721 1081 728 1119 τ
744 1063 825 1120 velut
877 1059 978 1116 multis
992 1059 1150 1116 manifesta
1165 1063 1234 1115 sunt
1247 1062 1370 1131 peecata
1383 1061 1411 1112 et
1422 1057 1568 1125 gehenna.
1580 1057 1707 1111 (tormer-

81 1152 124 1207 lus
137 1151 220 1208 fortis
243 1156 429 1224 praeparatur
452 1152 490 1208 ad
516 1151 663 1225 praelium.
688 1151 736 1207 llio
758 1168 823 1208 sue·
878 1149 952 1205 satio
966 1149 1030 1221 ejus
1045 1152 1146 1222 aperte
1172 1148 1272 1205 tloeuil
1293 1145 1451 1220 praesentia
1474 1148 1664 1200 contemnere
1679 1148 1707 1200 et

81 1259 85 1294 ι
106 1240 245 1297 inseritur
266 1241 351 1298 labor
372 1246 400 1297 et
417 1241 540 1298 victoria
561 1241 820 1310 evangelistarum,
876 1239 915 1294 ad
930 1244 1041 1295 aeterna
1053 1254 1138 1312 spem
1153 1238 1278 1310 dirigere
1293 1255 1300 1292 z
1316 1236 1452 1292 doetrina
1474 1251 1545 1291 sero
1561 1233 1630 1288 salis
1645 1233 1707 1302 agit

81 1344 113 1386 er
125 1329 218 1385 vitam
245 1346 341 1396 suam,
365 1345 418 1402 per
437 1329 582 1386 miracula
605 1333 633 1386 et
655 1329 821 1386 doctrinam
876 1328 913 1384 de
926 1328 1039 1400 judieio
1053 1334 1081 1386 et
1093 1343 1185 1398 regno
1200 1348 1206 1397 ;
1222 1329 1252 1384 in
1266 1326 1480 1383 resurreetione
1502 1330 1639 1382 ostensus
1662 1328 1706 1380 est

81 1423 203 1489 egerunt
235 1419 392 1476 elationem
419 1419 628 1493 superborum.
664 1418 821 1490 Quadrigas
876 1421 969 1474 status
985 1418 1117 1492 eorporis
1140 1422 1168 1474 et
1182 1416 1365 1486 glorifieatio,
1385 1414 1458 1488 quia
1476 1414 1627 1488 sicutipse
1641 1430 1704 1470 sur·

81 1507 276 1579 evangeliste,
297 1513 325 1564 et
339 1514 456 1565 tuentes
473 1508 604 1582 superbi,
621 1509 734 1565 sonitus
749 1524 822 1581 pree·
876 1512 950 1563 rexit
963 1508 993 1565 in
1009 1508 1145 1577 gloriam,
1165 1508 1248 1565 itaet
1270 1523 1325 1563 uos
1347 1521 1401 1580 per
1418 1506 1518 1578 ipsum
1535 1523 1541 1573 ;
1556 1505 1588 1560 in
1602 1519 1704 1560 aseen-

82 1597 193 1664 ofidei,
210 1598 343 1664 baulme,
367 1598 520 1664 miracula,
551 1598 659 1671 stipula
687 1603 855 1673 peecatass
876 1595 959 1652 sione
974 1600 1074 1652 autem
1089 1597 1276 1669 aliquatenus
1294 1594 1381 1651 nobis
1404 1593 1532 1650 innotuit
1549 1592 1703 1666 quomodo

81 1691 152 1743 tur:
168 1690 191 1742 ,t
215 1686 288 1742 faeie
304 1687 368 1757 ejus
383 1687 594 1744 cruciabuntur
608 1688 712 1762 populi
726 1706 732 1753 3
758 1704 821 1744 om·
876 1684 996 1757 spiritus
1008 1691 1107 1741 noster
1121 1703 1190 1742 eum
1206 1689 1266 1742 Deo
1280 1684 1430 1749 uniendus
1440 1684 1485 1741 sit.
1501 1683 1702 1755 Corpusenim

84 1774 162 1831 ultus
176 1775 347 1844 redigentur
360 1775 391 1831 in
416 1776 516 1833 ollam.
539 1776 644 1850 Populi
667 1776 817 1840 erueiatio,
874 1774 1044 1831 humanum
1058 1775 1114 1830 nisi
1129 1791 1182 1847 per
1196 1774 1380 1830 divinitatem
1393 1773 1449 1830 sibi
1460 1773 1573 1829 unitam
1587 1772 1702 1843 absque

81 1869 144 1920 test
158 1865 284 1919 salubris
299 1864 499 1938 compunctio,
516 1865 616 1920 vultus
629 1866 658 1920 in
670 1865 760 1921 ollem
775 1881 819 1921 re·
875 1864 958 1919 omni
971 1863 1107 1920 vehiculo
1131 1864 1240 1920 elevari
1264 1879 1384 1919 sursum
1404 1863 1452 1918 vel
1470 1861 1620 1919 transferri
1640 1875 1703 1917 uon

81 1969 98 2020 ι,
119 1953 240 2026 propria
257 1953 370 2017 suiset,
386 1969 421 2010 ae
436 1954 550 2009 sineere
563 1954 702 2025 cognitio.
720 1955 820 2028 Sequi·
844 2024 848 2032 Ι
874 1953 978 2025 potuit.
993 1955 1047 2009 Per
1060 1954 1115 2009 has
1125 1969 1247 2026 quoque
1261 1953 1405 2009 fenestras
1420 1951 1574 2024 apostolici
1585 1951 1640 2006 viri
1655 1965 1702 2005 oa·

81 2041 156 2098 Sient
169 2041 257 2098 fortes
279 2043 579 2115 eur1·ent‚quasiviri
602 2043 759 2100 bellatores
774 2060 819 2099 as·
873 2043 958 2111 dunt,
974 2044 1046 2118 quia
1066 2044 1258 2118 praefatorum
1282 2042 1405 2099 sollicita
1429 2041 1619 2098 meditatione
1638 2055 1702 2096 sese

81 2135 116 2187 nt
129 2146 260 2187 murum.
287 2132 384 2187 Primo
399 2135 517 2188 notatur
540 2131 723 2205 prosperitas
743 2149 817 2205 pree-
873 2131 1006 2189 funditus
1019 2133 1178 2190 humiliant
1190 2138 1218 2189 et
1229 2148 1349 2189 earnem
1364 2122 1451 2188 suam
1465 2134 1602 2199 atterunt,
1611 2146 1704 2186 mem-

81 2220 154 2287 enis,
168 2221 302 2277 seeundo
312 2221 433 2277 victoria
448 2221 627 2289 certaminis,
640 2238 674 2277 ae
689 2239 743 2295 pro
757 2222 817 2279 fide
872 2221 928 2277 bra
943 2239 998 2278 sua
1012 2222 1274 2279 mortificantdum
1289 2237 1324 2278 ea
1336 2220 1478 2278 veraciter
1488 2237 1523 2277 ae
1538 2220 1703 2294 speeialiter

81 2310 157 2367 entia
184 2311 428 2367 mortificationis.
459 2312 596 2384 Sequitur
612 2329 618 2367 :
644 2310 701 2367 Viri
722 2311 752 2368 in
765 2312 818 2367 viis
873 2316 1026 2384 appetunt.
1042 2311 1173 2368 sednon
1188 2309 1703 2382 demoliuntur,quianeebenigni-

81 2398 254 2469 uadientur,
269 2405 297 2456 et
309 2416 369 2455 non
381 2400 574 2456 declinabunt
589 2401 731 2457 asemilis
745 2401 816 2458 suis.
872 2405 917 2458 tas
932 2400 1049 2469 laedere,
1066 2400 1239 2457 neerei-itas
1254 2399 1364 2467 fallere,
1380 2415 1434 2454 nee
1446 2399 1560 2470 justitia
1570 2403 1702 2455 eontem-

81 2494 215 2545 =notatur
235 2490 465 2562 praedicatorum
481 2491 651 2559 eoncordia,
674 2472 816 2559 seeundo,
871 2505 952 2558 nere,
969 2506 1024 2546 nee
1037 2490 1156 2546 castitas
1172 2504 1364 2561 eorrumpere
1378 2487 1461 2543 novit
1471 2488 1518 2544 eui
1526 2488 1701 2554 innituntur,

81 2594 127 2634 um
148 2583 178 2634 et
200 2578 271 2634 fidei
292 2580 521 2651 perseverantia.
544 2580 701 2652 Sequitur:
727 2582 818 2636 linus·
872 2595 927 2636 nee
944 2579 1089 2654 sapientie
1104 2578 1174 2646 falli,
1187 2594 1242 2634 nee
1256 2578 1350 2634 virtus
1363 2576 1519 2645 infirmari,
1531 2594 1585 2634 neo
1600 2581 1703 2652 peten-

81 2684 113 2724 ue
127 2667 250 2725 fratrem
275 2685 364 2724 suum
379 2685 439 2725 uon
455 2670 618 2726 coarctabit
633 2688 640 2738 ;
667 2670 775 2740 singuli
787 2671 818 2727 in
872 2669 912 2725 tia
929 2669 1072 2743 superari,
1093 2684 1148 2724 rire
1168 2667 1315 2724 aeternitas
1329 2667 1438 2722 mutari
1456 2665 1503 2722 eui
1523 2667 1700 2739 junguntur.

81 2772 126 2813 tuo
140 2755 350 2813 ambulabunt.
365 2758 469 2814 belliue
485 2759 675 2832 prosequitur
689 2759 818 2833 prophe·
874 2758 1011 2832 Sequitur
1028 2776 1034 2815 :

81 2845 258 2901 inimitatem
272 2846 487 2919 apostolorum,
514 2852 543 2903 et
561 2848 817 2904 eoneorelissiman
907 2847 1016 2904 Urbem
1048 2847 1260 2917 ingredientur,
1284 2845 1315 2901 in
1338 2862 1425 2902 muro
1444 2849 1572 2913 eumont,
1595 2845 1703 2903 domos

81 2939 167 2991 tatem
190 2950 306 3003 eorum,
331 2934 383 3007 qui
405 2935 445 2991 sie
471 2936 500 2991 in
522 2936 637 2993 mundo
653 2937 852 3033 seminave-C
872 2939 1082 2995 conscendent.
1099 2937 1183 3006 Urbs,
1196 2937 1279 2993 estin
1294 2936 1350 2992 hoe
1364 2938 1430 2992 loeo
1441 2936 1703 2993 eoetushominum

81 3023 280 3093 Evangelium
303 3040 341 3080 ne
364 3025 437 3081 alter
461 3025 516 3082 sibi
541 3031 699 3100 usurparet
713 3044 816 3084 settten
871 3028 911 3084 ad
924 3028 1087 3084 vivendum
1102 3027 1132 3084 in
1147 3042 1308 3083 commune
1326 3031 1586 3096 congregatorum.
1603 3029 1701 3083 Murus

81 3128 129 3168 un.
148 3112 218 3169 ltine
242 3115 424 3186 Apostolus:
450 3117 516 3171 Nou
542 3117 637 3172 ntideo
660 3118 743 3188 ioqui
761 3119 816 3173 eli·
870 3122 915 3173 est
942 3117 1101 3174 obstinatio
1129 3116 1243 3182 animi;
1268 3115 1377 3173 tlemus
1403 3114 1589 3184 singulorum
1617 3133 1702 3172 eons-

81 3216 186 3275 eerem,
201 3220 264 3275 que
282 3221 340 3275 per
359 3222 404 3261 me
426 3221 484 3261 riori
512 3206 605 3276 efficit
626 3206 763 3264 Christus
783 3209 814 3264 ie
871 3208 984 3265 eientiea
1013 3206 1141 3280 peccatis
1169 3206 1333 3261 obduratae.
1363 3208 1455 3260 Tanta
1481 3204 1534 3260 erit
1560 3206 1654 3275 gratia
1673 3211 1702 3262 et

81 3293 183 3348 entiam
197 3297 336 3366 gentium,
352 3297 383 3351 in
402 3294 499 3367 uerbo,
521 3297 551 3351 io
565 3296 666 3366 feretis,
685 3297 716 3352 in
740 3299 815 3353 veri·
869 3296 1010 3354 fortitude
1023 3294 1229 3370 apostolorum
1251 3299 1279 3350 et
1291 3293 1523 3366 apostolicorum
1549 3294 1698 3364 vivorum,

81 3382 213 3451 priorum
227 3388 255 3439 et
266 3384 486 3455 prodigiorum,
502 3386 534 3439 in
547 3387 671 3441 virtutes
684 3385 814 3454 Spiritus
869 3391 901 3445 ut
927 3387 1016 3444 etiam
1044 3392 1154 3442 eertum
1182 3384 1399 3441 malitiosorum
1426 3383 1584 3440 bominum
1607 3401 1699 3460 expu·

83 3472 149 3538 ‚tle
165 3478 198 3527 ut
210 3473 424 3530 obderusetem
435 3475 662 3544 pereireuitum
673 3476 816 3548 usquead
869 3483 969 3547 guent,
996 3475 1227 3533 obstinationem
1256 3473 1360 3548 spiritu
1390 3472 1569 3530 fortitudinis
1595 3474 1700 3533 dissol-

81 3576 136 3616 rum
164 3563 340 3632 repleverim
364 3565 561 3635 Eeenpele'um
585 3564 700 3620 Christi
718 3565 811 3637 (Item.
868 3572 948 3637 vant,
965 3566 1160 3624 eonseientias
1181 3563 1378 3636 singulorum,
1404 3562 1540 3638 spiritum
1555 3565 1655 3635 gratiae
1670 3571 1698 3624 et

81 3650 137 3707 lem
164 3650 275 3707 ibidem
291 3669 298 3708 τ
314 3653 362 3708 Sir
377 3659 474 3710 aretem
494 3655 661 3723 predicari
677 3655 813 3726 Eeeope
867 3674 991 3730 precum
1007 3656 1169 3714 obtineant.
1187 3654 1347 3728 Sequitur:
1370 3656 1423 3712 Per
1444 3653 1586 3711 fenestras
1608 3655 1697 3714 intra-

81 3742 135 3811 iod
151 3757 211 3797 aon
228 3742 278 3797 aba
292 3744 462 3799 mentientes
486 3750 527 3800 est
544 3743 690 3816 Christus,
710 3761 748 3803 rie
765 3762 813 3801 eu-
866 3746 943 3804 bunt
958 3747 1045 3821 quasi
1064 3746 1120 3803 fur.
1144 3748 1287 3803 Fenestree
1303 3749 1372 3801 sunt
1388 3743 1419 3800 in
1433 3743 1490 3800 hoe
1511 3744 1577 3802 loeo
1597 3745 1695 3818 timor,

81 3830 178 3886 iemem
191 3832 422 3901 seeitdomeotam
437 3833 615 3903 teretifieorem
633 3835 736 3908 (itud).
764 3838 812 3893 Se·
867 3838 977 3895 scilieet
1003 3837 1105 3894 eterni
1126 3835 1273 3911 supplicii,
1302 3835 1388 3891 dolor
1408 3835 1561 3908 presentis
1590 3835 1692 3904 exsilii,

95 3937 102 3974 :
121 3920 178 3976 Sed
193 3925 221 3976 et
235 3937 288 3994 per
302 3921 444 3977 fenestras
460 3923 576 3991 eadent,
591 3930 619 3980 et
632 3940 694 3980 non
710 3925 811 3982 demo-
866 3944 934 4002 spes
949 3927 1075 3985 cerlestis
1089 3926 1214 4000 prendi,
1229 3925 1356 3983 brevitas
1369 3924 1459 3996 hujus
1473 3924 1551 3992 vitm,
1566 3924 1694 3981 mutabi-

81 4023 97 4066 ,·.
112 4011 257 4066 Fenestue
273 4011 406 4084 quinque
431 4017 500 4067 sunt
514 4012 696 4086 dispensatio
716 4015 810 4071 iuear·
863 4018 930 4075 litas
943 4017 1078 4074 fontaines.
1094 4017 1191 4073 Priuta
1201 4015 1320 4089 respicit
1332 4014 1371 4072 ad
1382 4014 1577 4083 oeeidentem,
1591 4030 1694 4072 seeun-

82 4095 117 4165 is,
134 4097 181 4153 vel
206 4098 338 4172 quinque
365 4100 448 4156 modi
460 4100 566 4156 divium
588 4103 811 4175 contemplatio·
864 4108 904 4164 da
919 4107 958 4164 ad
979 4107 1161 4181 aquilonem,
1187 4104 1270 4162 tertie
1291 4104 1330 4161 ad
1351 4103 1505 4173 orientem,
1527 4109 1634 4178 quarta
1653 4106 1692 4162 ad

81 4186 166 4244 imus
187 4189 297 4245 modus
312 4191 569 4263 contemplationis
584 4197 628 4248 est
642 4193 809 4250 considera-
864 4203 1009 4264 austrum,
1036 4196 1141 4269 quinta
1168 4195 1258 4266 liujus
1288 4193 1395 4249 mundi
1427 4193 1595 4250 considerat
1626 4211 1693 4252 een-

81 4293 127 4351 pte
143 4282 171 4336 et
186 4280 348 4350 gebennis:
365 4281 723 4356 secundus,eontemptus
734 4300 808 4356 pree·
862 4294 953 4345 trum.
967 4290 1020 4343 Per
1033 4287 1088 4342 has
1103 4282 1289 4352 singidortun
1303 4281 1404 4338 furtim
1416 4283 1526 4339 intrant
1541 4285 1691 4340 eonscien-

81 4384 108 4424 m
128 4373 156 4424 et
169 4384 236 4442 spes
256 4369 423 4426 futurorum
439 4389 446 4437 ;
472 4372 582 4439 tertius,
608 4373 755 4444 judicium
780 4378 809 4431 et
863 4379 927 4445 tias,
942 4393 1018 4450 ques
1034 4374 1118 4432 faeile
1138 4374 1280 4445 superant
1293 4370 1367 4426 dum
1382 4370 1507 4442 praefata
1525 4376 1592 4428 ante
1607 4388 1690 4428 men·

81 4474 105 4514 n
121 4475 128 4525 ;
151 4466 285 4533 quartus,
308 4464 400 4517 status
425 4461 556 4540 eorporis
571 4466 599 4517 et
622 4463 805 4533 glorificatio,
861 4469 897 4525 tis
912 4466 1015 4523 oeulos
1029 4464 1221 4533 congregant.
1237 4459 1335 4517 timor
1346 4457 1493 4531 siquidem
1508 4461 1623 4533 pungit,
1639 4462 1691 4521 do·

83 4549 251 4605 seeundum
265 4550 348 4622 quod
364 4551 417 4606 erit
429 4550 569 4623 passibile
582 4552 629 4608 vel
639 4552 807 4626 impassibi·
861 4559 907 4615 lor
919 4555 1047 4631 expellit,
1069 4569 1137 4626 spes
1151 4551 1250 4619 trehit,
1272 4547 1402 4606 brevitas
1416 4549 1545 4621 instigat,
1568 4551 1689 4610 instabi-

80 4637 205 4695 rifieatio
221 4639 386 4696 seeundum
402 4641 483 4714 quod
499 4641 552 4697 erit
571 4642 728 4698 ineffabilis
742 4642 807 4716 pul·
861 4649 927 4705 litas
942 4646 1066 4701 fortimee
1079 4642 1162 4712 fugat
1179 4659 1185 4711 ;
1202 4640 1303 4713 sieque
1318 4654 1403 4695 mens
1418 4638 1562 4716 neophyti
1577 4643 1615 4700 ad
1639 4661 1691 4720 pa-

81 4729 162 4797 linis,
190 4730 237 4785 sel
264 4730 448 4803 prefulgida
474 4732 613 4788 claritatis
634 4752 640 4802 ;
673 4734 805 4808 quintus,
861 4737 948 4794 triam
959 4733 1075 4804 fugiens
1087 4731 1214 4788 festinat.
1240 4727 1376 4803 Sequitur
1392 4748 1398 4786 ε
1413 4735 1436 4786 Λ
1454 4729 1528 4789 faeie
1541 4733 1606 4806 ejus
1620 4752 1690 4793 eon-

81 4819 200 4893 spiritus
216 4836 285 4876 eum
307 4824 376 4889 lteo,
393 4823 475 4894 quod
489 4827 533 4878 est
546 4840 599 4896 per
622 4824 724 4880 omnia
738 4841 807 4880 eon·
861 4823 980 4883 tremuit
992 4828 1079 4891 terra,
1096 4826 1124 4880 et
1138 4821 1203 4879 coeli
1218 4820 1291 4878 moti
1303 4823 1380 4879 sunt.
1404 4825 1490 4881 Terra
1505 4829 1573 4881 sunt
1585 4841 1690 4901 peeea·

81 4909 124 4966 io.
142 4912 194 4966 f‘er
206 4911 261 4966 has
276 4911 419 4969 fenestras
430 4913 566 4986 apostoli,
582 4914 673 4970 etairi
688 4921 806 4989 aposto·
861 4922 949 4984 tores,
968 4913 1033 4970 eteli
1051 4913 1132 4987 justi.
1157 4912 1214 4969 Sed
1233 4917 1343 4970 terrae
1361 4914 1520 4986 presentia
1542 4916 1690 4989 apostolo

84 4999 196 5056 abutar
207 5001 327 5069 eredunt,
342 5004 476 5075 quando,
487 5004 594 5060 devota
608 5005 807 5078 l1orum,e0n-
861 5022 928 5062 rum
943 5003 1119 5061 contrenmit
1140 5001 1179 5059 ad
1200 5002 1415 5076 penitentiam.
1437 5006 1450 5061 J
1455 5005 1519 5074 usti,
1542 5011 1690 5079 quotquot

81 5088 163 5157 ione,
189 5091 317 5146 Creatori
342 5110 405 5148 sese
432 5093 581 5150 humiliter
604 5100 805 5168 prosternunt.
861 5099 945 5152 erant
959 5093 1127 5163 inmundo,
1149 5093 1302 5151 audientes
1322 5110 1426 5151 eorum
1447 5093 1622 5156 doctrinam,
1648 5092 1690 5149 ri-

81 5177 181 5235 dendo
195 5197 257 5236 nen
270 5181 481 5250 demoliuntur,
498 5184 550 5238 sed
570 5184 667 5256 potius
690 5185 806 5254 erigun·
860 5190 932 5253 tam,
945 5185 1068 5258 famam,
1085 5183 1158 5240 moti
1172 5188 1251 5251 sunt,
1267 5183 1428 5257 pronihilo
1443 5198 1528 5237 sunm
1546 5181 1688 5237 dueentes

88 5268 323 5338 consolidantur,
347 5272 434 5341 juxta
459 5271 555 5327 illud:
581 5273 682 5329 Omreis
703 5276 806 5346 quise
859 5275 1014 5346 justitiam.
1056 5275 1222 5348 Sequitur:
1258 5272 1306 5329 Sol
1337 5275 1366 5327 et
1395 5271 1468 5326 luna
1502 5269 1687 5328 obtenebrati

81 5363 101 5430 t,
110 5358 321 5416 humiliabitur
332 5363 412 5428 (Lae.
424 5365 491 5428 sut.
503 5361 585 5418 llnde
592 5362 623 5418 in
638 5364 805 5437 ltpoealyp-
861 5370 939 5433 sunt,
954 5369 983 5421 et
997 5364 1087 5420 stella
1110 5364 1295 5418 retraxerunt
1310 5358 1500 5432 splendorem
1519 5375 1617 5416 suum.
1638 5360 1686 5418 Sol

85 5463 153 5504 eum
174 5449 292 5518 clarent,
316 5449 410 5523 inquit
433 5454 572 5520 loannes
594 5454 651 5509 illa
674 5459 805 5524 quatuor
860 5458 903 5510 est
917 5452 1063 5527 sapientia
1085 5447 1209 5517 sieeuli3
1235 5448 1316 5514 luna,
1341 5445 1473 5520 potentia
1496 5446 1587 5520 hujus
1599 5465 1686 5508 muu-

81 5537 122 5592 lie
145 5538 285 5606 pieriam,
310 5543 336 5594 et
362 5539 502 5595 torrorem
523 5546 549 5596 et
575 5540 802 5599 benedictionem
859 5542 889 5598 di
906 5561 912 5609 ;
929 5541 1028 5609 stellae,
1043 5538 1290 5615 philosophorom
1311 5542 1396 5594 seete
1414 5555 1420 5607 ;
1437 5538 1578 5612 splendor
1592 5539 1686 5597 stella-
1757 5559 1761 5572 ·

81 5626 192 5711 isuper
202 5627 353 5704 tirenum,
376 5630 489 5708 triremi
501 5631 531 5687 ie
554 5631 662 5687 eremita
681 5631 804 5690 secuto-
857 5646 936 5705 rum,
952 5630 1048 5689 cultus
1061 5633 1089 5688 et
1102 5628 1184 5688 fama
1191 5631 1350 5689 sectarum.
1366 5627 1423 5687 Sed
1433 5628 1477 5686 sol
1487 5629 1596 5688 etluna
1606 5629 1687 5689 obte-
