3832 6044
66 123 114 182 ur
643 128 950 200 taseeaastlsrstv
971 126 1203 204 coarctarit.
1720 137 1770 208 rsa

61 247 120 311 nisi
130 262 281 328 quantum
293 256 356 332 lpse
367 259 487 317 animus
498 261 545 318 vel
558 262 614 320 ista
628 267 818 338 aspernando
828 283 895 340 pro·
912 271 934 323 Α
948 268 1109 327 vanitatem
1125 271 1309 329 mortalitatis
1325 277 1550 341 commemorat,
1566 276 1599 329 ut
1612 273 1699 346 quasi
1712 275 1770 332 ho'e

61 343 132 411 ficit,
149 345 197 402 vel
216 345 317 405 deficit
330 363 469 422 perverse
491 352 632 421 amando,
657 358 708 410 aut
730 357 891 413 metuendo
946 359 1065 416 enimus
1084 361 1236 418 humanus
1252 362 1282 418 in
1301 363 1360 418 tine
1378 363 1490 432 audiat,
1511 363 1594 436 quod
1611 363 1709 434 magis
1720 362 1771 429 nel

59 449 149 491 rane.
168 437 287 502 Quanta
297 453 368 508 ergo
382 439 499 496 vanitas
518 446 571 510 est,
587 441 651 500 haec
665 443 753 516 quasi
765 444 892 517 alicujus
946 463 1027 505 cesse
1037 453 1081 505 est
1092 449 1203 507 intenta
1216 450 1450 509 consideratione
1461 437 1771 526 percipere‘e'tsrspius

59 524 121 580 sint
137 527 295 595 momenti,
313 527 374 584 sive
388 529 426 586 ad
442 530 586 599 dandam,
603 532 664 587 sive
677 533 716 590 ad
729 529 891 592 tollendam
945 528 984 592 ad
998 536 1176 595 memoriam
1190 555 1341 596 revocare.
1359 542 1426 597 Ηιθθ
1444 556 1500 596 nos
1515 556 1570 613 pro
1585 543 1675 614 captu
1689 539 1771 598 intel·

59 614 192 671 salutem
223 619 305 674 tanta
329 613 527 676 sollicutidine
554 637 590 677 ac
615 622 782 681 curiositate
810 640 891 698 pros·
945 624 1071 695 ligentire
1085 631 1193 683 nostrae
1218 627 1248 683 ia
1272 628 1475 695 Ecclesiasteu,
1495 628 1548 702 qui
1564 628 1713 685 secundus
1727 633 1772 686 est

57 700 172 774 pluere,
189 708 217 760 et
232 719 268 761 ea
282 704 312 761 in
327 706 437 779 quibus
449 724 518 766 vera
533 709 613 765 salus
623 715 739 768 constat
753 711 892 770 interiora
947 712 1091 772 librorum
1121 715 1287 773 Salomonis
1316 717 1512 790 aperiendum
1536 716 1771 788 ingredientibus

58 791 143 848 bona
158 797 287 851 autnon
302 795 453 853 attendere
468 802 520 854 aut
534 798 747 858 dissimulare?
762 802 839 870 Quid
853 802 890 859 de
945 805 1010 875 ejus
1021 804 1177 861 lectionem
1193 805 1770 880 preparavimrrs.aaete1·umtoumejm

56 881 304 955 concupiscentia
332 885 429 942 carnis
463 886 591 944 dicam?
617 890 714 955 Quam
740 890 776 948 sit
800 907 888 960 vana,
945 892 1131 950 latitudinem
1145 893 1235 963 digne
1259 895 1420 968 explanare
1446 910 1537 968 supra
1551 895 1629 950 vires
1653 900 1770 952 nostrus

57 985 131 1026 cum
155 970 223 1044 ipsa
238 972 335 1029 carnis
358 972 512 1032 delectatio
533 980 779 1052 quantacumque
794 977 889 1048 tuerit,
946 982 1072 1040 latemur
1085 998 1167 1039 esse:
1185 983 1282 1061 magis
1298 983 1327 1040 in
1342 977 1433 1040 rebus
1444 982 1618 1055 hujusmodl
1634 981 1694 1041 alia
1704 982 1771 1058 pida

57 1073 113 1114 nec
128 1060 279 1133 praeterita
292 1062 397 1133 juvare
421 1063 523 1136 possit,
549 1079 604 1121 nec
628 1082 760 1139 prensens
775 1077 891 1141 perma-
945 1068 1088 1129 funditate
1103 1074 1195 1140 tectis,
1212 1061 1365 1130 doctorem
1376 1073 1666 1146 audirequoerentes,
1677 1089 1770 1147 quam

57 1148 156 1203 naret
172 1147 250 1213 Quid
263 1149 386 1222 prodest
399 1161 520 1208 carnem
531 1152 706 1211 morituram
717 1152 889 1212 deliciarum
944 1161 1074 1217 doctoris
1088 1160 1184 1218 vicem
1200 1163 1338 1235 arripere.
1352 1162 1441 1232 uagis
1454 1161 1534 1218 enim
1545 1162 1660 1218 bonurn
1674 1166 1727 1231 est,
1739 1166 1771 1219 ut

56 1226 181 1305 luxmet
194 1237 383 1312 voluptatum
395 1240 547 1299 affluentia
557 1247 660 1300 eontra
670 1244 890 1317 corruptionem
944 1250 985 1306 ait
998 1250 1089 1318 Plato,
1107 1250 1204 1307 aliena
1218 1251 1386 1308 verecundo
1402 1251 1525 1319 discere,
1541 1267 1635 1324 quam
1651 1267 1706 1308 sua
1728 1251 1771 1308 in·

56 1331 142 1383 tanto
157 1326 267 1384 adnisu
290 1329 459 1400 defendere,
475 1347 544 1388 cum
559 1348 648 1389 nemo
668 1333 704 1390 sit
721 1334 773 1407 qui
797 1335 891 1408 possit
944 1354 1044 1409 gerere
1060 1339 1259 1413 impudenter.
1275 1340 1360 1406 Quod
1376 1340 1399 1395 si
1412 1356 1474 1413 qua
1489 1355 1579 1413 super
1592 1339 1650 1396 hoo
1665 1354 1771 1395 conva-

56 1432 155 1473 eama
171 1418 362 1491 corruptione
377 1421 525 1477 custodire
539 1422 553 1477 t
569 1425 643 1479 Nam
656 1422 796 1496 superbia
809 1423 888 1492 vitae,
943 1427 1058 1485 nienter
1071 1429 1254 1486 valuerimus
1264 1430 1371 1497 dicero,
1383 1433 1490 1502 proeter
1505 1445 1591 1502 spem
1601 1429 1646 1497 sit,
1658 1433 1687 1486 et
1697 1428 1771 1486 exis·

57 1507 117 1563 sive
146 1506 187 1563 de
212 1507 331 1577 divitiis,
360 1509 422 1566 sive
448 1511 643 1581 dignitatibus
664 1511 783 1581 gloriari
808 1513 886 1581 velit,
943 1519 1136 1576 limationem.
1146 1519 1174 1576 Si
1184 1519 1553 1592 quautiliter,nonpraeter
1563 1519 1768 1577 intentionem.

57 1595 133 1669 quid
148 1595 257 1652 vanius
271 1612 336 1653 esse
346 1599 466 1671 potest?
480 1599 550 1666 Quis
563 1600 643 1657 enim
658 1616 719 1657 non
736 1618 813 1660 vane
828 1603 888 1673 glo
907 1627 927 1681 Β
941 1608 1073 1665 Primum
1084 1608 1170 1682 quasi
1180 1609 1361 1682 prooemium
1370 1609 1526 1683 quoddam
1537 1608 1769 1682 puemittitlibro

57 1684 150 1741 rietur
177 1685 363 1759 ampliasse
387 1688 499 1744 ceteris
528 1694 684 1746 oneratum
712 1691 801 1748 esse?
829 1695 888 1751 Hoc
944 1715 1014 1754 suo:
1031 1698 1060 1754 in
1075 1715 1136 1771 quo
1148 1714 1215 1755 eam
1226 1715 1319 1771 quarn
1331 1699 1636 1756 commemoravimus
1646 1713 1770 1773 sequen·

56 1773 193 1846 profecto
208 1775 324 1843 divilier,
340 1776 397 1833 hoc
412 1777 569 1848 dignitates
587 1778 647 1836 suis
666 1780 889 1854 possessoribus
943 1787 979 1844 tis
998 1788 1097 1861 operis
1118 1788 1263 1861 triplicem
1284 1789 1440 1845 materiam
1455 1786 1618 1860 distingult,
1645 1789 1683 1846 de
1708 1794 1770 1862 qua

58 1863 157 1921 solum
171 1865 338 1934 conterunt,
351 1871 383 1923 ut
397 1867 480 1941 quod
494 1867 524 1924 in
537 1868 580 1924 eis
593 1869 661 1942 plus
676 1870 741 1927 aliis
755 1871 889 1945 accipere
942 1876 1137 1950 postmodum
1152 1875 1239 1932 latius
1260 1874 1425 1946 ingreditur
1445 1876 1687 1950 disputationem.
1702 1878 1769 1932 Pro-

57 1953 209 2022 videntur,
220 1953 289 2011 inde
304 1956 371 2029 plus
382 1956 446 2014 aliis
461 1959 574 2015 onerati
589 1959 796 2019 inveniantur:
811 1974 888 2036 quos
943 1964 1067 2022 onmium
1092 1965 1180 2037 igitur
1203 1969 1264 2022 cst:
1294 1966 1416 2023 Vanitos
1445 1967 1624 2038 vanitatum,
1651 1966 1770 2023 vanitas

58 2047 134 2099 certe
165 2059 222 2116 pro
245 2043 359 2100 eisdem
385 2046 575 2120 acquirendis
603 2049 649 2105 vel
678 2052 889 2108 conservandis
942 2055 1122 2126 vanitatum,
1138 2059 1166 2112 et
1180 2055 1280 2111 omnia
1295 2055 1423 2121 vanitas,
1440 2069 1551 2127 usque:
1569 2053 1770 2124 Oritursot,et

57 2132 123 2206 plus
137 2148 261 2206 semper
273 2133 320 2190 vel
335 2133 436 2191 labore
451 2140 579 2193 atterunt
593 2137 639 2194 vel
654 2155 727 2196 eura
741 2138 886 2211 affligunt.
942 2144 1058 2201 oceidit.
1069 2142 1184 2200 abinde
1195 2143 1293 2217 prima
1305 2159 1376 2216 pars
1383 2142 1450 2198 libri
1458 2142 1658 2211 'inchoatunet
1665 2144 1771 2198 cratera

59 2217 113 2279 Sed
136 2221 170 2278 in
193 2221 241 2279 his
262 2222 404 2280 omnibus
424 2225 540 2282 vanitas
560 2241 673 2297 magna
696 2233 749 2298 est,
765 2234 794 2286 et
817 2245 888 2287 cura
943 2232 1017 2288 sicut
1031 2232 1170 2290 divimus.
1193 2235 1276 2289 Nunc
1291 2232 1356 2306 ipsa
1368 2232 1470 2290 litteris
1490 2231 1583 2289 verba
1602 2231 1769 2288 considere-

58 2311 223 2385 superflua.
249 2311 368 2369 vanitas
395 2313 591 2384 mortalitatis,
617 2332 685 2389 quer
706 2317 738 2374 in
768 2318 888 2376 duobus
943 2337 1020 2390 mus,
1041 2321 1154 2395 siquid
1171 2321 1259 2378 ineis
1274 2338 1310 2378 ex
1334 2321 1379 2390 iis,
1402 2337 1470 2395 quas
1485 2337 1577 2394 supra
1595 2319 1674 2377 dieta
1689 2323 1767 2389 sunt,

58 2405 184 2470 constat,
201 2401 233 2458 in
245 2417 337 2475 poena
351 2401 487 2460 videlicet
497 2420 565 2478 quae
580 2405 686 2474 atterit,
711 2411 740 2464 et
752 2407 782 2463 in
797 2423 889 2481 poena
943 2409 1196 2483 comprehendere
1211 2409 1376 2467 valeamus.

58 2506 122 2564 quae
150 2489 298 2548 dissolvit.
325 2493 415 2548 Poena
441 2508 510 2565 quse
538 2493 643 2562 atterit,
674 2494 808 2568 primum
831 2511 888 2552 nos
984 2499 1108 2555 Venitne
1126 2500 1295 2556 vanitatum
1316 2499 1405 2571 (dicit
1419 2497 1634 2570 Ecclesiastes),
1650 2497 1768 2554 vanitas

58 2580 124 2637 tacit
138 2594 195 2652 per
210 2578 360 2637 detectum
374 2579 442 2637 vitae
464 2597 627 2640 senescere.
644 2586 734 2640 Poena
748 2600 816 2658 ques
830 2585 889 2642 dis·
942 2588 1121 2660 ceaitatum,
1142 2593 1170 2645 et
1184 2589 1284 2645 amam
1303 2588 1431 2645 vanitas.
1456 2589 1529 2644 Cum
1552 2585 1685 2660 pondere
1699 2601 1768 2658 pro·

58 2668 154 2736 solvit,
180 2669 376 2742 postmodum
402 2671 553 2744 compellit
577 2672 608 2728 in
632 2672 821 2746 putredinem
833 2674 885 2743 ire,
941 2675 1142 2733 nuntiandum
1154 2675 1292 2750 estquod
1304 2675 1342 2731 de
1357 2691 1387 2732 se
1402 2674 1489 2749 quast
1503 2674 1540 2730 de
1555 2673 1614 2732 alio
1625 2672 1767 2747 loqtdtur,

58 2762 83 2815 et
94 2759 126 2815 in
140 2756 300 2831 pulverem
311 2757 349 2816 de
364 2775 425 2832 quo
440 2761 552 2833 sumpti
562 2760 673 2817 luimus
687 2775 741 2835 per
753 2777 885 2831 carnem,
941 2764 1014 2821 dixit
1029 2764 1226 2823 Ecclesiastes.
1244 2768 1319 2822 Nam
1338 2764 1410 2838 quia
1425 2781 1480 2839 pro
1494 2764 1667 2822 auctoritate
1682 2779 1769 2821 suam

60 2848 166 2905 reverti
190 2863 245 2921 per
260 2848 359 2906 carnis
381 2849 612 2922 corruptionem.
637 2850 708 2908 ilinc
730 2866 802 2922 ergo
822 2867 888 2925 per·
941 2869 1103 2927 personam
1118 2854 1274 2928 apposuit;
1286 2854 1496 2911 convenienter
1511 2870 1541 2910 se
1554 2869 1615 2910 non
1626 2851 1767 2927 quasise,

57 2937 170 3010 pendat
184 2936 297 3006 homo,
312 2936 342 2993 in
356 2954 417 3011 qua
431 2938 559 2995 vanitate
575 2939 655 2998 vivat
669 2941 767 2998 omnis
783 2941 885 3010 homo,
906 2981 927 3036 C
941 2943 994 2999 sed
1008 2933 1095 3016 quasi
1109 2941 1203 3000 alium
1224 2942 1306 3011 aira,
1331 2947 1364 3001 ut
1384 2942 1456 3017 quia
1470 2957 1616 3013 magnum
1637 2940 1769 3016 aliquem

56 3027 105 3100 qui
119 3025 242 3095 nolens,
260 3026 358 3083 carnis
371 3028 593 3102 corruptionem
617 3030 737 3104 patitur,
753 3030 825 3104 quia
839 3047 888 3088 vo·
941 3048 972 3087 sc
984 3037 1074 3104 prout
1086 3048 1133 3088 res
1147 3030 1319 3105 postulabat
1329 3032 1427 3088 dicere
1440 3031 1555 3099 habuit,
1572 3030 1725 3087 decentius
1733 3045 1768 3087 ac

55 3115 115 3173 lens
142 3115 256 3172 mentis
284 3117 506 3190 corruptionem
530 3122 679 3191 oper-alm.
704 3122 792 3177 Totus
815 3135 887 3190 ergo
940 3120 1087 3178 maturius
1100 3121 1157 3178 hoc
1171 3120 1282 3176 diceret
1297 3120 1335 3176 de
1350 3135 1381 3175 se
1396 3119 1427 3175 in
1440 3119 1508 3186 alio,
1522 3135 1616 3191 quam
1626 3118 1657 3174 in
1671 3134 1712 3174 se.
1723 3117 1770 3174 Sic

54 3206 178 3263 vanitati
192 3204 345 3279 subjectus
353 3211 397 3263 est
409 3206 462 3280 qui
475 3211 504 3264 et
515 3223 668 3282 carneper
677 3208 887 3266 mortalitatem
941 3209 1063 3265 Balaam
1076 3209 1113 3265 de
1130 3225 1161 3264 se
1184 3208 1321 3280 loquens,
1338 3207 1394 3265 ait:
1418 3208 1504 3263 Dicit
1523 3207 1646 3263 auditor
1662 3220 1770 3263 sermo

55 3293 169 3363 detluit,
196 3299 227 3352 et
252 3299 352 3352 mente
376 3311 430 3369 per
455 3295 652 3370 iniquitatem.
679 3297 736 3355 Sed
760 3297 886 3355 alterum
939 3313 1013 3354 aum
1031 3297 1096 3365 Dei,
1116 3297 1170 3368 qai
1189 3297 1315 3353 visiones
1333 3295 1549 3364 Ornaipotentis
1571 3294 1699 3350 intuitus
1714 3299 1767 3366 est,

56 3401 142 3441 suum
159 3388 253 3440 estex
267 3383 343 3458 ipso,
357 3384 483 3442 alterum
497 3402 587 3442 suum
600 3390 704 3443 contra
718 3386 829 3459 ipsum,
858 3390 887 3443 et
940 3387 993 3457 qai
1004 3385 1086 3442 cedit
1108 3390 1136 3443 et
1157 3389 1276 3454 apertos
1291 3384 1379 3441 tabet
1402 3384 1502 3440 ocutos
1526 3383 1616 3454 (Num
1629 3382 1721 3454 mv).
1736 3384 1770 3438 Et

55 3478 148 3531 totum
164 3473 197 3530 in
219 3473 294 3546 ipso.
311 3477 376 3530 tlaec
391 3474 447 3532 tria
470 3491 580 3546 genera
591 3475 756 3533 vanitatum
769 3490 840 3531 mox
854 3475 885 3530 in
938 3478 1067 3532 ioannes
1082 3474 1113 3530 in
1125 3473 1286 3544 Evangelio
1301 3489 1365 3530 suo.
1383 3476 1447 3546 lpse
1459 3472 1497 3528 de
1511 3487 1542 3527 se
1554 3471 1642 3545 quasi
1657 3470 1695 3528 de
1710 3470 1769 3528 alio

55 3563 202 3637 principio
212 3561 280 3620 libri
288 3562 334 3618 sui
344 3567 448 3620 auctor
462 3563 625 3634 distinguit,
637 3580 705 3638 quaa
716 3568 820 3637 postea
832 3578 886 3637 per
938 3562 1080 3636 loquitur,
1097 3563 1218 3619 dicens:
1231 3563 1290 3619 Hic
1302 3567 1344 3619 est
1358 3561 1523 3632 discipulus
1536 3561 1589 3617 itte
1602 3575 1688 3634 quem
1701 3560 1769 3618 dili·

55 3668 177 3710 omnem
190 3653 290 3726 operis
304 3652 357 3726 qui
373 3652 478 3710 seriam
490 3653 660 3724 singillatim
674 3653 885 3727 prosequendo
939 3652 1026 3724 gebat
1048 3653 1143 3721 decas,
1160 3653 1214 3723 qui
1232 3652 1432 3708 testimonium
1453 3649 1591 3721 perhibet
1609 3649 1646 3706 de
1664 3648 1720 3719 lais,
1741 3654 1769 3707 et

55 3743 178 3816 copiosa
201 3742 404 3816 disputatione
430 3743 570 3811 extendit,
596 3742 708 3817 ubique
733 3743 763 3800 in
789 3742 885 3800 tribus
939 3743 1047 3798 scimus
1060 3742 1243 3812 quieveram
1256 3746 1298 3798 est
1312 3738 1767 3811 testimoniumejuspoomxxr).

55 3835 198 3903 quartum
227 3829 300 3886 illud
328 3845 422 3900 genus
445 3828 593 3897 vanitatis,
623 3828 705 3901 quod
734 3827 885 3886 mentibus
940 3833 973 3887 Et
987 3830 1104 3899 Paulus,
1122 3830 1159 3887 de
1175 3846 1206 3887 se
1219 3829 1307 3904 quasi
1321 3829 1359 3885 de
1378 3829 1436 3886 alio
1452 3827 1607 3885 Corinthiis
1626 3826 1767 3901 loquitur,

54 3919 153 3991 pravis
167 3918 268 3975 inesse
283 3917 424 3987 diximus,
441 3934 580 3989 arguens,
595 3922 623 3973 et
639 3917 737 3974 solum
752 3919 809 3974 hoc
825 3916 885 3973 oul-
939 3919 1060 3977 dicens:
1083 3920 1150 3977 Sero
1165 3920 1313 3977 doctricem
1328 3920 1359 3975 ic
1376 3918 1496 3975 Christo
1513 3917 1574 3975 sive
1587 3917 1618 3974 ivr
1634 3931 1768 3988 corpore,

55 4023 98 4080 pae
112 4006 294 4076 obnoxium,
318 4011 347 4064 et
372 4022 471 4080 poenae
486 4006 621 4063 debitum
636 4005 807 4061 ostendens.
831 4007 884 4060 Va·
938 4011 1000 4066 sice
1016 4015 1104 4066 caira
1117 4025 1226 4080 corpas
1245 4009 1352 4076 nescia,
1371 4009 1450 4065 Deus
1464 4009 1529 4080 seit,
1552 4013 1674 4078 raptum
1693 4008 1770 4077 ejvs-

56 4097 177 4154 nitatem
205 4113 275 4170 quse
300 4097 391 4153 rebus
416 4096 544 4154 conditis
573 4111 627 4168 per
654 4094 884 4152 mutabilitatem
941 4099 1023 4156 modi
1035 4115 1129 4171 usqae
1140 4100 1181 4156 act
1191 4100 1311 4155 tertium
1327 4099 1434 4154 coetam
1449 4103 1477 4154 et
1490 4103 1611 4167 ruptum
1622 4094 1769 4167 ejusmodi

56 4186 136 4255 inest,
152 4186 289 4260 primum
303 4186 454 4261 proponit.
463 4185 582 4243 vanitas
591 4184 768 4253 vanitatum,
783 4188 811 4241 et
822 4200 886 4240 om·
938 4190 971 4244 in
983 4189 1174 4260 paradisum,
1191 4193 1218 4244 et
1237 4187 1358 4244 redime
1371 4201 1486 4244 areana
1502 4185 1602 4253 aerbo,
1624 4199 1690 4256 qaia
1707 4198 1768 4240 noa

56 4275 102 4334 nia
113 4277 246 4334 vanitas.
268 4275 379 4332 Deinde
399 4275 531 4332 secundo
546 4274 612 4331 loco
625 4274 798 4342 vanitatem,
815 4288 884 4347 quse
940 4278 1006 4334 ticet
1017 4276 1131 4334 bomini
1141 4277 1224 4348 loqui
1231 4275 1276 4348 (II
1286 4275 1355 4332 Cor.
1367 4276 1427 4347 ru).
1439 4274 1495 4331 Sed
1510 4274 1567 4330 hoc
1578 4288 1673 4344 genus
1688 4270 1770 4329 locu-

57 4371 95 4423 est
109 4365 256 4440 operibus
270 4365 422 4434 humanis,
445 4363 592 4436 adjungit.
618 4363 695 4432 Quid
714 4362 806 4420 habet
822 4376 886 4418 am·
905 4333 1027 4422 ”tionis
1042 4366 1159 4440 quoties
1170 4365 1201 4420 in
1213 4363 1363 4437 Scriptura
1378 4361 1549 4428 assumitur,
1559 4360 1606 4416 vel
1619 4359 1769 4416 humilita-

56 4455 130 4527 plius
143 4456 240 4512 homo
251 4455 289 4511 de
301 4454 442 4511 universo
452 4452 555 4510 labore
565 4468 690 4526 suoque
700 4452 817 4510 laborat
828 4449 885 4507 sub
939 4455 975 4512 tis
986 4470 1078 4512 causa
1088 4454 1131 4522 fit,
1139 4452 1187 4509 vel
1195 4451 1410 4519 admirationis,
1418 4455 1451 4507 ut
1459 4447 1567 4508 scilicet
1576 4465 1647 4505 cum
1656 4462 1769 4518 magna

57 4544 139 4602 solet
153 4543 251 4602 Tertio
264 4543 332 4601 loeo
346 4542 428 4600 illam
442 4543 614 4611 vanitatem,
627 4558 694 4615 quar
709 4539 886 4614 corporibus
939 4543 1037 4602 dicere
1053 4541 1276 4610 volumus,haec
1287 4539 1388 4614 potius
1398 4538 1484 4613 quasi
1495 4537 1560 4594 aliis
1570 4536 1767 4608 ascribamus,

56 4633 196 4692 humanis
218 4649 273 4707 per
293 4633 501 4690 mortalitatem
526 4631 611 4702 inest,
636 4630 737 4688 subdit
761 4630 883 4688 dicens:
938 4649 976 4691 ne
990 4632 1037 4689 vel
1050 4630 1215 4705 superbum
1230 4629 1277 4686 vel
1291 4628 1419 4685 nimium
1433 4629 1580 4697 videatur,
1597 4627 1621 4685 si
1635 4628 1770 4687 nobisaa

56 4725 216 4783 Generalis
227 4723 373 4794 praeterit,
389 4729 417 4781 et
431 4724 584 4795 generatio
599 4722 772 4780 adveniam
781 4736 885 4777 secun·
938 4721 1116 4779 tribuamus.
1131 4722 1215 4788 Nam,
1232 4723 1260 4776 et
1274 4733 1386 4790 magna
1400 4722 1522 4793 propter
1536 4717 1735 4776 humilitatem
1750 4735 1769 4778 a

55 4814 127 4871 dum
141 4815 200 4871 has
215 4817 275 4870 tres
287 4812 501 4881 distinctiones,
518 4817 611 4870 totam
626 4827 748 4885 quoque
759 4826 885 4884 sequen·
938 4809 1025 4868 nobis
1039 4825 1193 4866 removere
1209 4808 1365 4877 debemus,
1380 4812 1409 4865 et
1421 4807 1571 4866 mirabilia
1581 4813 1704 4883 propter
1717 4807 1769 4866 ad·
1848 4829 1851 4838 ·

55 4903 87 4959 tis
101 4902 205 4977 operis
219 4902 326 4959 seriem
341 4901 372 4958 in
387 4906 445 4959 tres
453 4905 553 4976 partes
563 4900 676 4968 dividit,
689 4899 813 4971 singulis
828 4900 885 4955 sin·
938 4899 1126 4957 mirationem
1138 4899 1226 4973 quasi
1242 4899 1279 4956 de
1293 4898 1382 4969 longe
1396 4898 1562 4955 ostendere.
1578 4897 1673 4956 Minus
1688 4897 1769 4955 enim

54 4993 139 5065 gulas
160 4992 297 5050 tribuens
324 4991 485 5066 portiones.
513 4995 545 5048 ln
567 4990 665 5065 prima
688 4994 772 5064 parte
797 4990 883 5062 cujus
937 4989 1015 5047 mira
1036 4994 1105 5046 sunt
1125 5006 1193 5063 quae
1209 4989 1307 5060 magis
1322 4988 1361 5045 ad
1376 4988 1578 5060 cognitionem
1593 4987 1770 5061 coccedunt.

53 5084 170 5141 initium
195 5088 261 5140 est:
287 5083 393 5139 Oritur
412 5083 467 5151 sot,
492 5087 520 5139 et
545 5081 663 5152 oceidit,
690 5079 825 5153 disputat
845 5078 883 5135 de
939 5083 973 5137 Ut
982 5095 1054 5150 ergo
1069 5079 1205 5136 omnium
1220 5079 1313 5136 animi
1334 5079 1374 5135 ad
1392 5078 1524 5135 suturam
1539 5076 1700 5133 dictionem
1714 5073 1768 5130 eri·

52 5172 182 5229 vanitate
193 5169 408 5228 mutabilitatis.
423 5175 455 5228 ln
465 5170 599 5228 secunda
613 5175 778 5243 partaque
790 5169 831 5225 sic
841 5168 884 5225 in·
938 5174 1055 5241 gantur,
1072 5173 1101 5225 et
1114 5169 1201 5242 quasi
1215 5166 1360 5225 miraculo
1373 5166 1509 5239 quodam
1522 5161 1660 5219 novitatis
1676 5161 1767 5230 evigi-

52 5258 635 5335 cipit:Egoliaeiasiastesfaireclsraet
643 5260 674 5314 in
682 5259 881 5315 Hierusalem.
937 5260 1007 5327 lent,
1019 5258 1127 5315 dicitur
1137 5257 1317 5315 recte:Dixit
1326 5253 1568 5311 Ecclesiastes.ac
1576 5247 1600 5304 si
1608 5247 1764 5307 diceretur:

51 5348 242 5422 Persequitur
256 5347 399 5405 latissime
413 5348 574 5405 vanitatem
588 5347 729 5404 humanae
740 5346 884 5421 cupidita·
937 5347 1024 5416 Quod
1040 5351 1140 5403 tantus
1158 5362 1193 5403 ac
1213 5345 1263 5401 tali
1278 5342 1360 5406 (usu,
1377 5357 1489 5397 vanum
1504 5353 1568 5395 esse
1583 5352 1645 5394 non
1659 5338 1765 5412 potuit,

52 5440 93 5496 tis.
111 5442 145 5495 ln
160 5436 249 5494 tertia
261 5442 345 5511 parte
361 5440 439 5511 (quae
454 5438 540 5510 quasi
555 5436 691 5494 clausula
705 5436 771 5493 loco
786 5437 884 5493 novis·
937 5436 1052 5494 etiamsi
1066 5434 1104 5491 de
1119 5433 1249 5489 vanitate
1266 5426 1527 5486 dixittlommunis
1539 5425 1653 5497 doctor,
1665 5432 1768 5485 storn-

51 5529 127 5586 simo
141 5527 175 5584 in
190 5526 393 5601 disputatione
408 5526 578 5595 collocatur,
595 5526 682 5600 cujus
696 5524 813 5582 initium
828 5529 880 5582 cst:
937 5524 1021 5581 nium
1036 5522 1167 5580 eruditor
1191 5517 1379 5575 Ecclesiastes
1393 5516 1458 5590 ipse
1471 5515 1554 5574 dixit.
1572 5516 1649 5583 Quid
1663 5516 1737 5575 dixit
1751 5517 1767 5574 i

51 5617 368 5682 emaceratos
390 5617 436 5674 tui
454 5618 486 5674 ia
507 5616 610 5677 dietm
627 5616 798 5688 juventutis
813 5615 881 5686 tua)
936 5613 1040 5672 audite
1050 5610 1125 5685 quid
1134 5608 1208 5668 dixit
1217 5611 1246 5668 et
1256 5604 1475 5666 intenditellon
1487 5605 1568 5666 enim
1577 5620 1672 5681 parva
1685 5610 1764 5695 sunt,
