3832 6044
167 117 235 177 {027
352 113 503 172 HUGONIS
523 113 568 169 DE
590 112 618 170 S.
639 109 787 169 VICTbRE
807 108 882 167 OPP.
903 109 992 165 PARS
1011 109 1032 164 l.
1048 138 1083 151 -
1097 109 1300 169 excarnat.
1320 140 1355 153 -
1374 111 1406 167 ll.
1428 112 1462 168 ΙΝ
1481 109 1689 170 aaronica.
1818 114 1882 169 ibib

163 259 200 300 ex
214 241 388 300 deodatum
402 239 504 295 lumen
522 235 748 308 subjectionem,
776 240 805 292 et
832 233 993 308 superemi-
1010 232 1248 292 Amadmodum
1262 251 1323 293 naa
1344 237 1439 307 gratia
1452 236 1491 293 ad
1519 235 1657 293 omnium
1680 233 1883 309 participatio

163 335 282 388 nentem
297 326 611 386 communicationem.
630 348 643 377 r
659 329 723 383 Non
736 327 871 399 possunt,
887 322 992 397 inquit,

162 419 316 477 inferiores
329 417 448 475 ordines
464 416 653 489 superiorum
679 415 805 472 nomina
831 429 993 481 assumere,

162 509 234 582 quia
248 509 279 565 in
293 507 399 565 eadem
425 506 599 564 excellentia
626 506 770 562 virtutum
783 521 853 561 cum
866 503 907 559 eis
933 518 995 560 non

162 596 350 671 participant,
369 594 427 652 nisi
440 595 509 668 quis
524 595 622 652 dicere
634 595 714 664 velit,
728 598 887 668 propteroa
901 592 996 649 nomi-

162 680 299 743 nationes
312 683 490 756 angaloram
501 699 606 742 omnes
617 698 866 741 communescsse
875 682 994 750 debere,

161 775 247 848 quod
260 790 366 832 omnes
377 773 487 847 pariter
496 789 591 830 unum
605 772 734 829 lumcna
746 771 919 828 deodatum
928 770 996 827 sub-

158 865 227 937 jecti
243 863 422 938 percipiunt,
439 867 467 918 et
480 878 517 918 ex
530 862 596 934 ipso
609 861 722 917 lumine
736 866 877 934 percepto
889 876 995 917 omncs

161 955 221 1011 Deo
235 952 404 1009 conformes
418 950 504 1017 liunt,
520 955 548 1006 et
561 950 650 1007 unius
658 949 907 1023 supereminentis
914 966 994 1006 eom·

160 1040 370 1099 manicationis
384 1041 415 1096 in
441 1055 503 1095 uno
527 1038 641 1096 lumine
665 1038 824 1113 participes
854 1038 992 1096 existunt.

160 1130 229 1200 Nisi,
245 1128 294 1199 ait,
309 1127 377 1203 quis
389 1127 481 1184 etiam
506 1128 563 1184 hoc
578 1128 693 1195 dixerit,
710 1144 814 1185 omnes
842 1127 994 1198 angelieas

160 1217 441 1289 cognominationes
455 1232 632 1274 communes
660 1233 734 1286 esse,
750 1217 917 1274 secundum
931 1234 994 1274 om-

160 1308 248 1364 nium
262 1306 426 1363 coelestium
443 1305 587 1363 virtutum
603 1305 819 1378 subjectionem
834 1306 865 1363 iu
879 1307 991 1376 lumen,

159 1396 222 1454 sive
237 1396 276 1454 ad
296 1396 399 1453 lumen
427 1395 580 1469 deiforme,
597 1399 749 1454 otentico
769 1397 874 1454 datum
900 1397 993 1471 peroi-

159 1487 314 1560 piendum,
332 1488 361 1542 et
375 1485 542 1543 secundum
554 1486 856 1544 communicationem
881 1487 993 1562 superi-

158 1579 290 1633 mentem
313 1574 415 1647 gratie
444 1574 604 1648 spiritualis
628 1576 675 1633 vel
705 1575 860 1650 specialis:
877 1581 909 1633 ut
922 1592 993 1649 que-

1049 339 1119 380 nem
1134 341 1164 380 se
1177 324 1325 394 diffundit,
1341 325 1383 382 sie
1405 342 1466 382 una
1488 325 1630 382 omnibus
1656 324 1883 396 cognominatio

1049 413 1260 471 rationabiliter
1279 414 1368 471 tribui
1383 414 1486 488 possit.
1501 433 1516 468 ‹
1532 415 1589 472 Sed
1604 417 1636 470 ut
1650 413 1754 485 magis
1766 413 1882 470 anobis

1049 502 1124 559 ratio
1137 503 1300 575 dijudicata
1314 505 1359 571 sit,
1376 503 1632 560 considerabimus
1662 519 1759 560 saerae
1781 503 1814 559 in
1828 503 1881 559 elo

1049 591 1127 664 quils
1155 608 1310 667 expressas
1333 597 1462 663 sanetas
1478 598 1507 651 et
1532 593 1657 650 decoras
1682 592 1881 667 proprietates

1049 681 1285 755 uniuscuiusque
1307 683 1434 740 eoelestis
1458 682 1702 756 dispositionis.»
1727 684 1765 739 ut
1787 682 1880 752 mapa

1049 772 1210 846 possimus,
1225 772 1331 845 inquit,
1345 773 1479 844 judicare
1493 774 1571 830 hanc
1593 772 1754 839 rationem,
1784 775 1880 828 utrum

1048 859 1468 934 videliceteognominationes
1476 862 1617 932 angelicae
1628 877 1813 918 communes
1821 876 1879 917 esse

1048 949 1179 1007 debeant
1192 966 1231 1008 an
1246 967 1317 1021 non,
1334 951 1591 1009 considerabimus
1607 954 1729 1008 sanctas
1744 954 1775 1007 et
1798 951 1880 1006 deco

1048 1055 1097 1095 ras
1121 1039 1315 1113 proprietates
1342 1040 1579 1113 uniuscujusque
1607 1039 1738 1097 coelestis
1758 1039 1879 1113 disposi-

1048 1128 1137 1185 tionis
1151 1146 1243 1186 sacrm
1258 1145 1414 1204 expressas
1428 1130 1459 1187 in
1475 1129 1610 1202 eloquiis.
1625 1132 1667 1186 Ex
1693 1129 1879 1203 proprietati·

1047 1217 1209 1275 basanim
1235 1219 1472 1292 uniuscujusquc
1498 1218 1654 1289 diligenter
1684 1216 1878 1275 consideratis

1048 1307 1180 1365 fortassis
1194 1308 1302 1383 poterit
1315 1307 1447 1379 agnosci,
1464 1312 1565 1365 utrum
1579 1305 1877 1364 communicatione

1047 1397 1218 1455 minationis
1237 1397 1344 1456 eadem
1359 1414 1422 1454 esse
1434 1397 1548 1471 possit:
1565 1395 1679 1470 quibus
1693 1400 1724 1452 ct
1736 1396 1764 1452 si
1790 1396 1878 1466 gratia

1047 1503 1108 1544 una
1122 1486 1296 1557 infunditur,
1312 1504 1374 1545 una
1396 1492 1496 1545 mmen
1519 1503 1671 1555 mensura,
1700 1502 1739 1542 ac
1759 1501 1880 1558 propor-

1046 1575 1126 1634 tione
1138 1592 1199 1636 non
1208 1576 1306 1635 datur.

779 1825 962 1890 TITULUS
984 1827 1181 1892 CAPITULI
1201 1827 1255 1892 Vl.

386 1986 456 2052 Oria
471 1986 509 2041 sit
518 1984 622 2056 prima
635 1986 798 2044 celestium
813 1989 1009 2045 essentiarum
1017 1987 1190 2058 dispositio:
1203 2002 1270 2061 pure
1284 1987 1431 2055 mediaei
1446 2002 1513 2059 pure
1528 1988 1647 2046 ultima.

498 2164 653 2219 tirrano.

194 2271 306 2338 Orienti
315 2270 434 2341 quidem
447 2275 557 2327 sumet
571 2272 674 2343 quates
687 2273 939 2342 supercaelestium
950 2288 991 2329 es-

157 2361 323 2417 sentiarum
338 2364 474 2428 ornatus,
490 2365 517 2416 et
530 2361 675 2432 qteomodo
686 2361 849 2418 secundum
863 2377 910 2418 eos
920 2362 990 2418 Hie-

105 2447 111 2456 '
157 2448 287 2505 carebia
299 2449 512 2520 perficiuntur,
527 2450 623 2506 sotem
637 2450 798 2521 ditipenter
825 2452 900 2508 seire
923 2451 989 2508 dico

158 2538 422 2608 contemptatiuam
446 2553 547 2594 eorum
573 2540 767 2610 perfectionis
801 2541 991 2613 principum·

158 2626 258 2683 adbuc
274 2632 301 2682 et
317 2641 363 2682 cos
378 2627 519 2696 ipnorarc
534 2629 675 2698 proprias
690 2629 815 2685 uirtutes
829 2634 857 2687 et
877 2630 990 2686 ittunri-

158 2714 303 2781 nationes,
319 2720 347 2770 et
361 2729 446 2771 suam
461 2730 589 2784 sacram,
619 2722 646 2772 et
661 2722 891 2787 srtpcrornatam
911 2719 989 2775 orati-

158 2804 319 2859 nationem.
333 2803 518 2874 Impossibile
532 2805 610 2860 enim
625 2811 668 2862 est
678 2821 730 2862 reos
745 2809 820 2863 seire
843 2822 990 2876 supereu-

159 2893 275 2949 testium
295 2894 461 2949 animorum
482 2894 660 2965 rninisteria,
676 2901 703 2950 ct
728 2897 930 2952 secretissimas
944 2912 988 2953 eo-

158 2999 225 3039 rum
249 2983 455 3054 perfectiones,
472 2983 532 3038 nisi
544 2983 601 3039 sibi
621 2983 823 3057 directionis,
849 3001 988 3058 quacun-

156 3087 212 3143 que
221 3086 279 3142 per
289 3087 335 3129 eos
351 3087 403 3127 nos
418 3076 563 3142 tanquam
575 3074 704 3142 propria
714 3073 785 3131 bene
797 3068 921 3132 scientes
943 3076 987 3131 di·

157 3162 265 3219 vinitas
280 3163 422 3233 mysterio
433 3162 544 3218 docuit.
556 3162 623 3218 Non
635 3178 704 3234 erpo
716 3179 769 3220 nos
779 3165 988 3236 arridernquid·

155 3253 380 3323 quamproprie
388 3257 469 3309 motu
479 3252 615 3308 dicirnus.
632 3254 925 3325 eraeunqueoutem
935 3270 988 3311 an-

155 3341 321 3410 peticorune
337 3343 575 3409 speculationum
590 3356 608 3397 a
624 3343 735 3398 sanctis
764 3342 908 3414 tbeotopis
922 3359 988 3399 eon·

156 3428 300 3496 tetraptota
313 3428 463 3496 suetiae
478 3429 614 3486 docentes
624 3446 687 3502 nos,
700 3436 987 3502 quantumpotentes

154 3529 267 3585 stemus,
284 3519 474 3583 apponemus.
492 3518 597 3574 Onrnm
624 3518 773 3588 tbcotopia
801 3520 931 3577 eoedstes
945 3535 988 3576 es·
1006 3528 1026 3582 G

154 3602 375 3659 sentiasnooern
384 3604 500 3660 uocrtoit
511 3607 744 3676 rnarrisestatiurs
755 3610 986 3677 aoonoonnatto-

154 3690 487 3763 nibusib'otos.1).Has
514 3693 634 3750 diuinus
649 3700 750 3751 noster
772 3701 894 3753 sanctus
916 3713 986 3767 per·

151 3781 250 3852 sector
261 3782 293 3838 in
307 3786 367 3838 tres
379 3786 516 3852 seprepat
531 3786 632 3838 ternas
647 3784 861 3852 dispositioncs.
877 3786 917 3841 Et
922 3789 985 3855 pri-

154 3885 232 3926 mam
246 3869 364 3941 atridem
378 3870 519 3926 essedicit
534 3870 614 3927 circe
629 3870 722 3926 Deum
731 3872 904 3929 adicientem
912 3889 985 3931 scru-

148 3973 216 4029 per,
232 3963 260 4013 et
274 3962 386 4013 attente
402 3958 460 4026 ipsi
473 3961 500 4012 et
526 3962 596 4014 ante
610 3959 688 4016 alias
709 3960 877 4020 immediate
901 3965 986 4021 uniri

153 4045 308 4104 traditam.
324 4045 534 4103 sanctissimos
545 4048 622 4103 enim
638 4048 770 4122 tironos,
785 4056 812 4108 et
839 4054 981 4123 oculosos,
1039 4096 1044 4108 .

152 4140 333 4206 ctpmnosos
348 4136 467 4193 ordines
482 4135 634 4194 cherubim
656 4139 850 4198 Hebraeorum
861 4158 939 4214 uoce,
956 4150 985 4202 ct

151 4223 301 4294 seraptim
313 4225 491 4293 nominatos,
509 4226 672 4283 seeundum
695 4229 830 4285 omnibus
842 4247 982 4303 superpo·

150 4313 240 4370 sdam
259 4312 525 4385 propinquitatem,
540 4314 621 4371 circa
635 4316 729 4371 Deum
744 4317 912 4376 immediate
927 4321 983 4377 cot-

152 4401 255 4469 toeari,
269 4401 323 4472 ait,
341 4401 461 4459 tradere
472 4402 643 4459 diuinorum
654 4405 838 4476 eloquiorum
848 4398 980 4477 ¹manife-¹

149 4490 448 4548 stationemTrinum
457 4491 979 4568 crpobuncornatumquasiunom,

150 4585 269 4652 alequa
292 4579 474 4649 ordinatam,
489 4585 517 4637 ct
532 4595 600 4637 uere
620 4583 753 4651 primam
778 4582 981 4643 bierarebiem

151 4669 316 4726 communis
340 4674 440 4726 noster
454 4672 598 4742 mapister
619 4673 683 4730 ait:
708 4688 769 4745 prta
794 4673 914 4744 (lipltes.
930 4689 982 4748 111,·

151 4758 261 4814 Coloss.
276 4760 491 4829 1)nonestatia
505 4761 691 4834 deiformior,
702 4769 729 4818 ct
735 4778 792 4833 per·
806 4779 836 4820 se
845 4780 981 4836 praeope-

149 4845 286 4904 rantibus
300 4846 978 4913 diuinitatisittuminationibusimmediatein·

149 4936 267 4997 tentior.
283 4937 453 4996 Secundam
464 4955 533 4999 uero
545 4956 606 4999 csse
618 4942 671 5015 ait,
685 4958 723 4999 ca
729 4945 937 5019 potestatibus,
951 4952 980 5004 et

149 5027 410 5098 dominationibus,
419 5033 448 5086 et
462 5030 623 5087 virtutibus
633 5033 818 5101 completam.
830 5034 871 5091 Et
880 5039 980 5094 terme·

149 5134 216 5176 rum
230 5120 386 5177 nouissime
412 5121 575 5176 celestium
592 5120 842 5190 dierorebiarum,
859 5127 979 5197 erepcio-

149 5222 216 5264 rum
231 5213 259 5266 et
274 5207 534 5277 arebanpetorum,
551 5213 580 5265 et
589 5209 819 5278 principatuum
837 5212 866 5283 (I
879 5213 976 5272 Tbess.

149 5297 187 5369 m)
199 5298 428 5368 dispositionem.

467 5388 655 5444 sirasirin.

186 5490 262 5546 Senti
286 5495 389 5567 capitis
414 5493 514 5563 titulus
529 5499 572 5552 cst
584 5515 590 5553 :
604 5514 619 5551 ‹
635 5497 706 5562 Qum
718 5496 754 5554 sit
780 5495 878 5571 prime
892 5496 978 5555 crele-

150 5577 240 5638 stium
253 5585 450 5641 essentiarum
463 5585 629 5660 dispositio,
655 5603 723 5660 quae
734 5589 844 5661 media,
857 5593 885 5646 et
909 5605 976 5664 quta

1008 2169 1029 2224 B
1044 2165 1158 2223 ultima.
1175 2188 1188 2217 o
1204 2166 1271 2237 agit
1284 2166 1406 2224 enimin
1418 2166 1476 2223 hoc
1490 2165 1726 2241 eapitedetrina
1754 2165 1886 2239 disposi

1044 2255 1242 2312 ducenorum
1256 2255 1412 2313 ordinum:
1423 2255 1672 2330 quarumprima,
1688 2259 1885 2328 quaeetsum·

1044 2361 1105 2414 ma,
1119 2349 1177 2402 tres
1192 2345 1313 2404 ordines
1329 2345 1467 2413 continet,
1491 2345 1651 2418 seraphim,
1676 2344 1842 2401 cherubim
1857 2349 1885 2402 et

1044 2435 1168 2492 thronos
1178 2453 1186 2505 ;
1196 2436 1328 2493 secunda
1343 2452 1411 2509 quae
1427 2439 1455 2493 et
1468 2435 1578 2504 media,
1593 2433 1727 2492 similiter
1738 2438 1813 2504 tres,
1831 2435 1884 2491 do

1044 2523 1234 2593 minutiones,
1253 2525 1387 2594 virtutes,
1404 2529 1432 2583 et
1445 2529 1604 2599 potestates
1618 2543 1626 2594 ς
1641 2524 1737 2593 tertia,
1768 2541 1839 2598 quie
1854 2530 1883 2580 et

1044 2612 1158 2683 ultima,
1175 2618 1232 2671 tres
1256 2613 1398 2682 similiter,
1425 2613 1618 2687 principatus,
1635 2613 1840 2685 archangelos
1855 2617 1882 2668 et

1044 2702 1166 2773 angelos
1183 2701 1231 2760 :in
1244 2701 1473 2775 quibusnovem
1486 2702 1626 2759 ordinum
1637 2701 1801 2775 dispositio
1813 2717 1881 2759 con-

1044 2796 1220 2848 summatur.
1233 2794 1421 2851 tractaturus
1438 2794 1540 2849 autem
1553 2790 1694 2848 derebus
1709 2794 1776 2847 tam
1791 2789 1881 2846 subli-

1042 2878 1153 2947 mibus,
1168 2883 1196 2936 et
1206 2879 1245 2935 ab
1255 2879 1391 2937 humano
1405 2896 1495 2937 sensu
1506 2878 1637 2951 remotis,
1648 2878 1879 2952 primumigno

1042 2968 1171 3026 rentiam
1185 2984 1273 3025 suam
1282 2969 1391 3042 pudice
1404 2969 1571 3036 confitetur,
1586 2967 1750 3026 ostendens
1765 2972 1879 3025 secreta

1041 3057 1092 3116 illa
1106 3056 1236 3115 eoelestia
1251 3073 1312 3114 non
1328 3057 1425 3113 solum
1435 3057 1609 3115 homiuibus
1623 3056 1815 3128 ignotaesse,
1826 3055 1876 3112 sed

1042 3146 1081 3203 ab
1095 3146 1167 3219 ipsis
1187 3161 1309 3220 quoquc
1338 3147 1478 3217 angelicis
1508 3145 1658 3220 spiritibus
1672 3144 1819 3218 perfecte,
1847 3149 1877 3201 ut

1042 3240 1120 3304 sunt,
1136 3235 1260 3292 omnino
1286 3235 1500 3308 comprehendi
1515 3251 1576 3292 non
1601 3250 1701 3309 posse,
1716 3234 1876 3307 solamque

1041 3323 1148 3396 ipsam,
1165 3340 1184 3382 a
1197 3341 1258 3399 qua
1271 3329 1349 3393 sunt,
1365 3324 1497 3382 bainam
1506 3325 1645 3384 virtutem
1655 3323 1790 3397 perfecte
1802 3323 1875 3380 seire

1040 3414 1124 3487 quod
1137 3418 1215 3472 sunt.

1077 3568 1136 3621 lloc
1151 3569 1203 3634 est,
1217 3565 1300 3638 quod
1328 3566 1419 3623 elicit:
1435 3585 1450 3620 e
1466 3566 1573 3633 Quanti
1596 3565 1721 3638 quidem
1749 3571 1832 3634 sunt,
1847 3570 1875 3623 ct

1040 3654 1155 3727 quales,
1179 3654 1455 3728 supercaelestium
1479 3654 1675 3712 essentiarum
1704 3659 1832 3712 ornabis
1846 3658 1874 3711 et

1039 3741 1193 3814 quomodo
1204 3742 1371 3799 seeundum
1385 3759 1437 3800 eos
1456 3743 1629 3800 hierarchiae
1651 3742 1869 3816 perficiuntur:

1039 3829 1135 3887 solam
1148 3829 1303 3901 diligenter
1317 3833 1390 3888 scire
1405 3832 1472 3889 dico
1485 3830 1750 3905 contemplativam
1766 3847 1870 3889 eorum

1039 3917 1226 3992 perfectionis
1237 3919 1415 3994 principem,
1427 3939 1442 3974 ›
1454 3920 1487 3977 id
1501 3925 1545 3979 est
1565 3919 1661 3979 solam
1675 3920 1815 3978 dirutam
1827 3936 1870 3977 sa·

1037 4007 1190 4081 pientiam,
1202 4024 1294 4082 quam
1306 4013 1335 4066 et
1347 4009 1528 4083 principium
1542 4008 1701 4068 habentui
1715 4010 1786 4080 sint,
1797 4008 1868 4067 etad

1037 4113 1136 4171 ipsam
1149 4113 1203 4170 per
1217 4098 1499 4171 contemplationem
1512 4099 1676 4174 respiciunt
1686 4103 1721 4157 ut
1748 4096 1867 4174 perfecti

1038 4186 1104 4244 sint.
1115 4190 1214 4261 lpsam
1225 4202 1307 4257 ergo,
1321 4187 1427 4261 inquit,
1442 4188 1763 4263 divinamsapieutiam
1774 4189 1866 4247 solam

1038 4275 1111 4332 seire
1121 4275 1198 4346 dico,
1210 4276 1315 4350 quanti
1330 4281 1359 4334 et
1371 4278 1477 4352 quales
1492 4283 1561 4336 sunt
1572 4283 1696 4336 ornatus
1719 4294 1866 4354 supercoe-

1035 4364 1154 4422 lestium
1165 4365 1371 4437 essentiarum,
1381 4367 1460 4427 idest
1467 4367 1662 4425 invisibilium
1668 4373 1846 4427 naturarum
1856 4384 1862 4423 :

1035 4453 1108 4526 quia
1119 4454 1262 4511 nimirum
1277 4456 1381 4530 quales
1394 4460 1482 4515 alteo
1494 4457 1606 4514 conditi
1632 4461 1713 4530 sunt,
1727 4473 1786 4514 nec
1811 4455 1865 4530 ipsi

1035 4543 1421 4617 perfectecomprehcndcre
1430 4551 1567 4619 possunt.
1578 4548 1749 4619 Propterea,
1759 4545 1864 4621 inquit,

1035 4632 1102 4689 (lieo
1113 4633 1212 4690 adhuc
1227 4640 1255 4691 et
1270 4650 1320 4692 eos
1333 4634 1470 4706 ignorare
1480 4635 1617 4711 proprias
1642 4635 1778 4707 virtutes,
1793 4641 1822 4694 et
1835 4635 1865 4692 il·

1033 4720 1290 4793 luminationes,et
1301 4740 1389 4782 suam
1403 4730 1569 4797 sacram,et
1583 4728 1816 4800 superornatam
1822 4742 1865 4784 on

1034 4811 1227 4870 (linationem.
1245 4813 1394 4887 Sclaergo
1410 4814 1486 4890 ipsa,
1502 4832 1571 4891 quse
1596 4816 1673 4886 feeit,
1700 4816 1807 4876 (lisina
1822 4834 1864 4875 sa·

996 4887 1018 4941 Ῑ)
1033 4901 1145 4976 pientia
1159 4903 1566 4978 perfectecomprehcndit,et
1575 4905 1681 4980 quales
1695 4922 1750 4964 eos
1762 4907 1866 4965 fecitat

1033 4990 1159 5065 qualiter
1171 4991 1327 5067 disposuit,
1344 4993 1418 5052 utin
1431 4993 1489 5053 hcc
1516 4999 1618 5071 aperte
1641 4995 1865 5056 demonstretur

1033 5085 1181 5154 quantum
1209 5083 1353 5140 creatoris
1367 5083 1553 5143 immensitas
1568 5101 1691 5143 omnem
1719 5093 1865 5147 creatura

1032 5171 1259 5242 possibilitatem
1284 5174 1483 5246 transcendat,
1511 5191 1582 5233 cum
1606 5176 1646 5233 ad
1669 5178 1865 5252 semetipsam

1032 5260 1122 5316 etiam
1130 5262 1445 5335 comprehendendam
1452 5265 1720 5339 nequaquamipsa
1728 5272 1865 5327 ereatura

1033 5349 1168 5407 sufficiat.

1068 5502 1223 5578 Sequitur:
1243 5507 1455 5580 elmpossibile
1481 5508 1561 5566 cnbn
1584 5513 1629 5565 est
1653 5526 1710 5567 uos
1725 5512 1804 5572 seire
1819 5530 1865 5571 su

1031 5594 1249 5666 pereoelestium
1258 5595 1608 5669 animorumministeria,
1616 5604 1645 5657 et
1655 5603 1866 5663 sanctissimas
