3832 6044
55 128 112 183 alt
640 130 675 186 ΙΝ
694 126 949 185 uectasusrurt
968 125 1121 185 anulum
1138 127 1203 186 xlx.
1711 137 1764 193 2l8

55 250 215 308 scientium
234 253 325 324 atque
339 266 444 308 eorum
457 268 525 326 quse
551 253 745 325 vegetationis
769 268 885 309 sensus·
903 255 927 308 d
941 266 1014 308 usus
1027 253 1200 310 conceditur
1215 271 1221 311 :
1247 253 1358 312 idcirco
1378 260 1446 329 post
1469 259 1586 329 tempus
1610 257 1765 329 plantandi

55 357 116 415 que
135 340 196 397 vim
223 339 346 408 habent,
373 341 522 400 culturam
547 343 578 399 in
602 343 737 415 subjecta
762 342 887 399 materia
940 345 968 398 ct
982 346 1100 416 tempus
1113 342 1268 412 evellendi,
1284 360 1416 415 congrue
1435 345 1525 403 etiam
1547 350 1666 418 tempus
1688 347 1765 404 occi·

56 429 191 487 studium
205 430 343 503 explicat,
358 435 392 487 ut
405 430 519 505 aliquid
533 432 737 506 quodcunque
757 431 797 490 ad
818 431 887 488 etle-
939 429 1031 487 dendi
1055 432 1246 490 subinfertur.
1263 437 1294 490 ln
1309 449 1370 507 quo
1385 450 1448 503 esu,
1463 434 1536 508 quia
1555 450 1698 493 mensura
1716 451 1766 493 ne·

55 523 140 576 ctum
153 523 338 592 promoveat,
353 518 384 576 in
401 535 463 594 quo
486 526 593 578 natura
621 520 731 594 patitur
758 524 884 589 tantum,
939 516 1079 579 cessaria
1094 526 1147 592 est,
1167 538 1205 580 ne
1231 524 1290 580 hoc
1313 539 1383 581 caro
1410 522 1449 580 ad
1477 522 1701 582 incitamentum
1725 523 1767 582 vi-

54 623 118 665 non
141 613 292 681 operatur,
314 608 386 682 quia
406 609 562 666 materiam
595 610 729 684 operanti
761 608 884 683 praebet,
938 609 1058 668 ticrium
1084 617 1191 680 sumat,
1207 612 1290 685 quod
1304 612 1344 669 ad
1359 617 1627 671 sustentamentum
1640 613 1764 674 tummi-

53 713 119 754 non
136 695 275 753 ellectum
298 697 442 770 operandi
466 702 591 756 exercet.
607 699 687 756 Talia
701 704 771 770 sunt
783 698 886 757 omnia
939 700 1006 757 latis
1021 701 1135 774 aceepit
1151 720 1157 758 :
1174 700 1273 758 statim
1287 704 1356 774 post
1369 705 1487 775 tempus
1494 701 1649 760 occidendi
1658 702 1765 775 adjun-

55 801 151 861 opera
177 786 346 855 hominum,
380 804 448 861 quoe
485 787 562 846 fiunt
589 794 821 864 superterram,
849 805 886 846 ex
940 789 982 859 git
995 793 1114 863 tempus
1136 789 1264 848 sonandi
1284 794 1317 847 ut
1340 789 1475 847 videlicet
1496 791 1630 864 ipsorum
1652 791 1765 850 anima-

55 876 168 951 quibus
180 876 276 934 multa
289 876 424 934 mortalis
437 878 503 936 vitae
514 880 674 937 necessitas
689 880 776 950 cogit,
791 880 886 938 mulla
939 878 1013 935 lium
1027 878 1130 947 vitum,
1158 895 1226 952 quae
1254 895 1308 952 pro
1333 883 1435 937 nostra
1459 878 1628 936 infirmitate
1651 884 1765 938 susten-

56 966 165 1024 suadet
182 966 340 1040 cupiditas,
365 967 459 1025 multa
482 969 597 1026 vanitas
623 975 773 1044 operatur.
799 971 885 1027 Elin
939 968 1031 1025 tanda
1045 967 1075 1023 in
1096 972 1229 1040 tempore
1253 972 1433 1041 opportuno,
1460 966 1492 1023 id
1512 972 1557 1024 est
1576 983 1646 1026 cum
1666 983 1765 1027 neces«

54 1056 103 1112 bis
116 1055 271 1123 omnibus,
284 1057 357 1129 quia
369 1056 443 1114 nihil
457 1058 561 1115 stabile
575 1058 734 1127 invenitur,
750 1063 780 1117 et
791 1064 886 1117 trans-
939 1056 1010 1114 sitas
1020 1057 1120 1128 exigit,
1136 1057 1301 1115 occidenda
1318 1056 1489 1131 accepimus
1501 1056 1614 1114 crateris
1628 1057 1766 1131 tempori·

54 1150 129 1203 eunt
144 1146 284 1203 universa
297 1163 365 1220 quae
378 1146 456 1204 fiunt
469 1147 525 1204 sub
543 1148 621 1206 sole:
638 1165 706 1222 ques
719 1148 767 1206 vel
778 1153 886 1206 natura
938 1146 997 1203 bus
1010 1145 1143 1218 diligenti
1167 1162 1239 1204 cura
1259 1147 1371 1206 nutrire
1394 1163 1429 1203 ae
1446 1161 1624 1204 conservare
1648 1146 1766 1205 studea

54 1234 205 1309 producit,
221 1235 268 1293 vel
281 1234 367 1307 fingit
381 1236 485 1294 artifex
496 1237 613 1295 imitant
637 1234 776 1296 naturam
792 1259 799 1296 :
815 1255 886 1296 cun·
939 1252 1017 1293 mus.
1038 1238 1097 1292 lloc
1112 1234 1192 1293 enim
1214 1237 1301 1310 quasi
1322 1235 1504 1294 infirmantia
1531 1251 1638 1293 sanare
1668 1239 1713 1293 est
1734 1236 1765 1293 in

54 1327 103 1381 cla
118 1322 238 1397 subjicit
250 1324 374 1382 vanitati
393 1325 545 1398 sapientise
569 1328 795 1401 contemplator,
821 1326 886 1384 sola
939 1325 1049 1399 quibus
1062 1325 1119 1382 sibi
1137 1342 1199 1382 non
1223 1324 1374 1382 sufficiunt
1393 1325 1606 1395 subveniendo,
1628 1324 1766 1385 detlcicn-

55 1428 149 1487 opera
180 1414 232 1470 Dei
264 1429 441 1488 permanere
476 1415 626 1489 probans;
656 1416 801 1490 moniam
830 1432 886 1474 nec
939 1414 980 1471 tia
997 1431 1147 1488 reparare.
1173 1415 1255 1473 Unde
1274 1414 1409 1484 fortasse,
1431 1430 1562 1486 congrue
1585 1430 1654 1472 eum
1677 1414 1766 1471 dixis·

55 1507 156 1560 creata
180 1503 345 1578 aliquando
372 1504 499 1562 essentia
524 1505 718 1574 consumitur,
749 1521 804 1563 neo
828 1506 887 1562 dis·
940 1508 1004 1561 set:
1032 1507 1161 1577 Tempus
1196 1504 1362 1573 occidendi,
1397 1520 1458 1562 non
1493 1503 1618 1574 addidit,
1647 1507 1765 1578 tempus

54 1591 212 1666 positionis
237 1599 289 1651 aut
313 1593 426 1651 ordinis
457 1610 558 1652 rerum
593 1595 668 1652 ratio
700 1595 884 1654 immutatur.
905 1593 1067 1663 gsanandi
1097 1593 1181 1667 quod
1213 1594 1346 1651 occisum
1373 1599 1426 1652 est.
1461 1593 1541 1653 Siout
1572 1594 1655 1668 priris
1687 1598 1765 1668 post·

54 1682 215 1753 Propterea
237 1681 367 1739 ostendit
389 1682 521 1755 primum
541 1688 656 1740 naturae
684 1698 776 1756 opera
803 1683 884 1740 vani·
936 1699 1030 1756 quam
1057 1683 1172 1741 dixerat
1195 1688 1313 1757 tempus
1339 1684 1506 1757 plantandi,
1538 1685 1637 1741 statim
1661 1683 1766 1756 adjura«

55 1767 108 1825 tati
137 1767 271 1839 subjecta
303 1769 363 1826 sive
392 1770 422 1826 in
450 1770 486 1826 iis
509 1787 576 1843 quse
603 1776 712 1829 natura
735 1770 799 1828 sola
813 1786 883 1844 ope·
936 1773 987 1840 xit,
1013 1779 1041 1830 et
1065 1778 1178 1844 tempus
1207 1773 1361 1845 evellendi,
1391 1774 1470 1846 quod
1502 1776 1678 1846 plantatum
1711 1776 1763 1831 est.

52 1862 151 1925 ratur,
165 1857 235 1930 quia
249 1863 313 1916 orta
327 1859 477 1929 occidunt,
494 1859 553 1917 sive
567 1860 597 1918 in
610 1861 646 1917 iis
663 1877 730 1934 qure
745 1878 815 1918 cum
831 1876 883 1917 na·
937 1862 1012 1929 Quia
1040 1861 1150 1919 scilicet
1184 1861 1317 1935 plantata
1351 1862 1437 1919 evelli
1468 1867 1605 1936 possunt,
1630 1861 1683 1919 sed
1716 1878 1766 1919 oc-

53 1950 123 2003 tura
137 1946 242 2004 artifex
260 1947 339 2017 facit,
368 1948 439 2022 quia
466 1954 554 2007 aucta
581 1954 748 2007 senescunt.
778 1953 883 2008 Postea
937 1950 998 2007 cisa
1019 1949 1119 2009 sanari
1143 1966 1205 2007 non
1229 1954 1365 2024 possunt.
1391 1951 1436 2008 Sic
1465 1950 1589 2008 fortasse
1616 1950 1640 2006 si
1663 1950 1765 2007 litterae

54 2052 150 2111 opera
174 2036 295 2094 artificis
323 2037 465 2096 imitantis
490 2045 630 2097 naturam
658 2040 753 2098 multa
780 2056 814 2098 ac
840 2040 883 2096 di·
937 2057 1059 2100 sensum
1102 2040 1265 2114 sequimur,
1302 2040 1376 2097 nihil
1409 2041 1553 2116 spirituali
1597 2040 1766 2111 intelligen-

54 2141 140 2183 versa
168 2132 344 2185 enumerat:
372 2127 430 2186 alia
456 2129 647 2199 necessitatis,
679 2129 738 2187 alia
770 2128 883 2203 cupidi·
938 2131 983 2187 tire
1009 2130 1100 2204 (quia
1113 2130 1309 2203 postmodum
1323 2129 1502 2202 vestiganda
1513 2130 1576 2204 cst)
1590 2129 1766 2204 prejudica-

55 2215 133 2285 tatis,
147 2215 208 2274 alia
220 2216 367 2286 vanitatis,
383 2222 411 2274 et
425 2218 528 2276 omnia
540 2218 664 2276 vanitati
679 2218 799 2290 subjicit
811 2220 883 2293 quia
936 2238 1013 2279 mus.

54 2303 246 2363 mutabilitati
261 2305 393 2363 obnoxia
406 2307 544 2365 ostendit.
562 2309 643 2381 Opus
658 2306 749 2365 solius
768 2312 882 2375 naturas
976 2312 1101 2380 Tempus
1112 2311 1294 2380 destruendi,
1309 2315 1336 2367 et
1350 2314 1464 2380 tempus
1475 2308 1653 2379 aedificandi.
1668 2310 1766 2375 Quan-

54 2398 195 2451 narratur
209 2412 279 2453 cum
304 2394 435 2453 dicitur:
460 2399 589 2470 Tempus
612 2396 756 2454 nascendi
770 2401 799 2455 et
812 2402 883 2455 lem·
936 2401 976 2456 do
990 2400 1083 2456 homo
1104 2399 1256 2456 destruere
1277 2399 1386 2455 delicat
1408 2403 1437 2455 et
1454 2397 1578 2472 quando
1605 2396 1764 2466 aedificare,

56 2499 114 2556 pus
128 2484 286 2542 moriendi.
937 2488 1088 2563 quispiam
1102 2504 1297 2563 nequaquam
1311 2486 1509 2561 quaerendum
1524 2501 1587 2543 esse
1602 2484 1764 2555 existimet;

91 2574 204 2631 Deinde
223 2590 300 2649 opus
313 2575 434 2633 artificis
445 2577 633 2651 cooperantis
654 2582 769 2635 naturae
784 2577 884 2634 subin·
937 2577 1083 2651 quoniam
1097 2578 1146 2634 hic
1165 2577 1263 2634 solum
1285 2578 1342 2634 hoo
1363 2575 1562 2633 demonstrari
1578 2579 1662 2649 putet
1681 2574 1765 2649 quod

57 2663 160 2733 fertur,
185 2681 255 2721 cum
279 2664 408 2722 dicilm':
436 2668 560 2738 Tempus
575 2669 743 2738 plantandi
762 2674 790 2725 ct
816 2674 884 2725 tem-
937 2668 1040 2735 homo,
1064 2667 1089 2723 si
1111 2667 1185 2724 forte
1207 2665 1451 2723 variaevcntibus
1467 2663 1766 2738 temporumsubjici·

53 2770 111 2825 pus
124 2755 282 2813 evellendi.
296 2757 449 2811 Postremo
467 2770 545 2829 opus
564 2756 695 2814 hominis
714 2756 777 2814 sine
800 2761 885 2814 natu·
938 2762 994 2823 tur,
1022 2757 1078 2813 ista
1101 2755 1281 2813 dissimiliter
1303 2755 1393 2813 etiarn
1416 2754 1520 2811 nolens
1543 2753 1682 2827 patiatur.
1706 2755 1765 2810 Nos

56 2860 96 2899 rte
116 2858 211 2917 opera
223 2843 406 2915 adjungitur,
429 2861 499 2901 cum
523 2845 726 2904 subinfertur:
760 2848 884 2917 Tempus
939 2845 1089 2905 autemad
1110 2845 1273 2903 faciliorem
1295 2844 1520 2917 intelligentiam
1543 2845 1608 2901 luae
1630 2858 1699 2917 quae
1721 2842 1765 2900 di-

56 2932 211 2990 oeefdendi
224 2938 252 2988 et
265 2937 379 3003 ternpus
392 2934 541 3006 sanandi;
555 2940 669 3006 tempus
676 2936 849 2993 destruendi
858 2941 886 2994 et
904 2962 925 3020 C
940 2941 987 2995 cta
1001 2941 1071 2993 sunt
1090 2935 1285 3008 applicantes,
1295 2934 1394 2991 dicere
1408 2950 1570 3008 possumus
1590 2932 1674 3007 quod
1693 2936 1766 2991 tem·

57 3027 172 3092 ternpus
187 3021 368 3091 (edificandi.
385 3025 419 3080 Et
428 3023 486 3079 hoc
500 3022 609 3080 deinde
629 3023 767 3097 plmibus
789 3040 884 3081 annu·
937 3043 995 3102 pus
1036 3023 1192 3082 occidendi
1223 3025 1281 3093 sit,
1300 3040 1371 3080 cum
1404 3026 1482 3081 Deus
1512 3026 1636 3096 peccata
1670 3021 1767 3079 bomi-

55 3110 179 3167 moratis
191 3110 384 3184 multiplicius
404 3111 562 3184 exponitur
585 3117 617 3168 ut
642 3113 768 3170 humani
786 3113 884 3170 cordis
937 3132 1012 3173 num
1039 3112 1145 3186 punire
1165 3112 1277 3180 volans,
1303 3111 1343 3169 ad
1377 3111 1601 3181 castigationem
1633 3109 1767 3180 gladlum

56 3199 176 3257 vanitas
185 3215 279 3273 quam
293 3200 394 3258 multis
408 3200 561 3275 implicata
575 3200 612 3258 sit
624 3206 654 3258 et
672 3199 731 3260 late
750 3201 885 3276 dispersa
939 3201 1149 3260 interfectionis
1180 3199 1321 3266 adducit;
1361 3203 1480 3271 tempus
1515 3214 1586 3255 vero
1628 3197 1766 3265 emendi,

54 3291 193 3363 patenter
207 3288 437 3347 demonstretur.
453 3292 513 3348 lloc
528 3289 660 3347 enimad
676 3306 741 3347 rem
753 3291 885 3348 maxime
939 3307 1009 3348 cum
1044 3288 1170 3346 afflictos
1200 3292 1229 3344 et
1275 3285 1502 3343 tribulationum
1528 3285 1624 3358 plagis
1650 3283 1768 3341 saucios

55 3377 416 3451 pertinuitutvanitatem
430 3379 576 3437 mentium
589 3379 802 3449 humanarum,
815 3396 885 3453 quae
939 3379 1085 3446 refovens,
1115 3376 1201 3433 solita
1233 3375 1423 3433 miseratione
1457 3373 1590 3432 restituit.
1619 3376 1653 3430 lit
1678 3372 1768 3447 plane

54 3467 122 3524 vitre
141 3466 277 3524 mortalis
299 3468 446 3526 incertum
470 3468 612 3543 sequitur,
633 3469 705 3542 quia
730 3468 812 3526 illam
839 3485 886 3527 ar·
939 3469 997 3525 hoc
1010 3465 1108 3537 magis
1122 3465 1237 3522 veritati
1250 3479 1418 3521 consonum
1439 3478 1504 3520 esse
1522 3462 1656 3520 videatur
1672 3461 1768 3520 utlaio
1856 3456 1859 3463 ’

57 3556 212 3629 guendam
238 3558 367 3631 suscepit
397 3563 426 3615 et
458 3557 489 3614 in
515 3557 685 3615 narratione
716 3556 885 3631 diligentius
939 3563 1076 3622 tempora
1101 3571 1202 3612 rerum
1238 3555 1372 3629 accipere
1400 3553 1576 3622 debeamus,
1610 3567 1672 3610 non
1699 3568 1768 3627 quae

56 3650 229 3720 exponeret,
257 3650 286 3703 et
313 3646 344 3703 in
384 3648 609 3721 comparatione
646 3646 812 3705 anteferret.
851 3651 886 3705 Ut
940 3648 1082 3705 humana
1119 3644 1266 3702 voluntati
1304 3644 1445 3712 serviunt,
1483 3642 1536 3700 scd
1561 3657 1629 3716 quaa
1661 3640 1768 3698 divina

56 3739 171 3793 caeterae
206 3752 312 3793 omnes
343 3736 432 3810 quasi
467 3737 507 3794 ob
534 3736 592 3795 hoo
626 3736 724 3794 solum
757 3753 887 3795 comme·
940 3736 1149 3809 obtemperant
1181 3732 1377 3807 dispositioni.
1413 3736 1514 3806 Neque
1544 3731 1624 3788 enim
1650 3735 1768 3803 tempus

56 3829 182 3883 moratae
221 3824 386 3895 videantur,
426 3830 460 3883 ut
494 3825 612 3884 illarum
650 3826 884 3901 comparatione,
941 3829 985 3882 est
1007 3825 1154 3897 cuiusque
1175 3824 1228 3891 rei,
1257 3839 1327 3880 cum
1350 3822 1442 3878 homo
1465 3820 1537 3889 vult,
1559 3824 1588 3877 et
1601 3822 1679 3876 Beue
1705 3834 1768 3876 non

55 3912 122 3971 base
150 3917 265 3987 quanta
290 3913 335 3983 sit,
363 3919 552 3986 agnoscatur.
583 3918 711 3989 Tempus
743 3915 887 3973 nascendi
939 3915 1010 3971 vult.
1038 3913 1113 3980 Quh
1132 3917 1162 3970 et
1183 3913 1276 3970 bomo
1297 3926 1376 3984 soepe
1399 3909 1462 3967 vult
1485 3925 1555 3967 cum
1575 3912 1694 3982 tempus
1705 3923 1768 3965 non

56 4008 87 4060 et
99 4007 221 4076 tempus
235 4002 390 4062 moriendi.
401 4006 530 4078 Tempus
551 4004 696 4062 nascendi
718 4008 771 4075 est,
792 4021 887 4078 quan·
941 4008 985 4063 cst
999 4009 1028 4064 et
1048 4020 1118 4061 cum
1139 4003 1204 4061 vult
1227 4007 1304 4061 Deus
1325 4016 1444 4075 semper
1462 4005 1582 4075 tempus
1602 4004 1655 4076 est.
1679 4000 1769 4072 Prop-

55 4092 98 4151 do
125 4090 284 4149 ducendus
307 4096 350 4151 est
370 4093 463 4152 homo
486 4093 517 4149 ln
540 4094 619 4151 hanc
643 4093 743 4153 vitam
758 4098 887 4169 Tempus
941 4098 1021 4151 terea
1055 4093 1158 4150 omnia
1194 4098 1330 4166 tempora
1366 4090 1406 4148 ad
1442 4089 1577 4147 divinam
1601 4087 1770 4146 referuntur

55 4180 208 4239 moriendi
222 4185 275 4250 est,
297 4183 421 4256 quando
445 4183 484 4240 ab
497 4183 556 4240 hao
575 4183 636 4240 vlta
650 4184 885 4242 estevocandus.
942 4182 1162 4240 ordinationem
1189 4200 1195 4237 :
1228 4187 1258 4239 et
1295 4181 1403 4237 dicitur
1443 4183 1514 4236 tunc
1550 4183 1670 4253 tempus
1704 4192 1768 4235 esse

56 4269 181 4328 interim
218 4274 318 4329 autem
354 4276 422 4346 post
446 4272 630 4331 nativitatem
660 4278 728 4331 ante
758 4278 886 4330 mortem
904 4315 927 4371 D
942 4273 1041 4332 omnis
1073 4273 1126 4339 rei,
1164 4286 1276 4328 cuma
1313 4273 1373 4327 Deo
1398 4270 1477 4341 Justa
1502 4268 1680 4343 disponitur,
1708 4268 1769 4323 sive

56 4360 134 4419 dum
156 4359 188 4416 in
210 4360 267 4417 hac
293 4360 352 4419 vita
379 4362 496 4421 mortali
521 4362 602 4431 vivit,
639 4379 706 4437 qnae
742 4367 887 4421 sustenta·
943 4363 982 4421 ad
1003 4360 1228 4432 castigationem
1251 4363 1279 4415 et
1302 4358 1520 4431 correptionem
1543 4356 1684 4423 criminis,
1706 4355 1769 4411 sive

56 4455 163 4508 mento
176 4450 299 4523 indiget,
311 4454 339 4508 et
352 4451 499 4510 alimentis
517 4452 655 4521 nutritur,
678 4456 710 4508 ut
734 4452 884 4510 subsistat.
942 4452 981 4510 ad
995 4449 1230 4509 consolationem
1253 4445 1441 4504 infirmitatis.
1463 4447 1591 4516 Tempus
1613 4440 1769 4503 occidendi

57 4543 191 4614 Tempus
217 4542 261 4596 cst
286 4540 442 4614 plantandi
469 4545 497 4598 et
530 4545 649 4615 tempus
675 4540 828 4610 evellendi,
854 4545 888 4597 ut
940 4547 970 4599 et
984 4545 1102 4614 tempus
1116 4537 1253 4597 sanandi.
1268 4539 1398 4608 Tempus
1409 4531 1582 4591 destruendi
1605 4536 1634 4589 et
1650 4534 1769 4605 tempus

57 4627 178 4686 excolat
202 4628 294 4685 homo
322 4633 430 4687 terram
457 4630 495 4686 de
522 4646 585 4704 qua
611 4632 749 4703 sumptus
781 4633 834 4699 est,
859 4633 887 4687 et
941 4627 1120 4686 aedificandi.

58 4716 197 4785 seminet,
212 4720 241 4773 et
254 4720 356 4785 metat,
370 4722 399 4774 et
420 4718 541 4791 plantet,
567 4722 595 4776 et
618 4721 732 4792 carpat.
761 4720 888 4775 Possunt
981 4721 1106 4786 Tempus
1119 4716 1213 4787 {tendi
1226 4722 1341 4787 tempus
1357 4714 1486 4772 mdendt.
1502 4716 1626 4785 Tempus
1647 4711 1771 4786 lugendi

58 4809 163 4863 autem
198 4808 228 4861 et
260 4804 326 4861 haec
356 4805 417 4862 duo
459 4807 612 4880 sequentia
648 4806 887 4881 precedentibus
941 4816 970 4867 et
983 4814 1097 4878 tempus
1110 4806 1254 4865 saltandi.
1270 4806 1352 4862 Prius
1373 4804 1484 4880 ubique
1499 4802 1580 4862 mala
1593 4819 1770 4862 enumeran-

58 4893 182 4952 duobus
201 4909 254 4968 per
278 4893 494 4952 distinctionem
522 4896 659 4965 conferri,
683 4897 741 4954 hoc
774 4897 885 4954 modo:
942 4904 998 4973 tur,
1014 4895 1279 4972 posleeadduntur
1291 4895 1373 4953 bona
1385 4913 1392 4965 ;
1404 4895 1477 4970 quia
1489 4895 1572 4970 prius
1592 4907 1649 4967 pro
1662 4892 1770 4951 nostris

58 4985 192 5057 Tempus
217 4982 362 5041 nascendi
385 4988 413 5040 et
436 4989 554 5058 tempus
570 4985 745 5059 plantandi;
769 4990 888 5060 tempus
940 4987 1070 5062 peccatis
1082 4987 1162 5059 juste
1185 4984 1356 5057 affligimur,
1379 4990 1483 5059 postea
1507 4984 1557 5042 liei
1579 4983 1770 5041 miseratione

59 5070 211 5128 moriendi
243 5077 273 5129 et
300 5076 417 5145 tempus
451 5072 604 5130 evellendi.
637 5078 780 5132 Nascente
807 5075 888 5133 enim
940 5076 1070 5148 benigne
1091 5076 1270 5133 refovemur.
1287 5078 1320 5132 Et
1341 5075 1533 5132 manifestum
1559 5075 1613 5140 est,
1644 5070 1771 5146 qualiter

59 5158 185 5216 bomine
199 5164 374 5233 tempusest
392 5161 557 5236 plantandi,
583 5167 616 5219 ut
633 5161 778 5221 fructibus
801 5168 889 5220 terre-
941 5166 1051 5224 horum
1065 5164 1202 5222 omnium
1220 5164 1353 5239 quotidie
1376 5160 1611 5220 vicissitudinem
1633 5159 1693 5214 vita
1716 5158 1794 5241 hu·¹

60 5248 109 5306 nis
124 5248 221 5307 alatur
239 5249 301 5307 vila
321 5255 446 5308 terrena.
471 5253 607 5310 lloriente
629 5256 730 5309 autem
754 5253 887 5321 homine,
942 5255 1156 5328 menapatitm
1179 5253 1295 5328 quoties
1317 5251 1435 5308 occidte
1457 5245 1678 5321 dispensatione
1692 5247 1771 5302 Deus

61 5344 184 5412 tempus
210 5343 254 5396 est
280 5339 448 5410 evellendi3
476 5340 548 5414 quia
581 5356 651 5398 cum
685 5341 747 5399 vita
780 5347 889 5400 morta·
941 5359 998 5403 nos
1007 5344 1053 5401 rel
1062 5342 1188 5416 flagellis
1201 5341 1307 5409 erudit,
1317 5338 1460 5396 valdonis
1468 5334 1648 5394 consolatur.
1659 5334 1771 5395 Deinde

59 5427 98 5486 lis
111 5427 284 5498 deslrrutur,
299 5429 389 5486 etiam
410 5445 446 5486 ea
466 5446 533 5503 quae
554 5435 677 5504 propter
695 5430 787 5489 vitam
811 5448 890 5488 mor·
943 5434 1098 5507 sequitur:

62 5517 155 5576 talem
169 5517 290 5575 condita
308 5519 435 5588 fuerant,
450 5517 601 5577 tolluntur.
625 5520 699 5588 Quia
720 5525 821 5577 autem
846 5520 889 5576 in·
982 5525 1108 5592 Tempus
1121 5518 1285 5591 spargendi
1299 5516 1413 5587 lapides
1428 5520 1455 5572 et
1470 5521 1583 5587 tempus
1598 5519 1769 5591 cottr'pertdt.

61 5605 199 5667 mmitati
211 5607 354 5667 humane
367 5611 437 5683 post
453 5607 566 5668 fruetus
579 5613 663 5669 terre
677 5608 767 5669 etiam
791 5608 890 5669 carnis
944 5610 1021 5678 Qrud
1032 5614 1134 5670 autem
1143 5606 1311 5667 meandum
1319 5604 1447 5668 litteram
1459 5605 1517 5666 boc
1537 5605 1596 5666 sibi
1617 5608 1696 5700 velit,
1709 5624 1771 5687 ms·
