3832 6044
84 104 141 159 225
609 174 615 187 .
657 108 692 164 ΙΝ
711 108 967 168 ECCLESIASTEN
986 109 1138 170 110!le
1156 111 1221 170 xlx.
1722 128 1794 185 ,226

84 232 256 298 atemum3
294 229 441 303 quoniam
473 247 541 305 quae
573 233 726 306 diligenda
758 242 842 307 sunt,
873 237 952 294 ibin
970 255 1101 313 namque
1116 243 1316 314 promovctse
1331 241 1592 316 sermosepientiaa
1606 248 1646 303 ad
1660 250 1794 322 spiritua·

84 333 206 393 semper
219 316 373 389 diligenda
385 324 455 378 sunt
466 336 472 375 :
485 325 513 378 et
522 339 591 397 qure
605 324 736 383 odienda
746 330 823 394 sunt,
839 343 914 384 sem·
969 329 1009 386 lia
1023 331 1232 403 contingenda,
1253 336 1286 389 ut
1306 333 1498 392 exercitatum
1520 335 1656 394 animum
1670 339 1709 395 ad
1721 340 1794 398 iute-

83 423 139 480 per
153 411 223 465 sunt
236 407 376 466 odienda.
394 411 513 468 Interim
527 418 627 471 autern
641 431 722 472 nunc
736 415 767 472 in
781 420 915 491 tempore
968 419 1047 476 riora
1057 420 1214 478 subducat.
1227 423 1306 478 Duas
1314 438 1385 494 crgo
1395 423 1470 481 vitas
1482 440 1574 499 supra
1588 424 1793 486 distinximus:

81 496 160 555 dum
188 502 295 555 cuncta
315 498 431 558 incerta
446 505 524 572 sunt,
545 519 580 561 ea
604 521 672 579 quae
692 506 915 563 transeuntibus
968 523 1062 564 unam
1076 509 1242 566 seeundum
1258 527 1389 579 carnem,
1420 511 1544 570 alteram
1558 515 1795 590 seeundumspi-

81 586 172 643 nobis
187 592 357 655 occurrunt,
386 605 442 663 pro
471 595 603 666 tempore
628 610 659 650 se
672 598 867 665 commutant,
883 599 916 653 ut
968 596 1068 654 ritum.
1084 597 1148 656 Vita
1162 604 1263 656 autem
1289 600 1417 657 carnalis
1444 606 1576 676 tempore
1600 603 1682 677 prior
1693 609 1746 673 est,
1758 621 1794 664 eo

81 674 168 733 alteri
181 675 213 733 in
225 677 342 735 malum
360 679 447 736 cedat
464 681 548 754 quod
562 680 644 739 alteri
658 682 790 741 faustum
800 685 915 741 exstite·
969 687 1052 760 quod
1073 688 1172 744 omnis
1191 688 1284 744 honio
1298 689 1381 761 prius
1403 690 1433 747 in
1454 708 1543 748 carne
1557 677 1688 765 nascitur
1700 710 1794 768 quam

80 769 147 823 rat:
163 771 192 824 et
204 767 288 842 quod
306 767 360 825 iste
387 768 549 828 adversum
570 771 673 841 doluit,
689 772 737 830 ille
752 773 808 829 sibi
826 773 915 830 felici·
968 776 999 832 in
1015 776 1118 849 spiritu
1130 781 1304 834 renascatur
1320 820 1327 846 ,
1344 782 1372 834 et
1387 779 1485 835 omnis
1500 781 1552 853 qui
1566 782 1637 840 vivit
1649 781 1681 839 in
1693 799 1792 852 earne,

80 859 126 911 ter
153 857 328 929 provenisse
358 864 529 930 eognoscat.
555 864 713 934 Propterea
726 861 757 918 in
771 862 806 918 iis
820 863 915 919 omni·
969 863 1016 921 vel
1028 866 1195 922 secundum
1207 882 1329 923 carnem
1351 866 1495 935 ambulat,
1509 873 1537 925 et
1551 870 1645 928 vitam
1659 871 1795 945 spiritua·

78 945 150 1013 bus,
164 962 232 1020 qum
247 950 388 1021 tempore
416 952 579 1019 transeunt,
600 955 719 1024 tempus
733 951 915 1009 estdilectio-
968 953 1027 1010 lcm
1041 954 1179 1010 nondum
1194 954 1288 1026 attigit
1303 973 1310 1011 t
1324 954 1373 1011 vel
1395 956 1562 1013 seeundum
1580 958 1717 1031 spiritum
1731 977 1794 1018 am·

79 1034 128 1090 nis
143 1040 172 1092 et
184 1040 305 1110 tempus
317 1037 379 1094 odii
397 1056 403 1094 :
421 1042 454 1095 ut
467 1054 529 1096 non
543 1039 642 1097 firmet
655 1057 707 1097 cor
720 1057 810 1097 suum
822 1042 914 1098 homo
967 1042 1060 1110 balat,
1090 1048 1119 1100 et
1142 1044 1235 1101 vitam
1260 1043 1412 1101 carnalem
1432 1045 1591 1103 abdicavit.
1608 1049 1796 1122 Quapropter

80 1123 121 1181 ad
148 1141 184 1181 ea
210 1125 256 1183 ve'
286 1126 455 1195 dilectione,
483 1127 531 1184 vel
555 1129 625 1186 odio
642 1146 648 1184 :
663 1146 732 1203 quae
746 1136 872 1204 possunt
886 1135 916 1187 et
968 1133 1066 1188 omnis
1082 1133 1242 1208 spiritualis
1256 1150 1293 1190 ex
1320 1133 1431 1190 carnali
1444 1134 1603 1207 spiritualis
1616 1134 1712 1193 faetus
1726 1141 1792 1196 est:

79 1213 154 1270 odio
165 1215 268 1273 habita
282 1215 391 1275 iterum
406 1218 484 1290 juste
510 1218 603 1289 diligi,
620 1224 650 1276 ct
662 1219 769 1278 dilecta
793 1236 913 1276 rursmu
967 1222 1094 1279 sednon
1109 1223 1207 1280 omnis
1233 1223 1361 1280 carnalis
1384 1239 1421 1279 ex
1449 1222 1594 1296 spirituali
1607 1224 1736 1284 carnalia
1750 1231 1797 1284 est

76 1303 159 1374 juste
171 1304 241 1362 odio
254 1305 369 1364 haberi.
412 1295 422 1304 ’
966 1311 1097 1370 effectus.
1113 1312 1176 1370 Vita
1190 1313 1270 1369 enim
1298 1312 1427 1370 carnalis
1455 1328 1574 1386 semper
1599 1314 1648 1373 vel
1659 1314 1724 1373 sola
1737 1320 1792 1385 est,

122 1394 249 1465 Tempus
272 1395 355 1468 belli,
378 1401 407 1454 et
435 1402 549 1468 tempus
571 1400 666 1468 puers.
693 1401 814 1473 Propter
840 1404 913 1457 tern-
964 1399 1012 1458 rel
1025 1400 1132 1474 prima,
1149 1405 1181 1458 ut
1195 1401 1277 1458 illam
1292 1401 1391 1458 omnis
1405 1402 1498 1458 homo
1512 1402 1560 1459 vel
1574 1402 1670 1461 solam
1684 1408 1792 1473 teneat,

81 1498 143 1556 pus
171 1483 337 1553 occidendi,
363 1489 483 1560 tempus
503 1486 574 1544 belli
600 1488 754 1545 ordinatur
770 1505 777 1543 ι
792 1493 913 1563 propter
965 1494 998 1546 ut
1010 1489 1193 1563 spiritualem
1207 1490 1298 1548 vitam
1321 1506 1480 1564 uunquam
1494 1491 1613 1550 inchoet
1627 1507 1634 1546 :
1647 1492 1696 1549 rel
1709 1493 1793 1567 prius

78 1575 202 1647 tempus
229 1573 368 1643 sanandi,
398 1579 516 1649 tempus
543 1576 626 1650 pacis
654 1576 855 1651 subsequitur.
872 1581 946 1644 ,Etss
963 1577 1097 1633 habitam
1123 1577 1284 1651 spiritualis
1297 1579 1366 1637 vitre
1386 1577 1485 1636 studio
1500 1579 1701 1654 subsequente
1712 1597 1793 1639 eom-

78 1666 143 1719 erat
157 1661 233 1719 illud
250 1662 393 1736 primum,
409 1664 467 1722 hoc
490 1670 591 1722 autem
605 1666 766 1723 novissime
780 1683 909 1723 comme-
963 1670 1065 1722 mutet.
1083 1669 1210 1740 Utraque
1224 1668 1288 1724 haec
1314 1667 1375 1725 vita
1405 1673 1564 1726 sectatores
1592 1686 1663 1727 suos
1676 1669 1790 1728 habet:

83 1754 238 1810 moratum
252 1756 296 1810 est
311 1771 318 1811 ε
335 1758 368 1810 ut
380 1753 571 1828 principium,
588 1759 616 1811 et
629 1755 708 1824 finis,
724 1772 793 1812 cum
804 1755 910 1812 mediis
963 1754 1090 1812 earnalis
1104 1756 1228 1829 quidem
1243 1773 1294 1813 eos
1310 1757 1364 1830 qui
1377 1757 1443 1812 vitae
1457 1758 1612 1830 praesentis
1626 1758 1738 1829 gaudia
1748 1758 1792 1816 di·

80 1840 222 1898 omnibus
249 1840 408 1899 laboribus
433 1847 463 1900 ct
488 1843 627 1917 perieulis
644 1837 839 1902 concludatur
855 1863 861 1901 :
878 1849 911 1901 ut
964 1843 1075 1915 lig1mt;
1092 1844 1253 1918 spiritualis
1266 1861 1337 1903 uero
1349 1862 1401 1904 eos
1415 1845 1467 1919 qui
1487 1845 1595 1904 futurae
1606 1846 1674 1905 vitae
1685 1848 1792 1920 jucun·

78 1929 138 1986 rita
152 1930 287 1989 hominis
308 1947 467 2006 nunquam
487 1937 550 1990 tuta
565 1933 610 1999 sit,
625 1949 692 2007 quae
706 1935 865 2007 pertransit
877 1937 911 1991 ut
964 1933 1086 1990 ditatcm
1114 1934 1278 2008 inquirunt.
1307 1936 1441 2000 Quorum
1466 1934 1507 1990 illi
1528 1934 1652 2009 quidem
1676 1934 1794 1993 blaudi·

78 2018 198 2077 desinat
224 2020 318 2078 Exirit
342 2021 422 2077 enim
447 2021 539 2078 homo
567 2026 599 2079 ut
624 2022 783 2091 recederet,
806 2027 834 2080 ct
847 2038 910 2080 non
964 2022 1070 2078 mentis
1083 2027 1269 2080 terrenarum
1291 2021 1522 2080 delectationum
1535 2039 1657 2080 earnem
1679 2021 1790 2093 fouent,

79 2111 170 2164 staret
183 2123 254 2166 oum
268 2111 329 2166 beo
345 2114 393 2167 :et
406 2109 474 2167 lceit
488 2113 610 2183 paetum
624 2109 790 2167 dilectionis
804 2111 844 2167 ad
858 2127 910 2168 vo·
963 2111 994 2167 hi
1005 2128 1075 2168 vero
1090 2111 1188 2168 studio
1199 2111 1342 2170 virtutum
1352 2111 1383 2169 in
1398 2127 1450 2185 spe
1466 2128 1501 2168 ac
1516 2111 1664 2169 desiderio
1679 2110 1790 2170 futuro

78 2195 224 2270 luptatem
247 2197 474 2269 hujusmundi,
497 2203 530 2256 nt
543 2199 757 2273 resquiesceret
770 2199 800 2257 in
813 2215 859 2257 cu.
877 2202 910 2256 ut
964 2217 1032 2256 rum
1047 2200 1181 2274 spiritum
1199 2204 1345 2258 exercent.
1367 2203 1441 2258 Cum
1454 2200 1574 2258 duobus
1597 2199 1659 2257 istis
1672 2199 1793 2274 populis

78 2286 173 2343 noluit
187 2289 265 2343 Deus
279 2285 377 2344 foedus
391 2288 455 2344 itud
475 2288 618 2346 sustinere
632 2292 665 2346 ut
678 2294 866 2363 permaneret
879 2288 910 2346 in
963 2290 1096 2347 mundus
1105 2306 1159 2362 per
1171 2293 1341 2363 temporum
1354 2287 1582 2346 mutabilitatem
1590 2288 1629 2346 ad
1639 2288 1732 2346 finem
1741 2288 1792 2345 de·

84 2375 305 2434 abalienatione
323 2395 330 2446 ;
346 2382 374 2434 et
398 2378 550 2436 suscitarit
563 2384 666 2436 contra
680 2396 750 2436 cmu
764 2395 832 2453 quaa
846 2395 911 2453 por·
964 2378 1062 2445 currit,
1078 2377 1175 2434 donec
1189 2377 1289 2434 veniat
1307 2380 1340 2434 ut
1362 2381 1472 2435 statuto
1494 2381 1582 2450 pacto
1594 2376 1715 2449 justitia
1728 2392 1791 2436 am·

78 2480 163 2521 verse
176 2464 330 2535 dilexerat,
344 2471 377 2524 ut
393 2467 630 2535 adversarentur,
654 2473 683 2525 et
702 2467 868 2539 affligerent
879 2468 910 2524 il-
963 2467 1073 2524 borum
1086 2466 1234 2540 judicium
1243 2465 1296 2523 fiat
1318 2464 1429 2523 Placuit
1438 2467 1519 2522 enim
1534 2468 1593 2522 lieo
1608 2470 1642 2523 ut
1654 2465 1791 2524 ostende-

79 2553 142 2609 lum
159 2572 165 2610 :
182 2553 337 2611 ellectum
361 2560 406 2613 est
426 2555 541 2613 bomini
554 2556 668 2613 bellum
683 2573 752 2614 eum
768 2556 910 2614 omnibus
964 2560 1008 2612 ret
1016 2555 1135 2613 divitias
1150 2554 1251 2627 gloriae
1262 2559 1485 2628 superventurae
1495 2554 1525 2611 in
1544 2553 1790 2612 vasamisericor·

80 2659 147 2716 quae
161 2642 192 2700 in
207 2643 322 2702 mundo
337 2649 415 2715 sunt,
446 2649 480 2702 ut
502 2645 638 2703 dolorem
666 2650 693 2703 et
717 2644 910 2703 afflictionem
963 2646 1030 2714 dioe,
1049 2645 1138 2702 etiam
1157 2660 1231 2701 vasa
1248 2644 1300 2701 irre
1314 2644 1345 2700 in
1360 2643 1571 2700 sustentatione
1579 2647 1790 2717 pertempora·

79 2730 210 2789 inveniat
235 2733 265 2789 in
294 2733 336 2790 eis
360 2734 457 2794 donec
483 2739 648 2793 revertatur
662 2734 701 2792 ad
718 2751 825 2809 pacem
840 2752 909 2792 cum
963 2733 1023 2791 leur
1041 2733 1277 2791 misericordiam
1294 2732 1468 2789 traducere:
1486 2731 1552 2805 ipsa
1571 2730 1704 2787 similiter
1717 2744 1790 2789 vasa

81 2823 151 2878 beo.
168 2824 249 2879 Tunc
277 2823 314 2880 ad
344 2839 452 2897 pacem
465 2825 531 2896 ejus
546 2842 576 2882 se
588 2828 771 2898 component
783 2824 885 2882 omnia
901 2841 907 2880 :
963 2822 1183 2891 misericordiae,
1192 2826 1226 2879 ut
1229 2819 1488 2893 jrrstitiaetveritas
1494 2819 1790 2893 adimpleatur,nunc

80 2914 111 2966 ut
124 2910 261 2984 subjecta
274 2912 334 2969 sini
345 2913 533 2988 humilique
548 2913 665 2970 lucrant
678 2914 806 2972 adversa
820 2914 907 2971 elato.
924 2944 945 3002 G
963 2912 1081 2969 interim
1103 2911 1245 2969 molestiis
1264 2909 1460 2966 tentationum
1469 2925 1606 2966 exercere
1620 2927 1627 2965 ι
1640 2912 1673 2965 ut
1681 2908 1791 2967 babeat

79 2999 212 3057 Primum
227 3002 307 3059 enirn
321 3008 428 3061 cuncta
449 3008 557 3077 pacata
578 3003 704 3072 lucrant,
725 3003 800 3061 sicut
814 3002 845 3060 in
857 3018 909 3059 no·
963 3001 1062 3059 omnis
1072 2999 1256 3073 vitaetquod
1270 2999 1307 3055 de
1327 2998 1531 3056 misericordia
1541 2998 1705 3069 gratuitum
1714 2997 1790 3056 aeci-

80 3088 204 3147 sissimo
217 3091 408 3163 pacabuntur
432 3093 573 3150 universa
587 3110 593 3148 :
609 3099 642 3150 ut
664 3092 695 3150 in
720 3093 822 3150 medio
840 3110 908 3167 quaa
962 3092 1033 3167 piat,
1055 3106 1093 3147 ne
1120 3089 1239 3146 bonitas
1264 3087 1449 3159 relinquatur
1476 3087 1645 3157 incognita;
1660 3091 1689 3145 et
1706 3085 1791 3159 quod

83 3182 238 3237 transeant
251 3181 363 3239 ineerta
377 3186 454 3239 sorte
468 3186 663 3257 percurrant;
678 3182 775 3240 donec
788 3182 910 3239 veniant
962 3181 1000 3237 dc
1010 3179 1124 3252 justitia
1136 3177 1303 3234 districtum
1327 3175 1442 3241 sentiat,
1461 3179 1494 3231 ut
1506 3174 1615 3231 veritas
1629 3174 1683 3231 fiat
1695 3174 1790 3231 mani-

80 3269 172 3324 utvel
196 3269 253 3325 sub
279 3271 395 3343 judicio
409 3271 527 3328 cadenti
544 3271 575 3328 in
589 3276 769 3346 perpetuum
783 3271 909 3328 adversa
963 3268 1046 3325 iestu.
1061 3261 1790 3361 Proptercnitaqueproposuitlleusomnihomini

78 3357 138 3414 sint
152 3359 265 3428 omnia,
294 3360 342 3417 vel
372 3360 492 3418 feliciter
520 3360 749 3427 consummatio,
775 3359 910 3433 subjecta
963 3362 992 3414 et
1004 3357 1086 3413 bona
1101 3360 1129 3411 et
1143 3353 1232 3422 mala,
1245 3356 1278 3408 ut
1289 3354 1451 3423 utrumque
1463 3349 1690 3418 demonstraret,
1703 3366 1790 3407 mase-

79 3446 138 3503 sint
151 3447 301 3506 universa.
318 3449 373 3506 Ubi
386 3449 467 3506 enim
494 3449 600 3507 odium
614 3453 758 3506 aeternum
773 3449 836 3516 erit,
851 3447 909 3504 illic
962 3445 1122 3502 ricordiam
1137 3441 1246 3499 seilicet
1270 3445 1298 3497 et
1310 3439 1464 3497 veritatem
1479 3457 1486 3495 :
1503 3437 1639 3508 alterum,
1666 3453 1728 3512 quo
1753 3438 1790 3495 si·

79 3534 133 3592 erit
156 3540 184 3593 et
208 3535 321 3594 bobum
348 3542 528 3612 perpetuum
543 3557 549 3595 :
565 3542 592 3595 et
609 3537 662 3595 ubi
676 3536 730 3595 erit
743 3541 854 3595 aeterna
867 3536 910 3592 di·
962 3551 1000 3591 ne
1015 3533 1121 3590 merito
1146 3530 1237 3603 gratis
1250 3528 1425 3585 benificium
1439 3526 1557 3595 tribuit;
1577 3526 1790 3600 alterumque

78 3623 176 3693 lectio,
204 3625 245 3682 ibi
268 3642 328 3700 pax
351 3627 533 3702 sempiterna
559 3627 714 3685 constabit.
740 3629 840 3699 Neque
867 3624 909 3681 ibi
963 3621 1045 3679 malo
1058 3619 1163 3678 merito
1178 3633 1301 3693 poenam
1324 3615 1449 3686 dignam
1472 3614 1617 3687 rependit.
1632 3616 1791 3715 Propterea

78 3712 196 3771 dicetur
209 3719 328 3789 tempus
353 3717 446 3790 pacis,
471 3721 499 3774 ct
525 3720 645 3791 tempus
663 3714 743 3784 belli,
759 3714 835 3771 sieut
848 3730 914 3772 non
963 3711 1109 3785 disposuit
1123 3714 1156 3767 ut
1170 3713 1331 3780 utrumque
1354 3703 1480 3778 accipiat
1503 3704 1610 3772 homo;
1633 3703 1791 3803 etrehqmt

79 3802 196 3860 dicetur
221 3808 340 3878 tempus
367 3805 543 3876 dilectionis,
566 3810 594 3863 et
621 3809 740 3879 tempus
753 3804 815 3862 odii
833 3803 910 3861 :sed
963 3804 1139 3875 potestatem
1149 3796 1263 3855 homini
1278 3794 1352 3871 quid
1362 3793 1445 3868 prius
1459 3792 1530 3892 velit
1539 3795 1573 3892 ut
1584 3795 1719 3865 accipiat.
1733 3796 1791 3865 Ap·

79 3892 271 3963 anthalium,
288 3900 316 3952 et
327 3911 388 3968 pax
405 3911 411 3951 ι
426 3895 540 3953 bellum
567 3894 714 3963 sinaitae,
731 3898 759 3951 et
770 3893 834 3951 sinc
849 3893 909 3950 tine
962 3890 1063 3964 posuit
1073 3894 1173 3946 eutem
1184 3885 1386 3944 conditionem
1397 3882 1548 3982 electionrs
1558 3897 1588 3938 ru
1602 3884 1740 3955 utroque,
1751 3896 1790 3980 ne

78 3998 151 4057 pax.
167 3985 232 4040 Non
254 4000 325 4056 ergo
342 3984 489 4042 existimet
502 3985 594 4042 homo
610 3984 698 4042 valde
713 3983 909 4041 metuendum
964 3981 1039 4037 forte
1053 3976 1231 4036 excusabilis
1258 3974 1294 4031 sit
1321 3971 1564 4070 concupiscentia
1589 3986 1702 4072 prava:
1718 3973 1790 4069 atsi

78 4071 204 4140 bellum,
219 4072 267 4128 cui
285 4077 382 4146 potest
408 4089 469 4148 pax
494 4074 651 4131 succedere
667 4090 674 4128 ε
689 4089 788 4147 neque
801 4087 909 4146 pacem
962 4069 1054 4127 homo
1069 4068 1150 4125 bona
1164 4063 1341 4139 temporalia
1362 4061 1394 4118 in
1417 4061 1474 4160 bac
1495 4064 1556 4117 vrta
1570 4059 1610 4117 ad
1622 4058 1790 4158 Jueundrta-

79 4159 164 4217 illam
177 4176 387 4235 verumquam
394 4161 508 4219 bellum
522 4163 709 4235 subsequens
723 4164 820 4236 potest
843 4176 909 4234 per·
962 4163 1023 4216 tem
1038 4158 1167 4228 eligeret,
1181 4160 1292 4212 eterna
1310 4149 1437 4224 adipisci
1459 4164 1521 4248 ρορ
1544 4147 1671 4246 valeret3
1686 4151 1715 4204 et
1724 4162 1789 4203 srse

79 4247 201 4306 turbare
216 4268 222 4306 ι
237 4248 309 4323 quia
321 4255 437 4320 cuncta,
454 4267 521 4325 quar
532 4254 695 4320 transeunt,
715 4266 795 4308 vana
808 4250 839 4306 in
849 4249 907 4306 hoc
962 4246 1011 4303 hic
1024 4245 1143 4316 flagello
1157 4239 1359 4312 castigationis
1373 4239 1403 4294 in
1416 4237 1529 4309 judrcro
1539 4239 1669 4292 veritatis
1683 4238 1790 4334 sponte

78 4337 147 4411 ipso
159 4339 327 4412 reputanda
344 4345 414 4397 sunt
440 4341 524 4414 quod
537 4340 568 4396 in
582 4341 673 4408 bono,
689 4338 822 4396 similiter
835 4342 864 4394 et
875 4337 906 4393 in
963 4337 1155 4410 supponeret,
1179 4332 1210 4388 ln
1233 4330 1332 4385 lutura
1350 4327 1410 4382 vita
1424 4327 1573 4422 tormenta
1587 4323 1790 4379 damnatroms

78 4427 172 4497 malo,
185 4443 303 4501 semper
316 4445 491 4504 permanere
506 4445 568 4485 non
582 4432 717 4502 possunt.
963 4441 1025 4482 non
1039 4423 1167 4481 sentiret.
1183 4416 1312 4491 Reprobi
1337 4419 1448 4511 autem.
1461 4427 1514 4484 qur
1534 4414 1628 4509 vitam
1642 4413 1791 4482 tempora-

118 4517 198 4585 θρῖα
211 4517 299 4575 babet
310 4521 440 4590 amplius
462 4520 547 4576 boare
568 4519 605 4576 de
629 4516 731 4576 labore
744 4519 819 4574 suo?
833 4518 909 4587 Ergo
963 4515 1022 4571 lem
1036 4512 1173 4580 diligrmt
1195 4512 1224 4565 θῒ
1242 4506 1308 4578 ejus
1324 4500 1542 4598 J'ussundstatffl}
1555 4502 1624 4554 Vn&
1638 4501 1790 4599 POPPQ

79 4606 112 4662 in
126 4604 240 4662 incerto
264 4607 354 4665 currit
380 4607 467 4665 labor
499 4607 650 4665 hominis:
680 4605 752 4680 quia
779 4603 909 4676 amplius
964 4600 1080 4674 gaudiis
1093 4598 1288 4670 anteponunt,
1304 4592 1386 4649 bona
1399 4592 1558 4690 presentia
1568 4590 1627 4645 toto
1641 4586 1790 4689 desiderao

79 4693 194 4750 habere
207 4709 269 4752 non
284 4699 381 4769 potest
394 4696 432 4752 de
445 4696 548 4753 labore
569 4712 635 4765 suo,
650 4711 688 4752 ne
703 4697 859 4752 contentus
873 4691 911 4749 sit
964 4689 1194 4763 amplectuntur,
1222 4688 1312 4758 atque
1338 4681 1369 4738 in
1397 4696 1439 4738 ers
1473 4693 1596 4735 omnem
1621 4676 1790 4736 felicitatem

79 4783 175 4839 homo
202 4781 238 4839 iis
266 4799 335 4857 quae
358 4783 461 4842 labore
488 4802 543 4843 suo
571 4790 709 4843 constant
724 4800 731 4839 :
745 4783 817 4857 quia
830 4797 910 4838 vanu
964 4795 1051 4837 suam
1065 4775 1270 4843 constituunt3
1287 4772 1371 4830 electi
1394 4786 1464 4827 vero
1478 4767 1657 4869 temporales
1672 4767 1790 4827 dolores

80 4876 152 4929 sunt
181 4871 293 4943 omnia,
322 4876 351 4929 et
373 4877 506 4948 tempore
535 4878 696 4944 transeunt,
726 4877 859 4946 tempore
877 4869 909 4926 fi·
963 4867 1108 4943 patienter
1121 4863 1276 4931 sustinent,
1301 4865 1334 4918 ut
1351 4860 1450 4927 adea,
1465 4860 1789 4959 qurepromrssasuut,

79 4960 203 5018 nienda,
964 4957 1074 5029 gaudia
1088 4953 1258 5012 eternitatis
1272 4950 1387 5025 possint
1405 4962 1560 5022 pervenire
1576 4963 1583 5003 :
1599 4953 1790 5044 etmeorum

383 5071 526 5130 nomm
545 5071 601 5129 xpp
962 5050 1100 5121 respectu
1112 5043 1262 5119 quidquid
1284 5037 1487 5099 transitorium
1499 5040 1544 5093 est
1557 5035 1581 5092 si
1595 5051 1735 5094 amarum
1746 5049 1790 5089 rr·
1875 5100 1878 5105 ,

605 5115 611 5127 ’
962 5138 1058 5206 detur,
1083 5151 1144 5192 non
1168 5137 1321 5201 metuunt;
1337 5131 1362 5188 si
1375 5128 1473 5192 dulce,
1489 5140 1550 5180 non
1562 5122 1787 5196 concupiscunt.

964 5228 1047 5285 Unde
1080 5224 1188 5283 accidit
1214 5227 1246 5280 ut
1273 5219 1400 5280 earnalis
1430 5215 1498 5271 vitre
1529 5216 1678 5270 amatores
1705 5209 1789 5284 prius

403 5289 484 5346 dim
497 5294 578 5346 W·
963 5317 1094 5374 habeant
1125 5314 1216 5380 bona,
1250 5289 1358 5366 deinde
1395 5304 1476 5362 mula
1513 5297 1660 5372 recipiant
1690 5314 1697 5353 ι
1730 5298 1789 5372 spi-

112 5410 243 5483 Scdjam
253 5413 372 5485 tempus
382 5416 426 5471 est
438 5417 546 5487 utpost
557 5428 716 5469 excursum
727 5392 908 5485 temporum,
963 5405 1083 5462 rituales
1101 5387 1178 5482 *yero
1202 5388 1284 5471 prius
1306 5392 1439 5452 adversis
1463 5391 1666 5490 exerceantur,
1681 5387 1790 5489 deinde

80 5501 250 5558 secundmn
270 5518 305 5559 ca
318 5518 386 5576 quse
400 5501 471 5558 loris
484 5501 644 5559 volvuntur
657 5502 688 5558 in
702 5505 836 5575 tempore
853 5499 911 5573 spi·
964 5496 1003 5552 ad
1027 5495 1109 5551 bona
1134 5487 1313 5564 pertingant.
1343 5482 1400 5539 lllis
1438 5496 1536 5580 pruna
1566 5479 1657 5550 bona,
1685 5478 1790 5579 ultima

79 5589 196 5648 ritualia
211 5592 300 5651 etiam
325 5590 524 5663 intelligentiae
547 5590 749 5650 recordemur.
764 5588 909 5646 Paulatim
963 5579 1144 5643 materiatis
1167 5575 1266 5652 prima
1287 5571 1378 5644 mala,
1403 5569 1508 5631 duma
1531 5571 1622 5632 bona.
1647 5568 1705 5631 Sed
1718 5583 1790 5642 qma

80 5176 126 5234 De
138 5174 294 5246 spirituali
314 5178 515 5251 intelligentia
537 5196 639 5238 cortun
653 5195 720 5252 quoe
731 5178 767 5236 cle
781 5183 910 5249 tenpore
