3832 6044
49 128 103 169 ΜΠ

50 236 202 293 arri-nibil
212 237 291 293 celte
301 235 561 307 afferremasidii,
570 235 732 292 litterarios
743 234 879 304 anonis
894 235 918 288 t

51 309 151 375 austri,
159 323 249 380 quau
259 308 413 364 deSancto
426 309 542 364 Victore
552 314 669 378 uocant,
682 307 812 363 triticeos
820 320 881 361 rriu-

51 380 178 447 nipnlos,
192 381 323 448 sparsim
332 380 364 434 in
377 379 728 449 litterarianostraarea,
738 393 827 448 aream
842 376 881 429 bi-

51 450 229 505 bliotliecorn
239 451 409 519 appellant,
420 457 448 506 et
457 452 488 505 in
501 451 657 505 nonnullis
672 451 741 506 aliis
752 449 881 504 atiornm

52 523 115 577 loeis
124 527 243 576 erectos
255 521 494 591 coltipereatqne
509 522 540 576 in
552 526 611 576 tres
620 527 711 576 torreas
722 524 774 577 ιιιιι
783 520 881 588 [esces

51 593 195 662 coltipare
204 592 609 662 aurasicenseminpublica
619 591 882 647 bomeamittentes

51 664 111 719 nsrti
121 663 254 732 publico
266 663 493 730 subscrnitnros,
509 669 542 717 nt
554 664 601 718 trel
610 663 782 718 siciltornm
792 661 882 729 fasci·

52 740 190 790 natorum
201 734 377 803 etfrateruo
389 734 497 789 bonori
507 735 704 789 inuidentium
714 733 881 787 eezizaniis

52 805 198 874 cerisarios
207 806 472 876 acartipnlosqnasi
488 804 571 859 boemi
581 810 713 874 repentes
721 803 881 874 faciamus,

52 878 137 1000 tnp'ns
161 878 268 932 tunica
288 877 389 931 incluti
396 877 555 945 polymita,
566 876 794 945 attasipersecta
805 887 882 942 pcne-

50 951 78 1018 [ιι
91 949 196 1015 peritis
211 948 344 1017 justitia
351 947 521 1016 manipulas
532 946 727 1015 adorare,seu
736 945 882 1001 calderia-

53 1025 106 1074 tam
117 1034 227 1073 caraem
238 1019 406 1073 doctrinam
418 1033 453 1073 ae
463 1019 618 1086 ttecipulas
627 1018 792 1086 praesertim
813 1015 883 1068 insi-

52 1091 195 1160 pientium
201 1090 342 1159 pellibus,
351 1095 509 1158 miseritam
515 1090 672 1157 ,faciamus
683 1086 883 1143 immaculata

55 1162 133 1215 istius
154 1160 307 1215 doctrirue
327 1161 437 1215 cedma.
452 1159 545 1226 Oetam
557 1160 635 1214 errim
645 1160 706 1214 sint
718 1159 781 1228 pia,
794 1172 880 1229 qnam

54 1237 167 1297 sancta,
177 1246 272 1302 qnam
283 1233 364 1285 timisi
371 1246 408 1286 es
415 1237 504 1300 parte
513 1231 647 1286 raritatis
656 1229 774 1285 conseia
784 1229 816 1283 H
816 1242 884 1297 upo-

56 1305 92 1357 nis
104 1303 202 1371 liniris
212 1303 309 1356 nostri
318 1303 470 1372 (laqueata,
478 1318 537 1356 rien
548 1307 649 1356 nostro
660 1307 691 1355 nt
698 1301 885 1370 potedomes·

56 1374 116 1441 tice,
128 1373 183 1428 sed
193 1374 326 1428 aliorum
338 1374 536 1443 quorumlibet
556 1373 733 1427 ceriserutnm
746 1376 787 1426 est
800 1369 885 1439 jndi-

57 1446 103 1499 cio.
117 1445 288 1512 Sperarnns
296 1450 395 1499 aretem
406 1444 538 1499 dictares
549 1459 647 1499 omnes
658 1444 745 1498 etiem
758 1456 883 1513 atterum

58 1515 284 1586 analipantibns
292 1516 385 1570 oculis
397 1516 452 1570 lice
459 1516 560 1569 odiosa
568 1520 620 1584 est,
628 1516 736 1585 qtciqne
744 1515 774 1567 in
783 1513 884 1568 atiena

57 1587 145 1642 solent
164 1585 282 1654 scripta
293 1587 418 1642 rioribus
436 1586 561 1641 aduncis
572 1590 625 1640 ιιιιι
632 1585 786 1654 troadibus
797 1598 882 1651 cope-

57 1657 125 1711 ratis
133 1657 321 1712 caebionnos
331 1671 457 1718 irrorare.
468 1672 502 1712 ea
523 1672 582 1711 esse
591 1656 737 1726 ejtisnrodi
747 1660 805 1709 uta
816 1669 885 1724 arto

58 1729 223 1783 metricae
234 1727 459 1783 Glnistianismi
470 1728 594 1798 ettttore,
602 1727 773 1796 arnpteruri
780 1726 884 1781 interito

53 1798 313 1868 passintdt'ampet
321 1799 416 1854 obiter
425 1800 542 1880 aliquid
549 1799 691 1854 decorum
702 1811 831 1852 cornmen
843 1796 886 1850 la-

59 1870 184 1924 tionibns
200 1870 415 1938 eaprimamns,
426 1871 509 1940 qreid,
520 1885 630 1940 quasa,
643 1870 712 1938 ipsis
729 1868 886 1923 secretins?

58 1940 332 2012 qriMrelr'piosius?
353 1940 426 2013 qnid
438 1941 476 1996 ab
486 1942 568 1996 orricii
584 1955 719 1996 errorum
736 1940 885 2009 sarriente

58 2011 207 2067 clicerius?
221 2012 353 2066 manime
375 2017 473 2067 aretem
496 2012 534 2066 ab
560 2027 591 2067 eo
614 2010 885 2080 erroreimpissimo

58 2097 138 2153 quan
146 2082 295 2137 nonnulli
313 2083 530 2151 prncdictornm
550 2082 885 2150 ncrnnnsenptorutuu

59 2157 309 2223 insupersacrnm
320 2154 655 2209 attarissacrmnentnm
673 2152 887 2223 nefandissim

55 2224 669 2295 perstrepunt.Oriarrdopnidem,quarelam
678 2225 726 2279 ln'c
737 2224 826 2291 ano
838 2237 887 2275 no·

58 2301 114 2349 ster
121 2295 206 2365 fidei,
217 2296 626 2366 qctarstnmqneuerteratiouis
638 2296 707 2350 biiic
715 2293 887 2364 superbene-

58 2366 452 2422 dietoaltarissacramento
461 2365 889 2436 tmpuitcrapeteseoesptu·

58 2441 206 2493 ratnmest
215 2438 476 2508 manimepnodin
485 2438 771 2494 vttnsuucntcaueo
780 2435 888 2503 bestia,

60 2523 145 2578 quam
154 2523 215 2577 per
225 2509 364 2562 intimum
375 2509 499 2577 spiritns
509 2523 625 2564 sensnm
636 2522 695 2563 nou
716 2522 776 2562 esse
792 2521 889 2561 eonse-

60 2584 174 2634 cratanr
188 2578 396 2648 deprehendit,
409 2580 625 2636 consultissime
641 2580 688 2633 uti
698 2579 804 2633 riotnit.
821 2578 888 2631 Non

59 2656 99 2705 ert
112 2649 175 2715 ln'c,
184 2650 420 2720 inquiens,Dens
430 2665 520 2708 ruens.
531 2650 590 2706 Sed
596 2654 768 2707 consecrata
777 2647 891 2703 ecbibi-

61 2720 163 2784 turibi,
173 2722 311 2791 eaoneob
322 2722 476 2776 innm'neus
489 2736 527 2776 er
538 2722 607 2777 taso
618 2721 784 2777 ueretricnlo
802 2718 891 2773 cronn-

61 2798 105 2846 tus
111 2792 332 2864 sreqrtentioris
339 2793 507 2861 periculum
516 2809 575 2847 non
584 2797 716 2861 accepta,
724 2790 889 2857 Filiuspit,

60 2863 161 2918 redeat
180 2863 222 2918 ad
233 2868 350 2932 patrem
362 2869 388 2919 et
409 2863 532 2932 spiritus
543 2864 583 2918 ud
596 2865 690 2919 Derim
705 2863 758 2933 aad
773 2861 845 2929 fecit
858 2861 890 2914 il·

62 2934 139 2989 ium:
152 2934 236 3004 qnod
250 2949 306 2988 nsn
319 2934 466 2990 credimus
482 2935 593 2990 antisse
617 2950 675 2988 icon
700 2939 760 2989 tarn
772 2933 889 2987 interno
905 2933 925 2988 C

61 3019 147 3075 quarn
159 3006 262 3061 alieno
270 3005 435 3060 testimonio
446 3005 573 3074 sttffntti.
583 3007 642 3060 llos
651 3005 813 3074 initiatam
824 3017 891 3057 sau·

62 3079 317 3143 ctos,tamsanctt
337 3077 396 3132 oiri
417 3076 547 3132 triticeos
568 3076 748 3144 rizariipnlos,
765 3073 891 3136 teacin-

62 3149 263 3216 qnammostri
271 3147 409 3216 anonis
420 3152 479 3202 tarn
489 3154 593 3202 saneto
602 3161 778 3216 operamero
790 3146 890 3199 tritico

63 3218 387 3288 exuberantiameram
398 3219 509 3273 scilicet
520 3223 547 3273 et
557 3219 704 3274 sinceram
713 3215 894 3285 iltiusprani

62 3289 288 3357 {rumentidesu
300 3288 584 3345 Cirristidoctrinam
593 3289 758 3345 redolentia
769 3285 893 3342 celeber·

64 3361 137 3415 rimo
147 3367 200 3415 tuo
211 3361 338 3430 nonani,
357 3361 660 3429 dipnissimeprasnl
679 3364 710 3413 ut
721 3374 780 3413 non
794 3357 892 3426 potni-

64 3432 190 3501 mus,ita
201 3431 420 3487 necdebnimns
431 3432 609 3499 claudicare,
624 3437 685 3484 tnm
698 3430 769 3500 qnia
778 3433 893 3483 saneto-

64 3517 127 3557 retra
138 3517 169 3557 es
180 3517 305 3565 operum
313 3503 485 3572 principuus
496 3507 523 3557 et
534 3504 633 3557 cteltor
652 3504 817 3566 sternutae,
830 3504 892 3552 tnm

64 3575 132 3643 prtia
140 3579 175 3627 nt
186 3574 258 3629 aliis
267 3574 309 3627 ita
322 3574 386 3628 istis
390 3579 473 3642 potes
482 3574 619 3642 operibns
629 3572 670 3627 ad
680 3571 892 3626 eradicandam

64 3645 251 3699 sacellorum
260 3645 385 3699 istarum
395 3645 566 3713 damnatam
576 3659 665 3714 qnam
674 3657 733 3697 riou
739 3640 893 3711 placitavit

64 3717 156 3771 Pater
168 3716 297 3771 catastis
304 3715 535 3785 plantationem,
551 3716 605 3769 idi.
628 3713 780 3785 Siquidem
792 3727 893 3766 eornm

64 3803 91 3840 es
105 3792 137 3840 ut
148 3801 241 3855 opere
253 3787 296 3840 ito
316 3786 403 3842 cerba
422 3787 581 3842 insectator
599 3800 659 3839 nou
679 3783 813 3853 tepidus,·
831 3788 893 3836 turn

64 3858 182 3912 demum
197 3858 270 3929 qetia
292 3857 435 3912 Victorini
449 3856 540 3926 bnjns
550 3857 648 3911 riustri
671 3853 796 3910 canubii
808 3854 894 3921 cujas

64 3929 152 3997 liupo
166 3929 224 3983 iste
236 3932 264 3983 ct
276 3927 425 3997 satisfuit
435 3928 586 3993 alumnus,
598 3931 624 3983 et
635 3926 728 3981 Pater
738 3923 894 3980 obseruan-

65 4000 131 4061 dus,
143 4000 275 4054 dilector
287 4014 316 4054 es
339 4000 482 4061 sincerus,
509 3998 726 4068 ‹emulatorqne
746 3995 894 4052 assiduus.

65 4071 216 4140 Suscipies
230 4071 335 4139 ipitnr,
364 4069 628 4125 observandissime
638 4069 742 4137 Pater,
757 4066 818 4121 bac
831 4080 896 4135 prta

66 4141 341 4208 tibinnuenpanda
353 4141 520 4195 censuimus
534 4154 636 4210 opera,
663 4144 690 4195 et
717 4153 735 4193 a
754 4136 896 4205 malipnis

65 4213 272 4279 matipnorum
287 4211 424 4267 dentibus
439 4226 476 4266 ee
489 4213 596 4266 irinata
621 4210 676 4265 tibi
703 4224 739 4264 ac
752 4221 897 4278 passarana

67 4284 254 4353 berrinnitote
267 4283 420 4338 tutaberis.
446 4283 528 4351 Vale,
556 4281 644 4336 Felix
677 4281 933 4334 Victorinornmll

66 4360 189 4410 tuorum
204 4368 316 4409 memor
331 4369 444 4422 seraper
458 4359 484 4409 et
497 4367 611 4408 ornans.
626 4353 675 4407 Er
688 4351 786 4407 eodan
806 4350 899 4404 Victo-

66 4428 251 4480 rinonostro
266 4425 396 4480 carcobio
411 4425 452 4480 ad
464 4425 567 4479 lt'orras
579 4423 724 4492 Octobris,
740 4423 794 4477 boc
818 4435 898 4475 aristo

66 4497 176 4552 salutis
193 4496 332 4551 bumana
344 4499 421 4551 1526.

66 4582 900 4655 Adenmdaulonperenerendumliuponensemepisco-

86 4671 177 4783 Pi'b'?
184 4656 221 4712 F.
232 4656 486 4712 lioba-tiBattttei
500 4654 652 4711 cenobite
672 4655 817 4709 Victorini
832 4653 899 4707 Ete-

102 4744 135 4797 pr
159 4742 221 4781 ron.
632 4747 635 4752 ·

69 4799 177 4866 mgna
191 4796 244 4853 tihi
257 4796 323 4852 vitre
338 4796 471 4869 probitas
485 4795 655 4863 laudabilis,
671 4798 775 4866 estque

124 4868 222 4924 Virtus
236 4867 393 4932 nobilium,
423 4867 510 4923 riesul
521 4866 661 4929 amande,
677 4865 800 4920 duciun.

71 4938 224 5019 indigente
239 4943 336 4994 tutum
348 4884 443 5011 plagis
458 4943 485 4994 tc
500 4954 620 5010 semper
632 4935 752 5009 asylum

125 5009 213 5065 Orbis
227 5009 359 5066 veridico
373 5009 500 5066 Gallicus
515 5024 565 5064 ore
580 5008 668 5065 canit.

70 5076 901 5144 Nostraautemohservntdomushoectemoribusaltum,

127 5154 160 5206 et
174 5156 279 5207 sancta
291 5151 439 5207 celebrem
454 5150 595 5220 religione
615 5153 740 5206 Putrem.

72 5222 196 5279 Sincera
207 5221 312 5278 recolis
327 5221 442 5294 priscos
456 5221 508 5295 qui
522 5226 621 5277 mente
636 5225 775 5293 parentes

10 5332 16 5345 .
126 5293 345 5350 Victorincrum
356 5293 472 5349 lumina
485 5297 550 5349 rata
563 5295 684 5348 Petrum

10 5394 17 5399 ··
73 5363 157 5422 Unde
172 5364 248 5421 inter
262 5369 386 5420 cunctos
399 5369 551 5436 noctuque
566 5363 678 5436 diuque
692 5361 815 5417 lucerna

128 5435 225 5499 Clara,
240 5435 292 5491 tihi
301 5440 402 5491 noster
416 5434 566 5490 maximus
582 5437 665 5503 Hispo
678 5433 778 5488 datur.

12 5524 18 5551 ··
75 5500 904 5578 Quemmanibusplacidisanimoque,precamur‚umieo

131 5576 294 5651 Suscipies,
304 5580 425 5647 gratum
439 5575 522 5649 (nam
532 5575 603 5648 scio)
619 5573 806 5632 manuscrit.

759 105 1025 165 subticeantur.

1699 120 1761 163 cm

936 232 985 288 Ad
997 232 1129 289 ennrdem
1144 233 1290 303 inprimis
1314 233 1507 289 reverendum
1526 231 1558 286 iu
1574 231 1691 288 Cliristo
1704 233 1762 289 Pa·

972 310 1046 361 trem
1060 305 1211 361 dominum
1227 304 1401 360 illicbaetem
1416 303 1583 359 Bondetmn
1596 303 1761 372 linconen·

971 391 1031 431 sem
1050 377 1217 444 episcopum
1241 377 1563 444 ptiarameritissinnnu,
1589 389 1624 429 ac
1642 377 1761 442 patrem

971 447 1132 517 ducemque
1147 448 1327 516 Galliarum,
1339 447 1477 502 Carmen.

938 552 1059 621 Fulgida
1069 555 1249 608 Francorum
1257 554 1435 626 pariumque
1445 552 1619 625 ducumque
1628 552 1762 618 lucerua,

938 623 1095 693 lingonico
1106 624 1237 688 antistes,
1249 623 1322 679 nihil
1333 624 1388 679 hoc
1400 623 1541 693 indignus
1556 621 1679 678 horroris

938 695 1082 760 Culminc,
1095 695 1147 767 qui
1161 694 1282 766 qualem
1306 694 1470 765 praescribit
1483 693 1653 766 Apostolus,
1667 695 1720 748 aut
1731 708 1763 746 es

937 770 994 820 Arri
1005 765 1105 820 nullus
1117 769 1177 820 toto
1190 764 1333 838 reperitur
1346 765 1503 837 episcopus
1514 764 1595 819 orbe.

939 836 1051 891 Scilicet
1066 835 1149 891 haud
1163 835 1283 907 pompis
1296 840 1405 904 ttrrges,
1421 835 1534 890 instrue
1548 833 1678 906 superbo

939 909 1001 962 Non
1017 906 1188 973 iracundus,
1204 906 1578 976 lususesolutus,a1nator

938 981 1001 1033 Non
1015 977 1144 1032 luciosus
1159 993 1263 1048 opum,
1279 981 1330 1032 atri
1354 992 1434 1031 curm
1449 979 1575 1030 sectator
1589 975 1686 1030 inertis

938 1052 994 1104 Nec
1004 1052 1137 1103 ventrem
1147 1047 1268 1117 sacimas,
1276 1047 1444 1119 utplurima
1452 1045 1549 1111 turba,
1559 1045 1761 1117 sepulchrum:

940 1119 996 1175 Sed
1011 1118 1137 1190 simplex
1152 1119 1313 1190 animoque
1334 1117 1450 1185 humili,
1473 1116 1526 1172 sed
1544 1121 1663 1188 pectore
1678 1115 1762 1182 miti;

939 1189 1071 1256 Sobrius
1085 1194 1113 1245 el
1127 1188 1247 1244 lumbos
1259 1189 1447 1261 precinctus,
1460 1187 1525 1254 lege
1538 1203 1641 1243 severe

940 1265 1003 1334 lpsc
1018 1265 1103 1315 tuum
1116 1276 1224 1331 corpus
1239 1259 1398 1329 castigans,
1412 1259 1513 1327 largus
1533 1257 1571 1312 ad
1584 1272 1709 1312 omnes:

938 1332 1038 1387 Tutela
1053 1337 1081 1387 et
1095 1336 1194 1387 custos
1207 1330 1305 1396 alieni,
1320 1331 1464 1402 prodigus
1479 1329 1545 1383 teris

938 1406 975 1457 Es
990 1401 1112 1474 proprii,
1129 1406 1156 1457 ct
1170 1400 1296 1456 irntrmn
1307 1417 1424 1473 semper
1435 1400 1567 1455 sincerus
1582 1403 1699 1454 amator

939 1473 1173 1529 Victorinorum:
1190 1488 1330 1544 moritur,
1347 1472 1419 1543 quia
1429 1471 1558 1542 plurima
1570 1468 1659 1525 debet

904 1546 1048 1634 BSancta
1071 1543 1190 1609 domus,
1219 1558 1273 1598 nec
1297 1541 1484 1614 lrabetquod
1509 1541 1599 1610 digne
1613 1539 1765 1596 exsolvere

939 1689 1094 1754 augonem
1109 1684 1174 1756 ipsa
1189 1700 1278 1739 suum
1293 1683 1346 1739 tibi
1360 1683 1486 1753 dedicat,
1501 1682 1601 1755 accipe
1614 1612 1766 1737 doiiiiiriSlt

941 1759 1004 1823 Quo
1017 1756 1089 1811 nihil
1102 1756 1168 1828 ipsa
1180 1758 1276 1826 potest
1290 1755 1389 1824 majus
1401 1759 1552 1826 praestare,
1568 1769 1622 1808 nec
1635 1752 1699 1824 ipse

940 1827 1069 1883 Plurima
1079 1843 1147 1882 cum
1161 1825 1288 1893 dederis,
1304 1825 1391 1897 plura
1409 1831 1461 1881 aut
1483 1825 1600 1895 majora
1614 1838 1764 1896 reposcas.

947 1969 1120 2025 Venerando
1141 1969 1239 2033 Patri,
1267 1968 1368 2036 priori
1388 1968 1492 2024 Sancti
1523 1965 1658 2033 Victoris,
1670 1962 1768 2033 tratri

975 2042 1088 2096 docimi
1110 2041 1226 2095 Simoni
1248 2041 1313 2094 m'ro
1328 2040 1473 2107 imprimis
1497 2039 1708 2104 circumspecto
1729 2033 1766 2088 F.

976 2111 1098 2168 Roberti
1107 2110 1230 2167 Battbei
1243 2111 1370 2165 Carrrreu
1383 2109 1576 2178 Sapplticnm.

1012 2239 1050 2291 Te
1064 2233 1125 2307 poli
1139 2239 1234 2290 rector
1249 2232 1337 2289 simul
1357 2237 1445 2305 atque
1458 2236 1542 2288 terren

1014 2308 1166 2371 Summus,
1182 2304 1221 2360 ob
1236 2303 1320 2360 dotes
1335 2302 1427 2359 animi
1440 2301 1553 2367 beatas,

1014 2375 1149 2431 Pluribus
1164 2392 1249 2430 sacro
1264 2374 1415 2429 decoravit
1429 2373 1525 2440 sanir,

1102 2450 1219 2502 Munere
1234 2444 1363 2501 claustri.

1014 2517 1131 2574 Nemini
1145 2517 1231 2587 cujus
1244 2513 1367 2588 proprio
1382 2513 1489 2568 referre

1016 2588 1144 2644 Gratiam
1155 2587 1241 2643 multi
1256 2585 1382 2641 similem
1402 2590 1546 2639 tenemur.

1015 2665 1109 2732 Atque
1124 2674 1178 2731 pro
1193 2661 1313 2729 sumpto
1329 2655 1468 2710 meritum
1481 2653 1584 2709 labore

1103 2733 1239 2786 Promeae
1254 2725 1361 2783 latrdis.

1015 2801 1129 2857 Primus
1144 2801 1199 2856 hos
1212 2799 1287 2854 inter
1299 2794 1513 2853 memorandus
1524 2807 1629 2849 omnes

1015 2871 1249 2943 Mancipatorum
1263 2868 1351 2924 senio
1366 2872 1486 2923 tuorum

1016 2943 1118 2999 Debita
1133 2945 1242 2997 nostra
1255 2941 1400 3010 Juvenum
1413 2936 1541 2993 cohortis

1106 3013 1213 3069 Ordine
1226 3015 1316 3068 tenta.

1018 3087 1114 3141 Sanus
1128 3100 1163 3139 ac
1176 3099 1265 3139 verax
1280 3080 1427 3153 siquidem
1444 3077 1585 3148 magister

1017 3155 1118 3210 libere
1133 3154 1221 3210 nobis
1235 3153 1323 3208 datus
1338 3167 1379 3209 es.
1394 3150 1511 3205 volente

1017 3230 1099 3282 Patre
1114 3241 1205 3297 quem
1225 3223 1311 3279 claris
1324 3219 1459 3292 speciosa
1471 3219 1501 3273 in
1516 3217 1606 3273 armis

1108 3295 1221 3351 indicat
1234 3294 1344 3349 ulmus

1020 3366 1101 3423 Unde
1117 3365 1285 3437 complures
1300 3359 1427 3440 Domino
1442 3374 1495 3430 per
1509 3371 1606 3411 annos

1018 3436 1198 3509 Principium
1212 3449 1330 3490 summo
1347 3434 1516 3505 pariterque
1530 3442 1637 3496 regum

1020 3508 1142 3565 Militans
1157 3507 1223 3562 visu
1239 3503 1328 3570 tenui,
1344 3505 1469 3576 paterno

1109 3577 1233 3634 Numine
1247 3575 1337 3631 fultus
1353 3591 1359 3629 :

1020 3651 1080 3706 Hac
1093 3649 1123 3705 in
1138 3647 1247 3717 insigni
1260 3644 1377 3727 placide
1392 3641 1471 3698 locati

1020 3723 1090 3779 AEdc
1105 3719 1225 3775 Victoris
1241 3716 1334 3772 nitido
1347 3715 1462 3787 liquore
1525 3780 1531 3791 ο

1020 3794 1108 3850 Plena
1122 3795 1245 3848 sacrata¹
1259 3785 1430 3844 veneranda
1444 3784 1548 3839 aratris

1111 3863 1206 3920 Ubera
1221 3858 1296 3915 suxi.

1022 3939 1162 4007 Tuncque
1177 3929 1322 4005 predulci
1337 3927 1491 3996 solidoque
1503 3926 1603 3995 pastu,

1022 4006 1158 4062 Primitns
1171 4002 1258 4058 nobis
1271 4000 1397 4056 rudibus
1407 3995 1542 4053 libellum

1023 4077 1115 4134 Patris
1130 4074 1261 4144 lingonis
1276 4071 1395 4127 solitum
1414 4066 1521 4124 dedisti

1111 4144 1203 4204 Mente
1217 4159 1331 4200 serena.

1024 4223 1051 4275 ls
1063 4218 1187 4292 quidem
1201 4214 1347 4300 promptis
1360 4209 1500 4267 manibus
1509 4207 1630 4290 piorum

1026 4294 1148 4362 Semper
1163 4287 1261 4343 oflerri
1271 4288 1418 4356 juvenum
1434 4283 1538 4336 suevit.

1027 4362 1132 4434 Sicqoe
1147 4360 1184 4415 de
1200 4355 1366 4413 statuliber
1380 4358 1412 4409 ut
1425 4352 1535 4407 feratur

1114 4429 1320 4501 incipientum.
1406 4492 1411 4503 Ι

1026 4507 1148 4559 Prorsus
1161 4502 1242 4556 hunc
1257 4495 1333 4567 gessi
1349 4508 1432 4547 vorm
1446 4490 1587 4546 refertum

1027 4574 1108 4630 Flore
1122 4570 1247 4634 virtutis,
1268 4563 1403 4640 placidus
1417 4565 1552 4642 uenuste,

1026 4649 1181 4715 Pergerem
1194 4653 1328 4712 quoquo,
1343 4633 1450 4707 puduit
1464 4648 1519 4688 nec
1532 4629 1593 4686 ullo

1115 4709 1267 4784 Temporis
1283 4724 1349 4763 usu.
1391 4744 1395 4752 .
1513 4773 1518 4786 ι

1027 4784 1136 4841 lmbuit
1149 4797 1257 4854 nempe
1272 4777 1379 4836 teucris
1394 4777 1433 4833 ab
1449 4791 1536 4833 annis
1563 4843 1568 4854 Ι

1029 4860 1168 4928 Quosque
1184 4854 1356 4915 confratres
1372 4848 1492 4904 monitis
1507 4845 1546 4902 ad
1561 4860 1661 4916 ipsum

1028 4931 1120 4985 blente
1134 4941 1304 4991 conversos,
1321 4921 1482 4993 animoque
1498 4921 1625 4973 matrem

1116 4997 1295 5066 Helligionis.

1029 5071 1135 5151 Sicqne
1150 5084 1205 5123 nos
1217 5067 1284 5123 vitre
1298 5064 1402 5134 rigidae
1417 5077 1572 5140 sequaces·

1029 5146 1112 5198 Ducit
1127 5139 1166 5195 ad
1180 5142 1284 5211 portus
1297 5135 1432 5207 requiem
1451 5147 1590 5205 perennis

1031 5213 1076 5270 Sic
1090 5209 1216 5267 modum
1232 5222 1354 5263 seruiens
1368 5203 1502 5260 medium
1513 5216 1566 5272 per
1582 5205 1705 5251 omnem

1119 5279 1273 5337 Gressibus
1287 5276 1383 5333 almis.

1029 5352 1150 5410 etmihi
1187 5349 1319 5406 nondam
1329 5343 1474 5418 quonium
1483 5335 1601 5418 nouella

1030 5427 1143 5481 Lumen
1158 5368 1291 5491 liaconis
1304 5415 1456 5472 modicum
1466 5408 1591 5476 ‹ledrstt3
1660 5432 1666 5442 ·

1031 5497 1129 5553 Sitne
1143 5492 1236 5548 menti
1250 5488 1342 5554 sedet,
1356 5482 1550 5552 aggregatum

1117 5563 1225 5634 Accipe
1237 5564 1342 5616 totum.
