3832 6044
93 457 623 652 HUGONIS
679 464 826 651 DE
877 464 964 653 S.
1017 465 1499 657 VICTORE

390 770 555 828 CANONIC!
573 772 770 831 REGULARIS
790 772 818 832 S.
838 772 997 832 VICTORIS
1015 772 1230 832 Pimsfflusis

81 944 373 1070 PERUM
415 948 621 1072 PARS
664 950 946 1076 PRIMA.
1000 1024 1071 1045 -
1120 948 1587 1077 EXE-GETICA

792 1323 837 1423 Ι.

311 1530 395 1629 IN
442 1530 947 1634 SCRIPTURAM
992 1533 1311 1635 suom

139 1864 622 2011 ui‘suuliiiuls
659 1870 734 2009 ii
774 1872 1225 2016 suiipsius
1258 1875 1478 2019 suisli

513 2137 1115 2234 PRAENOTATIUNGULAE

408 2337 617 2413 Qouuuu
649 2337 760 2407 flac
793 2338 920 2407 saur
948 2337 1214 2411 curuans.

81 2620 100 2630 -
111 2586 189 2656 Qua
201 2583 368 2656 Scripturas
381 2583 548 2643 divinitatis
561 2587 680 2644 nornine
693 2587 891 2659 sinputariter
902 2587 1057 2659 appellari
1068 2586 1205 2648 debeant.

81 2690 111 2701 -
126 2659 218 2728 Quod
230 2658 334 2715 rtioirra
345 2656 505 2728 Scriptura
518 2657 557 2715 ab
570 2658 640 2715 aliis
653 2658 853 2730 distinquitar
865 2659 897 2717 in
911 2660 1039 2719 materia
1052 2666 1081 2719 et
1093 2661 1181 2721 moda
1195 2658 1360 2721 tractandi.

81 2762 115 2773 -
127 2731 175 2788 De
188 2730 304 2800 triptici
317 2729 519 2800 inteitiaentia
531 2744 625 2786 sacru
637 2728 812 2801 Scriptura.

85 2834 122 2843 -
131 2802 336 2931 Nonamoruenniga
332 2802 364 2858 iu
377 2800 479 2858 airino
493 2801 609 2873 etoquia
621 2802 847 2875 comportaret
859 2802 995 2875 quadarn
1005 2803 1159 2863 duntaaat
1171 2804 1213 2864 aa
1227 2803 1307 2865 iane
1320 2805 1469 2878 triplicem
1483 2806 1662 2880 interpreta-

81 2888 173 2932 uesse
339 2915 346 2929 .
1550 2914 1554 2918 -

81 2976 101 2987 -
115 2944 205 3013 Quod
216 2889 258 3000 riq
269 2943 436 3002 necessaria
450 2943 659 3014 interpretatio
675 2945 815 3003 litteralis
826 2951 855 3004 et
869 2946 1022 3005 tristorr'ca.

85 3048 122 3059 -
137 3017 183 3074 De
195 3015 310 3088 ardirre,
325 3028 449 3072 nurnero
461 3021 490 3072 et
503 3017 684 3074 auctoritate
697 3016 843 3075 librorum
857 3033 951 3076 sacru
963 3016 1139 3089 scripturo.

81 3119 137 3147 .-
147 3088 194 3147 Dc
206 3102 362 3145 sacrarum
375 3087 520 3144 librorum
533 3088 740 3158 scriptoribus.

81 3162 100 3218 1.
116 3191 152 3200 -
165 3160 211 3217 De
226 3157 407 3216 bibliothece
426 3159 536 3217 Veteris
555 3160 735 3218 Testamenti
747 3161 948 3230 reparatione.

85 3263 122 3272 -
130 3231 177 3289 De
190 3229 350 3288 dirersisS
389 3231 395 3242 ‘
416 3235 491 3287 turae
505 3246 599 3289 sacrae
613 3231 872 3291 translationibus.

81 3334 110 3344 -
123 3300 377 3373 Descriptoriius
419 3302 469 3359 ori
486 3303 673 3361 Testamenti.

85 3404 123 3417 -·-
135 3374 182 3432 De
193 3373 360 3444 Scripturas
372 3374 564 3445 apocryphis.

81 3488 87 3503 .
98 3476 136 3487 —-
144 3446 192 3503 De
203 3444 395 3503 Bibliotueeu
408 3446 657 3516 interpretatione
669 3450 698 3503 ct
712 3446 805 3504 variis
821 3444 966 3503 librorum
979 3445 1158 3504 nominibus.

81 3518 96 3575 Ι.
107 3517 200 3575 —De
208 3517 315 3589 [ructu
329 3515 437 3575 divina
452 3518 596 3575 lectionis.

81 3590 98 3646 ἱ
108 3619 147 3629 -
158 3588 248 3672 (tuem
259 3588 396 3660 [ructum
410 3603 499 3647 sacra
511 3586 672 3658 Scriptura
686 3604 723 3647 ee
737 3589 807 3647 atiis
821 3590 941 3661 rapiat;
963 3588 1079 3661 etquid
1092 3590 1163 3648 atris
1177 3592 1301 3660 prestet
1309 3602 1322 3664 ;
1343 3596 1373 3649 et
1392 3590 1431 3650 aa
1448 3606 1503 3650 sec
1519 3593 1661 3653 circums-

81 3659 224 3745 rpurius
237 3674 284 3716 res
297 3659 473 3732 sipnificatu
496 3660 711 3718 discununtur
725 3663 870 3733 inustio&
892 3667 920 3718 et
940 3662 1075 3732 primum
1096 3661 1133 3720 ae
1155 3661 1251 3719 tribus
1265 3677 1332 3735 qua
1349 3668 1420 3721 sunt
1438 3678 1496 3738 res,
1515 3679 1659 3742 perrona,

81 3748 116 3789 n.

80 3835 134 3861 .-
148 3804 194 3860 Dc
206 3805 339 3861 numeris
352 3819 446 3862 sacru
458 3802 626 3874 Scriptura
636 3817 741 3862 noveru
752 3803 848 3861 modis
861 3803 1110 3875 sipnificantibus.

81 3878 99 3933 i.
111 3907 149 3916 -
161 3874 207 3932 De
220 3875 315 3932 tribus
328 3877 397 3934 aliis
410 3876 654 3948 circumstantiis,
670 3876 806 3934 videlicet
821 3876 903 3949 lacis,
920 3875 1110 3949 tenporibus,
1125 3880 1154 3933 et
1167 3876 1256 3948 pestis
1270 3890 1364 3936 sacru
1377 3876 1552 3950 Scriptura.

81 3948 110 4003 [1.
122 3979 157 3987 -
168 3946 213 4003 De
226 3948 354 4007 materia
367 3962 461 4005 sacru
472 3946 647 4016 Scripturae.

81 4020 171 4075 113·-
179 4019 225 4076 De
238 4017 471 4089 difficultatibus
484 4032 578 4076 sacra
591 4018 768 4092 Scripturoe,
777 4020 948 4090 pracsertim
958 4017 990 4078 in
1005 4018 1147 4079 historiis.

81 4315 104 4324 -
118 4282 192 4353 Qnoe
204 4279 380 4355 Scriptura,
395 4288 462 4354 etc,
475 4287 510 4338 ut
519 4281 586 4352 jorn
597 4281 785 4351 promissum
830 4276 1012 4355 philosophi,
1022 4279 1123 4356 inqua
1129 4281 1217 4356 quusi
1223 4280 1512 4358 membraquaedum
1520 4282 1665 4343 rursum

342 4377 394 4429 cst.
830 4368 868 4428 do
879 4384 1004 4443 corpore
1012 4367 1300 4431 bonitatiatrunouta
1308 4370 1490 4446 pinxonmr;
1505 4368 1560 4429 scd
1569 4385 1665 4439 mam·

81 4478 143 4520 rem
157 4461 329 4519 divinarum
343 4460 561 4535 scripturarum
573 4459 706 4535 primum
722 4475 786 4517 eru-
830 4459 887 4517 bru
898 4459 1041 4517 virtutum
1058 4459 1127 4517 viva
1145 4474 1210 4516 osse
1230 4475 1293 4519 non
1313 4463 1442 4534 porrum
1454 4458 1519 4517 sino
1539 4473 1666 4535 oarpore

81 4556 158 4619 utet,
174 4554 207 4610 ut
223 4551 374 4625 sciatquae
388 4550 544 4625 Scripturae
562 4548 722 4607 ‹livinitatis
734 4565 786 4606 no·
832 4546 982 4607 charitatis
991 4546 1052 4605 Dei.
1064 4546 1528 4625 omnesviriurosunumoorpus
1535 4546 1666 4620 isoiuut;

81 4640 249 4713 nguluitor
273 4640 373 4712 digno
388 4644 457 4698 sunt
468 4638 620 4697 honorari.
636 4641 711 4696 Nam
723 4637 787 4712 qui-
832 4637 919 4710 cujus
942 4635 1075 4710 corporis
1094 4639 1185 4710 caput
1204 4635 1332 4694 charitas
1347 4639 1400 4696 esi.
1414 4638 1472 4695 Neo
1484 4640 1614 4713 possunt
1625 4637 1668 4696 vi·

81 4748 97 4789 r
111 4731 253 4806 Spiritum
267 4730 359 4802 hujus
373 4729 480 4787 mundi
497 4728 588 4787 locuti
604 4727 700 4785 multa
718 4727 788 4784 sori·
832 4740 902 4785 vere
916 4725 1054 4783 membra
1072 4725 1206 4799 corporis
1228 4725 1287 4783 nisi
1299 4726 1507 4786 sensificentur
1526 4726 1666 4804 scopite.

82 4866 90 4879 .
119 4821 258 4893 Legimus
279 4820 414 4878 carmina
436 4824 604 4895 pecussum,
627 4818 658 4875 in
676 4817 788 4892 quibus
834 4816 992 4891 scripturo
1004 4815 1094 4887 igitur
1105 4815 1173 4886 illae,
1187 4815 1219 4874 in
1230 4815 1343 4892 quibus
1355 4817 1465 4877 veritur
1487 4817 1552 4878 sino
1568 4822 1669 4878 oonia-

81 4909 233 4969 iectationc
246 4910 392 4969 nonnulla
404 4911 494 4970 etiam
504 4909 613 4969 utilitas
627 4912 688 4978 est;
714 4908 789 4966 sicut
834 4907 921 4979 gione
940 4905 1048 4964 erroris
1065 4921 1128 4964 non
1145 4905 1317 4981 percipitiu,
1332 4920 1433 4983 noque
1446 4908 1604 4970 adversm
1616 4909 1669 4967 Dei

81 5018 160 5059 nm:
834 4995 1035 5070 cognitionem
1057 4996 1119 5054 siro
1143 4996 1333 5058 dilacionem
1358 4998 1462 5057 anima
1484 5002 1666 5075 mpsrutur:

81 5088 207 5150 trodesse
219 5092 336 5165 nolunt,
351 5097 404 5151 aut
418 5090 569 5149 delectare
579 5095 685 5160 poetae.
834 5102 1029 5162 nequaquam
1044 5086 1206 5145 divinitatis
1215 5087 1338 5147 nomina
1350 5089 1465 5149 semri
1474 5088 1576 5161 dignu
1586 5088 1666 5143 suut.

331 5185 482 5248 Horum,
497 5181 565 5237 Art.
579 5185 672 5253 poet,
686 5183 748 5236 333.
837 5176 905 5235 Sola
918 5179 1019 5235 autam
1039 5175 1090 5233 illu
1103 5176 1254 5250 Scriptura
1270 5177 1339 5250 juro
1364 5177 1469 5237 dirius
1488 5172 1667 5251 appellauit,

81 5273 329 5344 u,mathcmatico
339 5277 367 5330 ct
377 5271 512 5348 physica,
523 5270 677 5330 veritatem
684 5284 791 5343 quam·
836 5281 905 5340 queo
916 5264 1125 5340 perspiritum
1142 5265 1194 5323 Dei
1205 5265 1339 5340 aspirata
1355 5268 1410 5334 cai,
1423 5266 1454 5322 ai
1471 5276 1525 5337 pst
1542 5276 1596 5320 sos
1615 5260 1669 5337 qui

81 5365 163 5433 ceni,
175 5361 227 5421 sed
237 5362 278 5420 ud
287 5360 369 5420 illam
376 5361 530 5420 veritatem
540 5376 602 5418 non
619 5359 792 5434 pertingunt
838 5354 948 5430 Spiritu
970 5354 1022 5412 Dei
1033 5353 1124 5412 locuti
1137 5358 1215 5423 suni,
1229 5351 1446 5420 administram,
1459 5348 1616 5410 hominm
1625 5350 1669 5410 di-

81 5451 159 5511 sulus
171 5451 280 5511 animo
303 5455 356 5520 esi,
372 5450 436 5508 sine
449 5465 512 5525 qun
525 5448 635 5506 frustra
648 5450 694 5505 est
706 5447 793 5521 quid·
837 5444 943 5502 vinum
951 5444 1031 5514 fucit,
1044 5443 1085 5501 ud
1096 5441 1322 5500 similitudinem
1335 5439 1387 5499 noi
1395 5439 1482 5500 iilum
1489 5440 1669 5514 mmm,

81 5548 108 5601 ιι
134 5540 268 5599 Ethicum
289 5554 412 5614 quoquo
441 5538 624 5613 scripserunt
637 5536 792 5610 gentilium
838 5533 1014 5594 instruendo
1028 5532 1068 5592 ad
1081 5529 1293 5603 cognitionem,
1313 5531 1344 5590 ot
1362 5529 1552 5595 “humela
1568 5531 1610 5597 ad
1626 5531 1671 5593 di·

117 5633 241 5690 Pmou.
259 5630 377 5689 CLXXV.
1476 5627 1488 5684 i
