3832 6044
535 136 749 194 EXPLANthO
769 139 802 195 tu
824 138 956 197 ΟΑΝΤΙΟ.
974 141 1004 198 Β.
1018 132 1145 199 uentu.
1650 138 1702 205 ΗΒ

81 256 153 314 rirna
167 272 235 314 mea
252 257 422 315 Dominum,
438 260 537 316 Videte
552 260 626 334 quid
640 261 698 317 ait:
713 260 820 332 llagni·
838 281 861 334 Α
877 267 1037 343 gustumse
1052 266 1175 323 internae
1190 265 1355 325 dulcedinis
1369 265 1536 340 percepisse
1565 268 1701 326 ostendit.

95 345 202 420 inquit,
225 346 327 405 anima
355 364 434 404 mea.
461 352 494 406 Et
518 349 676 406 exsultavit
701 349 820 422 spiritus
876 353 1276 429 Undeutrumqueprotessa
1289 359 1342 424 est,
1355 359 1385 413 et
1398 354 1559 414 bominum
1567 354 1703 415 videlicet

81 479 86 493 .
102 438 167 493 Duo
177 439 206 492 et
219 436 290 506 duo,
316 437 417 494 anima
428 441 456 494 at
470 437 599 511 spiritus,
611 438 823 510 magnificatet
875 446 902 498 et
918 441 1112 513 salvatorem,
1128 449 1160 501 ut
1172 460 1227 518 pro
1243 447 1397 518 potestate,
1424 460 1485 518 qua
1512 444 1596 504 omni
1623 460 1704 504 crea·

81 525 156 582 tavit.
172 525 279 583 Anima
294 527 476 598 magnificat,
494 527 613 601 spiritus
622 527 749 585 exsultat
764 544 770 585 :
794 531 823 585 et
874 535 947 588 truce
963 548 1025 590 sure
1037 532 1219 602 dominetur,
1243 531 1385 603 ctiamiis,
1400 532 1543 608 aquibus
1556 549 1618 592 non
1641 532 1705 593 ditt-

81 613 174 673 nduo
190 615 371 673 Dominuset
386 615 542 684 salutaris;
565 616 659 674 verbe
677 616 748 686 duo,
774 633 822 674 res
874 619 961 691 gitur,
974 620 1042 694 jure
1056 622 1252 679 metuendum
1275 621 1461 689 ostenderem
1488 637 1544 696 pro
1571 621 1704 682 bonime

81 707 107 762 et
120 708 221 761 tarnen
235 705 297 761 duo
313 724 319 761 :
335 705 479 762 Dominus
493 709 522 763 ct
545 705 699 763 salutaris:
726 705 823 763 uomi-
873 724 954 777 vcro,
969 726 1031 784 qua
1042 709 1271 767 misericorditer
1284 711 1433 784 quosdam
1448 711 1551 780 salvat,
1574 709 1701 783 dignum

81 792 227 850 otentiam
242 797 322 861 neta,
344 793 480 850 salutaris
508 793 754 851 misericordiam.
778 794 822 849 Vi·
874 795 1030 856 dilectione
1043 798 1269 855 demonstraret.
1288 799 1363 855 Sane
1378 798 1450 871 quia
1474 799 1619 856 universe
1647 801 1705 857 uioe

83 897 118 938 us
136 882 237 956 itaque
258 883 418 940 verborum
435 883 665 941 distinctionem.
690 883 822 940 Primum
873 885 1003 959 Domini,
1019 884 1232 954 misericordia,
1249 890 1277 943 et
1291 885 1401 944 saetae
1412 886 1506 958 (Psoi.
1523 890 1601 954 xxiv)
1625 891 1704 955 sunt,

81 970 282 1041 emagnifieat
296 971 455 1029 Dominum
470 991 476 1039 ;
492 971 600 1029 deinde
625 971 749 1045 Spiritus
773 986 822 1028 cx·
875 973 1005 1046 perlecta
1014 974 1080 1030 laus
1094 977 1139 1030 est
1152 973 1313 1031 Dominum
1328 978 1357 1030 ct
1370 971 1554 1032 salvatorem
1580 969 1700 1031 conlite-

84 1101 91 1126 ,
106 1057 138 1116 in
151 1058 274 1115 salutari
288 1075 348 1116 uon
363 1059 434 1116 dicit
442 1060 543 1116 anima
558 1060 692 1117 exsultat.
710 1064 766 1117 Nec
779 1059 822 1115 di-
875 1060 909 1130 ri,
921 1078 990 1119 cum
1004 1061 1113 1120 veritas
1124 1061 1155 1119 in
1169 1062 1295 1120 Domino
1306 1067 1335 1120 at
1356 1062 1387 1119 in
1414 1060 1564 1120 salvatore
1590 1060 1705 1120 misert-

81 1147 202 1220 Spiritus
213 1147 407 1219 magnificat3
424 1149 476 1204 sed
491 1149 603 1215 anima,
624 1149 730 1222 inquit,
759 1164 821 1205 ma·
876 1152 976 1209 cordia
992 1151 1229 1209 commendetur.
1244 1151 1355 1208 Veritas
1369 1150 1450 1208 enim
1476 1150 1516 1208 ad
1543 1149 1705 1209 nominum

81 1241 124 1302 et,
137 1240 166 1292 et
180 1234 299 1310 spiritus
313 1236 457 1307 exsultat,
472 1254 528 1294 nec
543 1237 583 1295 ait
593 1237 767 1308 magnificat
778 1255 823 1295 sa·
874 1241 1001 1315 pertinet
1013 1245 1042 1298 et
1056 1240 1094 1298 ad
1110 1239 1294 1299 Salvatorem
1306 1239 1519 1299 misericordie.
1534 1242 1618 1309 Nem,
1633 1238 1707 1315 quia

81 1342 120 1382 sm
139 1329 168 1382 ct
186 1326 313 1383 exsultat
338 1326 368 1383 in
396 1327 539 1397 Domino;
570 1329 622 1384 sed
649 1327 823 1398 magnificat
875 1334 984 1388 cuncta
997 1346 1090 1403 opera
1104 1346 1159 1387 sua
1182 1334 1274 1398 tanta,
1302 1332 1330 1386 et
1356 1332 1418 1387 tem
1439 1328 1570 1404 perlecta
1592 1328 1706 1402 iustitia

81 1427 164 1482 num,
178 1414 388 1472 etexsultatin
403 1416 525 1473 salutant
554 1433 618 1472 suo.
636 1416 767 1473 Primum
780 1415 823 1472 di·
876 1418 1033 1488 gubernat,
1049 1422 1082 1475 ut
1097 1418 1126 1475 id
1141 1418 1241 1487 ctiam,
1271 1417 1355 1492 quod
1382 1417 1413 1474 in
1440 1417 1482 1474 eis
1510 1420 1618 1491 preater
1641 1415 1704 1490 jus·

81 1518 167 1560 smus
182 1519 275 1577 qnare
286 1504 421 1561 distincte
436 1505 544 1579 posuit,
554 1506 727 1577 magnificat
736 1510 765 1563 et
775 1520 823 1564 cx·
875 1504 969 1566 titiam
1001 1506 1160 1576 invenitur,
1200 1506 1404 1565 inordinatum
1431 1521 1491 1563 non
1534 1504 1704 1580 relinquat;

81 1612 98 1663 ;;
114 1592 357 1668 velquareprius
372 1595 670 1669 magnificatpostea
684 1595 820 1653 exsultat.
841 1600 904 1685 Bet
943 1596 1089 1671 quoniam
1124 1596 1236 1654 lactrrm
1271 1610 1441 1670 perperam,
1481 1612 1537 1652 nec
1565 1595 1630 1668 ejus
1659 1595 1707 1667 ju-

81 1679 283 1739 enimratione
298 1686 396 1750 caret3
411 1683 482 1757 qnia
495 1698 595 1753 omne,
612 1684 696 1757 quod
709 1684 822 1742 dictum
875 1684 988 1743 dicium
1012 1687 1124 1759 postest
1152 1684 1288 1753 evadere,
1317 1701 1373 1747 nec
1397 1689 1515 1742 {emmae
1539 1681 1706 1759 dispositio·

81 1785 91 1826 s
105 1768 154 1827 illa
166 1768 271 1827 intima
285 1786 412 1827 summae
423 1770 552 1827 veritatis
572 1769 638 1829 luce
663 1770 711 1828 cui
736 1786 822 1829 mens
876 1773 922 1832 nis
935 1773 1053 1845 legibus
1067 1772 1223 1843 contraire,
1232 1772 1262 1830 in
1272 1771 1392 1831 veritato
1403 1788 1487 1830 serva
1501 1777 1635 1830 tenorem
1644 1771 1707 1844 jus·

81 1858 116 1916 tis
129 1857 304 1918 excellenter
317 1858 476 1918 inhaeserat
490 1860 650 1918 emanavit.
662 1859 824 1933 Neopetuit
877 1862 956 1920 titire.

89 1947 197 2018 dicore,
211 1963 279 2023 quae
288 1947 461 2007 meditando
481 1947 580 2006 locuta
607 1962 670 2007 non
689 1952 743 2018 cst,
769 1948 823 2007 sed
913 1948 987 2019 Quia
1002 1953 1104 2007 autem
1118 1949 1259 2025 quadem
1273 1948 1402 2007 errantia
1417 1947 1545 2022 gratuito
1559 1947 1706 2007 advitam

81 2034 162 2095 nde:
178 2050 271 2111 quam
286 2053 346 2094 non
360 2037 462 2095 docuit
475 2053 529 2111 per
552 2036 634 2095 varia
653 2037 823 2095 discurrens
877 2038 995 2112 colligit,
1012 2042 1041 2097 ct
1055 2042 1175 2113 reparat
1189 2038 1228 2095 ed
1241 2037 1438 2096 salvationem
1455 2036 1611 2110 injudicio
1639 2053 1705 2106 suo,

81 2123 207 2195 ttio,sod
220 2122 274 2183 uni
283 2125 431 2183 inherens
443 2124 518 2184 ionti
530 2123 682 2200 sapientiae
692 2139 746 2200 per
754 2139 823 2184 con·
875 2127 1019 2202 justitiam
1030 2128 1204 2186 moderatur
1226 2141 1280 2201 per
1306 2126 1458 2186 lenitatem
1483 2117 1704 2186 misericordie.

81 2212 218 2272 lationem
240 2213 348 2272 mentis
374 2213 502 2272 devotio.
528 2213 695 2285 magnificat
722 2212 824 2275 anima
876 2220 1034 2290 Propterea
1047 2215 1279 2288 magnificamus
1294 2214 1465 2284 Dominum,
1482 2218 1511 2272 et
1534 2215 1566 2273 in
1584 2213 1708 2273 salutmi

81 2302 242 2371 lominum,
256 2302 361 2377 inquit,
374 2308 402 2360 et
411 2302 568 2360 exsultavit
582 2301 702 2377 spiritus
725 2318 821 2360 meus.
877 2305 1079 2373 exsultamus;
1095 2304 1168 2377 quia
1188 2301 1308 2361 cuilibet
1335 2302 1498 2360 reverenda
1526 2307 1570 2361 est
1594 2300 1708 2374 iustitie

81 2392 274 2468 {nippesnnt
293 2407 362 2466 qua
389 2390 469 2450 beati
484 2392 660 2464 angelorum
675 2396 703 2450 et
729 2392 824 2450 homi·
878 2391 1005 2461 Domini,
1028 2394 1058 2448 et
1084 2389 1266 2448 exsultanter
1288 2387 1477 2447 observande
1500 2387 1707 2446 misericordia

84 2481 206 2555 spiritus
220 2480 251 2538 in
260 2480 310 2537 illo
325 2480 405 2537 tonte
420 2479 492 2538 boui
506 2485 617 2539 aeterna
642 2480 824 2555 contempla·
879 2478 1049 2537 salvatoris.
1066 2477 1205 2552 Ideoque,
1221 2474 1319 2550 inquit
1332 2475 1439 2534 llerie:
1456 2474 1624 2548 uagnifieat
1642 2474 1708 2533 ani·

87 2569 238 2629 hauriunt.
254 2570 824 2644 incomprehensibilisvidelicetmajes-
878 2582 929 2625 ma
943 2583 1013 2625 mea
1026 2566 1187 2625 Dominum
1201 2583 1208 2622 :
1226 2567 1260 2622 ut
1274 2564 1430 2621 exsultavit
1444 2562 1564 2637 spiritus
1577 2561 1706 2622 meusin

81 2657 111 2728 ei,
126 2663 155 2717 et
166 2658 323 2717 ineffabilis
331 2659 611 2734 bonitas3quorum
621 2659 746 2718 alterum
760 2675 824 2718 eas·
878 2660 939 2714 lieo
953 2655 1076 2713 salumri
1103 2669 1181 2711 meo.
1212 2653 1310 2721 Quare
1333 2651 1435 2709 anima
1462 2649 1646 2722 magnificat,
1678 2654 1709 2709 et

81 2747 211 2807 imorem
224 2753 355 2820 generat,
372 2748 498 2806 alterum
522 2749 710 2807 dilectionem
735 2749 821 2824 parit.
878 2745 998 2819 spiritus
1009 2743 1136 2802 exstdtat
1150 2743 1164 2800 t
1176 2741 1259 2799 idem
1273 2741 1398 2799 tortasse
1408 2739 1467 2798 alio
1481 2738 1574 2797 verbo
1601 2737 1708 2813 repeti·

81 2837 219 2910 ueiestete
233 2837 503 2896 enimvenerantur
518 2841 622 2907 Deum,
638 2842 667 2895 et
690 2854 745 2913 pro
771 2838 824 2896 ho·
877 2837 1006 2894 tumeat.
1019 2837 1093 2890 Nam
1108 2832 1219 2900 aalma,
1236 2834 1265 2888 et
1279 2828 1399 2903 spiritus
1426 2829 1457 2886 in
1482 2827 1604 2886 homine
1626 2827 1707 2887 idom

81 2931 209 2996 tament,
226 2943 264 2985 nc
277 2925 326 2985 vel
340 2927 456 2984 dilectio
472 2927 534 2985 sine
548 2928 711 2985 reverentia
730 2927 824 2986 disse·
879 2928 932 2992 est,
946 2922 1083 2997 quamvis
1097 2920 1180 2979 alind
1193 2919 1306 2988 anima,
1321 2922 1350 2975 et
1363 2916 1446 2977 eliud
1471 2916 1592 2993 spiritus
1615 2919 1706 2975 notet.

81 3016 111 3086 it,
127 3016 422 3074 velreverentiasine
435 3016 592 3074 dilectione
607 3016 745 3090 poenalis.
768 3017 825 3075 ltd-
879 3013 1085 3087 Namspiritus
1102 3011 1142 3068 ad
1169 3010 1368 3067 substantiam
1395 3008 1511 3076 dicitur,
1541 3008 1643 3065 anima
1667 3006 1708 3064 ad

81 3109 140 3164 ntes
151 3106 231 3163 enim
245 3105 380 3178 diligrmt,
396 3110 424 3162 ct
447 3104 602 3178 diligentes
627 3091 823 3176 admirantur,
879 3101 1120 3159 vivificationem.
1135 3102 1345 3156 Verumtamen
1360 3097 1433 3170 quia
1446 3094 1565 3153 occasio
1593 3111 1624 3152 se
1654 3095 1708 3153 ob

81 3192 274 3266 rfinguihiliter
310 3210 364 3269 per
398 3194 628 3252 admirationem
652 3195 756 3253 ardeat
783 3195 826 3252 di·
880 3189 954 3259 tulit,
969 3185 1317 3260 erroremquorumdam
1331 3184 1380 3241 hic
1393 3198 1631 3241 commemorare
1646 3198 1708 3239 non

81 3305 94 3352 ·,
124 3287 152 3341 et
174 3283 302 3343 suaviter
328 3284 358 3341 in
392 3283 548 3341 dilectione
586 3283 696 3341 ferveat
732 3283 826 3343 admi·
880 3280 968 3337 ahsre
1001 3283 1085 3354 puto.
1102 3280 1177 3335 Nam
1191 3278 1268 3343 sunt,
1283 3273 1336 3347 qui
1355 3273 1385 3330 in
1406 3287 1591 3346 unoquoque
1614 3271 1709 3330 homi·

81 3419 82 3425 ,
878 3384 917 3426 ns
931 3368 1008 3425 duas
1019 3367 1135 3424 ammte
1150 3379 1214 3422 esse
1228 3362 1412 3422 contendunt
1427 3379 1434 3417 :
1459 3375 1554 3418 unam
1580 3357 1709 3416 rationa-

81 3463 154 3536 tpter
164 3460 244 3521 hanc
255 3461 453 3520 reverentiam
465 3462 579 3519 dictum
592 3465 645 3531 est,
670 3462 753 3537 quod
778 3478 826 3521 eo·
879 3457 977 3515 temet
991 3471 1085 3513 unem
1100 3453 1270 3512 sensualem
1284 3449 1406 3509 rationis
1421 3453 1584 3524 expertem,
1604 3446 1709 3522 quales

83 3567 108 3609 re
143 3552 209 3610 eceli
247 3557 315 3610 ante
349 3552 449 3626 ipsum
478 3551 728 3621 contremiscere
753 3551 826 3626 quia
881 3551 950 3603 sunt
964 3543 1073 3604 animoe
1098 3544 1257 3601 brutorum
1284 3538 1470 3599 animfllium·
1499 3542 1581 3597 Hanc
1608 3539 1710 3595 auem

81 3655 140 3698 *um
165 3641 255 3698 etiam
295 3641 417 3699 virtutes
447 3640 593 3698 coelorum
620 3644 735 3699 tantam
762 3658 825 3700 ma·
880 3632 1053 3708 opinionem
1065 3630 1229 3690 rationibus
1243 3629 1474 3706 qttibusdum,et
1485 3625 1709 3685 securitatibus

81 3745 134 3788 :em
153 3730 216 3787 sine
234 3731 431 3790 admiratione
453 3731 560 3789 intueri
585 3747 647 3788 nou
672 3735 823 3806 posssunt.
879 3725 1000 3781 firmare
1015 3726 1170 3780 conantur·
1186 3719 1275 3778 Aiunt
1289 3718 1370 3776 essim
1384 3716 1519 3775 &nimam
1534 3714 1709 3773 immilem

81 3834 119 3877 ,or
150 3822 251 3878 autem
288 3818 446 3878 beatorum
482 3820 640 3893 spirituum
669 3821 826 3878 concussio
880 3812 999 3872 nonnisi
1013 3810 1145 3870 invulva
1154 3810 1282 3869 formato
1296 3806 1414 3883 corpori
1423 3804 1550 3875 infundi,
1565 3803 1710 3903 wemed-

81 3911 120 3966 est
132 3907 362 3983 tranquillitatis,
376 3908 428 3968 sed
450 3908 634 3967 incessabilis
657 3915 686 3967 ct
709 3909 827 3967 nnfiea
881 3902 1007 3959 modum
1030 3900 1138 3972 legitur
1165 3899 1195 3956 in
1218 3898 1316 3974 primo
1343 3895 1464 3954 homine
1493 3908 1602 3994 corpus
1627 3908 1710 3968 pnus

81 3997 122 4057 tio
158 4001 310 4073 perpetum
352 3999 619 4073 contemplationis.
656 4002 730 4057 Nam
755 3999 827 4075 quia
881 3991 1042 4049 formatum
1057 3988 1210 4047 acdeinde
1225 3983 1409 4060 spiraculum
1431 3983 1497 4042 vitae
1521 3986 1709 4058 lnspu‘tttum.

103 4100 195 4161 quem
221 4087 332 4158 vident,
359 4086 487 4161 perfecte
509 4102 668 4162 nunquam
694 4104 828 4163 compre·
883 4084 916 4138 Ei
930 4083 1044 4154 Moyses
1057 4078 1165 4150 issltsse
1174 4075 1262 4134 (1105st
1283 4075 1368 4144 Olmii
1391 4075 1419 4131 δῖ’
1442 4075 1508 4145 4²⁴ss
1528 4073 1712 4173 Wcmtef'l'i

81 4188 131 4233 ere
145 4174 305 4247 sufficiunt,
319 4191 437 4251 sempor
447 4193 537 4252 supra
560 4194 592 4235 se
618 4177 826 4252 conspiciunt:
882 4170 1036 4228 mulierem
1042 4169 1254 4238 proeqttuniem
1265 4168 1293 4220 ei
1303 4165 1360 4220 illa
1381 4161 1550 4219 abortiuum
1579 4162 1709 4232 secent:

81 4264 206 4339 aequasi
226 4281 280 4339 per
304 4265 533 4324 admissionem
555 4265 705 4337 cvigdant,
730 4281 768 4323 ne
792 4281 828 4323 eo
881 4260 908 4317 si
932 4259 1097 4331 semotum
1114 4252 1209 4325 suerit
1227 4251 1570 4322 secretissimarum
1579 4251 1712 4349 animosa

95 4353 350 4428 comprehendere
364 4349 639 4429 nunquamvaient‚
648 4357 827 4429 torpescant.
844 4326 866 4381 Β
878 4363 937 4420 pro
948 4347 1050 4404 enimc
1065 4341 1228 4414 reddenti
1240 4345 1339 4398 aetem
1351 4339 1518 4436 seruatum
1532 4351 1593 4434 ’2⁰3¹
1604 4337 1711 4406 fumis

81 4443 118 4500 rto
131 4447 233 4501 eutem
244 4444 445 4519 perspicacius
456 4443 617 4512 intuentur,
632 4448 714 4501 tanto
724 4444 829 4502 arden·
882 4438 1028 4495 multetur
1036 4432 1167 4505 pecunia
1182 4429 1290 4503 ima·
1302 4423 1518 4525 ffligoffldam
1540 4427 1630 4481 imm
1644 4435 1712 4524 ’fn'

81 4533 206 4600 ament;
233 4531 306 4606 quia
326 4532 427 4606 ipsum
454 4532 555 4590 videre
584 4548 688 4606 sapere
721 4536 774 4600 est,
800 4536 830 4590 et
883 4528 999 4583 ciorum
1010 4526 1131 4580 Patrem
1145 4519 1175 4576 in
1189 4516 1250 4576 suis
1271 4512 1444 4573 tractatibus
1467 4511 1526 4570 hoc
1550 4525 1712 4570 asseruisse

81 4616 212 4677 ‚videtur
236 4619 365 4678 dulcedo
389 4626 441 4679 est.
466 4622 542 4678 Vera
566 4625 667 4679 autem
700 4620 828 4678 dulcedo
882 4610 1082 4671 inveniuntur·

81 4709 114 4765 ω
138 4706 297 4782 Pilftssfiffl
325 4709 457 4778 sentium,
491 4713 574 4769 tanto
602 4709 828 4794 desiderabilius
918 4719 952 4776 Et
961 4719 1120 4792 propterea
1135 4729 1205 4771 cum
1229 4712 1343 4770 constet
1374 4706 1510 4768 animam
1536 4704 1713 4768 rationalem

81 4794 256 4872 ttar3qula
268 4798 294 4855 si
302 4813 372 4856 vers
385 4798 473 4856 dulce
487 4803 531 4858 est
544 4799 627 4874 quod
655 4799 827 4874 percipitur,
883 4804 1002 4864 nonnisi
1015 4803 1144 4862 formato
1158 4800 1277 4877 corpori
1290 4798 1365 4868 dari,
1381 4798 1528 4858 etiterum
1543 4797 1712 4866 maenam,

81 4885 230 4944 edulcius
240 4902 304 4946 esse
316 4902 437 4947 necesse
456 4892 509 4959 est,
535 4889 561 4946 si
579 4889 708 4964 amplius
736 4888 829 4963 perci·
883 4894 958 4953 sicut
967 4893 1067 4969 ipsum
1082 4905 1200 4966 eorpus,
1216 4889 1393 4967 priusquam
1403 4889 1571 4948 humanam
1583 4887 1713 4947 termam

81 4989 108 5034 r.
120 4976 166 5034 td
179 4975 259 5035 hanc
273 4992 345 5048 ergo
355 4978 614 5053 contemplationis
628 4979 727 5037 lucem
743 4994 829 5037 mens
883 4980 1011 5056 accipiat
1022 4978 1146 5048 moveri,
1162 4983 1190 5036 ct
1204 4991 1346 5048 crescere,
1362 4977 1428 5052 ipso
1439 4975 1521 5036 vitali
1544 4980 1638 5043 motu,
1661 4973 1714 5049 qui

81 5064 260 5124 esuhlevata
270 5066 375 5136 iuerat,
389 5084 458 5141 quae
471 5068 599 5127 coelcstis
613 5068 717 5143 patriae
730 5066 830 5125 dulce-
882 5070 940 5146 ipsi
953 5070 1039 5139 inest,
1056 5068 1095 5128 ad
1109 5068 1188 5127 hanc
1202 5066 1301 5142 ipsam
1325 5066 1455 5125 formam
1484 5063 1618 5140 perduci,
1649 5058 1713 5118 sine

81 5152 152 5211 nin
177 5154 278 5213 verbis
300 5156 361 5215 suis
389 5161 450 5215 tum
473 5156 646 5215 mirabiliter
673 5157 827 5231 expressit,
883 5156 1115 5217 contradictione
1130 5155 1232 5232 aliqua
1246 5153 1473 5213 eoncedendum
1486 5152 1603 5224 putant,
1629 5144 1713 5219 quod

81 5242 293 5304 tineiiabiliter
307 5246 542 5320 comprehendit.
563 5249 638 5305 Nam
653 5263 723 5305 cum
733 5263 764 5305 se
774 5248 831 5306 lio·
883 5253 1047 5322 antequem
1060 5244 1237 5304 rationalem
1251 5242 1385 5301 animem
1400 5237 1527 5310 accipiat
1540 5248 1649 5332 corpus
1659 5231 1714 5289 hu·

81 5346 117 5391 un
129 5334 324 5405 magnificare
339 5336 499 5409 perhibuit,
514 5336 719 5394 venerandam
747 5336 829 5395 illam
883 5353 1020 5405 manum,
1037 5334 1171 5392 unimam
1182 5328 1294 5387 hebeat
1304 5326 1483 5394 sensualem,
1497 5335 1560 5396 (1¹¹a
1577 5323 1661 5421 VM}
1685 5322 1716 5377 θ*

81 5421 255 5500 undamque
270 5424 417 5483 universis
430 5425 532 5483 aeterni
546 5425 678 5484 numinis
692 5427 830 5500 majesta·
882 5430 1035 5501 vegetetur
1060 5427 1089 5481 ct
1115 5420 1333 5478 incrementum
1355 5413 1545 5486 formamque
1570 5407 1716 5512 percipiat

81 5515 189 5572 numa
201 5512 316 5574 visione
331 5515 463 5573 contueri
477 5531 509 5573 se
522 5515 680 5575 manifeste
697 5514 830 5575 declara·
883 5516 1033 5575 intentum
1047 5516 1080 5569 ut
1095 5509 1276 5582 siconcepto
1291 5501 1407 5579 semini,
1420 5505 1449 5560 et
1475 5501 1604 5561 formato
1626 5502 1715 5559 reue

81 5604 221 5665 tumvero
236 5620 269 5661 se
282 5603 314 5663 in
325 5620 380 5665 suo
395 5603 517 5665 salutari
531 5604 679 5662 exsultare
691 5603 826 5674 asseruit,
882 5603 960 5662 nalis
975 5601 1077 5662 anima
1090 5611 1153 5658 non
1167 5595 1297 5665 cestu,
1319 5606 1389 5651 eum
1400 5589 1453 5654 illu
1466 5589 1579 5663 mma,
1591 5602 1715 5664 (1¹¹tima
