3832 6044
187 91 238 201 aas
308 129 313 134 “
353 125 504 182 HUGONlS
524 126 569 180 DE
590 125 617 180 S.
638 111 786 179 victoni.
806 123 879 179 0Pl’.
900 121 989 178 PARS
1004 122 1024 177 1.
1041 120 1379 179 'discurres-1.
1401 125 1434 177 tn
1456 124 1484 179 S.
1507 124 1734 179 scutetunnn.

1845 127 1898 181 364

187 253 229 309 rei
240 248 572 325 pandentesallegoriee
587 263 623 303 ea
637 262 867 321 prosequamur,
882 263 917 303 ac
933 245 1014 302 Dein·
1032 247 1056 301 Α
1072 245 1127 302 loc
1139 262 1206 317 apo,
1226 247 1389 304 mercedem
1412 247 1514 303 liabeo.
1536 247 1571 303 Si
1589 253 1687 304 uectem
1710 248 1833 319 invitas,
1856 249 1899 304 di-

187 340 278 398 dead
296 339 432 411 jucunda
451 335 624 411 tropologiae
650 340 763 392 secreta
784 335 923 392 rimanda
937 338 1015 391 tran-

188 446 317 487 seamus.
335 428 363 485 Si
382 428 419 483 de
447 427 578 482 adventu
600 424 758 480 Dominiin
770 423 1014 497 earnemiaprae·

187 516 374 587 sentiagitur,
386 514 529 571 litterasic
540 518 742 587 competenter
751 514 865 585 legitur.
879 516 1015 570 ltortatur

186 622 257 677 ergo
265 605 412 679 propheta
423 604 453 660 in
464 603 602 678 praesenti
614 607 696 660 rates
704 602 831 670 (livinus,
844 607 1015 675 eteompro·

185 697 291 767 phetas
305 711 386 763 suos,
402 698 436 750 ut
446 692 622 750 denuntient
636 692 673 749 de
688 692 776 749 dicia
791 692 872 748 diem
886 691 1013 747 salutare

185 781 313 851 Domini,
330 783 508 840 annuntient
529 781 604 838 inter
625 785 727 851 gentes
748 780 874 852 gloriam
889 781 963 851 ejus,
983 780 1014 835 in

184 870 326 928 omnibus
340 870 461 946 populis
484 869 634 926 mirabilia
657 870 738 941 ejus:
764 869 951 936 annuntient,
971 868 1014 924 in·

184 975 289 1034 quam,
305 960 543 1017 incarnationem
558 959 653 1024 Verbi,
678 959 851 1031 passionem
873 963 901 1014 et
918 973 1014 1013 resur·

187 1049 349 1106 rectionem
361 1052 430 1105 lesa
445 1048 569 1117 (bristi3
584 1064 673 1120 super
686 1047 838 1120 apostolos
851 1046 1013 1104 adventum

184 1137 328 1206 Paracliti,
340 1137 565 1211 praedicationes
574 1152 688 1203 eoram,
698 1136 837 1192 virtutem
848 1135 1012 1206 signorum,

184 1228 311 1298 gratiam
319 1227 545 1293 miraculorum,
553 1226 707 1282 aonllictus
718 1225 888 1292 verborum,
901 1239 1013 1294 agones

184 1316 391 1383 certaminum,
407 1316 563 1388 passiones
576 1328 736 1388 corporum
754 1333 760 1370 :
776 1313 807 1370 in
823 1312 1013 1370 omnibusn-

183 1405 268 1462 rilem
282 1405 489 1472 constantiam,
516 1410 544 1460 et
571 1404 697 1461 celerem
710 1403 748 1460 de
777 1402 1013 1473 gentibussicto-

183 1493 269 1550 riam.
286 1495 386 1550 lithos
401 1493 537 1567 estquod
549 1493 620 1548 dicit
636 1511 642 1548 :
657 1493 788 1551 Clamate
803 1492 867 1548 hrec
880 1489 1013 1560 ingenti-

1069 337 1218 405 spensatio
1232 336 1308 393 milri
1321 336 1435 393 credita
1449 342 1490 392 cst
1502 336 1531 407 (I
1543 337 1610 392 Cor.
1627 337 1676 408 rx).
1693 337 1818 406 ligones
1830 342 1899 393 sunt

1069 425 1159 482 varice
1173 426 1280 482 mentis
1293 425 1552 499 compunctiones
1565 428 1687 481 lanceae
1704 430 1773 481 sant
1788 442 1898 483 serene

1069 515 1326 572 comminationes.
1344 515 1421 581 Quid
1436 517 1593 571 astantem
1608 514 1723 584 ligones
1737 513 1767 570 in
1777 514 1897 571 lanceas

1068 604 1293 673 concidere,nisi
1304 621 1340 661 ex
1354 604 1437 661 varia
1452 604 1560 660 mentis
1574 603 1803 676 compunctione
1812 605 1896 660 ardo-

1068 709 1132 749 rem
1144 693 1224 761 ndei,
1239 695 1378 751 virtutem
1392 693 1484 760 verbi,
1495 693 1556 749 sim
1572 693 1784 749 sententiarrun
1799 694 1896 750 conci-

1068 798 1138 856 pere
1153 782 1167 838 ‘t
1183 783 1255 840 llinc
1271 785 1404 856 Sponsus
1418 783 1456 840 ad
1467 799 1610 856 sponsam
1621 783 1649 838 in
1665 783 1809 840 canticis:
1823 784 1896 839 Ocre-

1069 872 1094 926 a·
1104 871 1158 941 tui,
1173 870 1279 944 inquil,
1296 873 1372 927 sicut
1382 873 1506 942 piscina
1527 873 1557 926 in
1584 870 1728 942 Heseban,
1747 887 1811 943 qua
1824 877 1894 927 serrat

1068 962 1099 1016 in
1110 961 1280 1031 portufitia’
1295 961 1498 1017 irrerttitudinis
1514 961 1614 1027 (Curat.
1631 961 1689 1033 vn).
1705 960 1786 1016 Oculi
1803 962 1895 1034 Spon-

1068 1053 1205 1116 sre,·srmt
1218 1049 1336 1105 claritas
1363 1049 1443 1118 lidei,
1468 1054 1497 1106 et
1521 1049 1714 1120 intelligentia
1728 1049 1820 1106 (livini
1837 1050 1895 1105 elo-

1067 1138 1139 1211 quii.
1165 1137 1300 1195 Hesebon
1320 1139 1528 1211 interpretatur
1551 1141 1706 1211 cingulum
1734 1141 1893 1197 rreoeroris:

1067 1228 1188 1301 piscinae
1201 1227 1347 1296 Hcseboa,
1357 1232 1427 1284 sunt
1440 1227 1559 1284 diversa
1570 1244 1680 1299 genera
1692 1229 1895 1301 compunctio·

1067 1316 1123 1373 nis.
1141 1315 1222 1373 Oculi
1236 1316 1325 1387 igitur
1340 1318 1463 1406 §pansae
1479 1321 1547 1374 suut
1562 1316 1638 1374 sicut
1649 1317 1771 1390 piscinas
1790 1317 1819 1372 in
1843 1320 1895 1372 lle·

1068 1405 1161 1462 sebon
1176 1425 1182 1462 :
1198 1405 1270 1479 quia
1283 1406 1353 1462 inde
1366 1406 1523 1480 magisque
1538 1406 1843 1473 clarificantem-unde
1864 1405 1894 1462 in

1067 1494 1197 1569 praelatis
1211 1494 1332 1567 piscinis
1346 1495 1529 1568 frequentius
1544 1494 1690 1551 lavantru.
1708 1494 1838 1561 Gladius,
1852 1497 1895 1551 ost

182 1583 251 1639 laus.
265 1587 306 1639 Ac
320 1584 344 1638 si
359 1583 469 1640 diecret
484 1602 490 1640 :
508 1582 598 1639 Nolite
614 1597 746 1655 parcere,
757 1580 848 1637 nolito
859 1579 954 1636 silere.
967 1579 1012 1636 Sia
1031 1599 1052 1655 g
1067 1584 1104 1641 dc
1117 1584 1255 1657 praesenti
1268 1583 1360 1640 virilis
1374 1583 1547 1657 conceptio:
1562 1583 1675 1653 lancea,
1685 1584 1723 1639 de
1734 1583 1833 1639 lutura
1849 1599 1895 1641 sa-

182 1672 259 1729 riaci
273 1673 411 1743 gentibus
425 1673 479 1736 crit
487 1671 580 1744 gloria
592 1690 599 1727 :
611 1669 808 1744 itasiquidem
817 1669 1012 1726 succumbere

183 1762 312 1832 gloriosa
326 1762 459 1819 victoria.
477 1760 662 1818 Sanctificate
671 1758 796 1816 bellum.
814 1758 938 1817 sienim
962 1776 1012 1816 cu-

179 1851 230 1922 jus
243 1850 312 1906 linis
323 1851 422 1906 bonas
437 1854 489 1917 est,
504 1849 604 1922 ipsum
618 1864 741 1922 quoquo
751 1847 919 1904 bonumest
932 1866 938 1904 :
953 1848 1012 1905 boc

182 1939 296 1996 bellurn
304 1956 426 2013 quoque
446 1938 551 2012 procul
572 1937 665 1994 dubio
689 1942 827 1995 sanetum
848 1940 902 2006 est,
925 1939 1011 2011 cujus

181 2028 250 2084 linis
264 2032 385 2085 sanctus
400 2033 453 2085 est.
468 2031 501 2084 Et
517 2028 574 2084 hoo
601 2025 716 2084 bellum
746 2026 941 2097 sanctificare,
967 2031 1012 2084 est

181 2117 294 2174 bellum
309 2118 461 2175 sanctitate
485 2117 608 2175 donare.
635 2120 737 2173 Nonne
754 2115 869 2173 bellum
882 2117 1010 2174 sanctifi·

181 2203 275 2277 eatur,
303 2206 356 2263 nbi
370 2206 464 2264 virtus
491 2206 666 2279 triumphat,
695 2209 723 2261 et
737 2205 843 2262 sitium
858 2210 981 2261 necatur
994 2205 1008 2260 ‘l

180 2300 293 2366 lionae,
314 2297 449 2370 inquam,
480 2295 682 2353 sanctificatur
707 2293 830 2364 bollum,
858 2294 910 2350 ubi
932 2294 1008 2350 ricto

180 2390 335 2459 reputatur
348 2385 480 2454 victoria,
498 2383 717 2442 vsuccumbenti
740 2399 861 2451 corona,
889 2382 943 2439 ubi
964 2382 1008 2439 lu·

180 2473 271 2545 gienti
295 2475 465 2550 praemium,
486 2477 627 2545 snperato
662 2470 820 2528 ascribitur
853 2472 1008 2542 regnum?

182 2565 323 2621 suscitate
338 2580 410 2634 ergo
422 2562 572 2628 robustos,
588 2554 749 2633 apostolos
760 2559 869 2616 scilieet
884 2564 912 2617 et
921 2575 1007 2633 apos-

180 2651 283 2708 tolicos
294 2653 384 2708 viros.
402 2650 478 2717 Quid
494 2652 539 2705 est
553 2648 704 2717 suscitare,
720 2648 777 2703 nisi
788 2664 908 2704 sursum
930 2649 1006 2704 exci-

153 2750 157 2755 ·
178 2743 239 2796 tare
255 2745 269 2796 ?
283 2740 360 2806 Quid
387 2743 431 2795 est
455 2753 576 2793 sensum
591 2737 728 2805 excitare,
744 2736 802 2793 nisi
817 2752 936 2792 sursum
951 2736 1007 2794 ele·

177 2833 271 2897 ratos,
286 2827 445 2884 virtutibus
456 2826 597 2894 munitos,
622 2824 774 2881 miraculis
802 2825 927 2882 decoros
955 2842 1006 2882 an·

1066 1672 1160 1730 lubris
1175 1672 1378 1730 comminatio.
1403 1675 1541 1730 Doctores
1574 1672 1662 1743 igilur
1685 1689 1739 1745 por
1763 1675 1894 1728 contem-

1066 1766 1152 1836 ptum
1167 1762 1222 1831 sui,
1243 1766 1272 1819 ct
1285 1761 1545 1818 mortificationem
1560 1761 1667 1828 carnis,
1682 1761 1825 1817 liduciam
1852 1762 1894 1816 di-

1065 1851 1335 1924 sinitusaceipiunt
1348 1851 1484 1907 fraternis
1495 1851 1697 1925 correptionis.
1728 1853 1780 1907 Per
1805 1851 1893 1907 clero

1066 1941 1201 1999 tionem:
1230 1940 1469 2013 compunctionis
1497 1943 1674 2012 potestatem
1699 1944 1728 1995 et
1765 1938 1891 2011 gratiam

1065 2029 1314 2087 comminationis.
1333 2029 1491 2101 Sequitur:
1522 2029 1661 2085 infirmus
1686 2028 1788 2084 client:
1818 2029 1891 2095 Quia

1064 2117 1149 2176 fortis
1164 2133 1220 2188 ego
1236 2133 1315 2173 sum.
1332 2116 1408 2183 Quia
1425 2117 1569 2190 scriptum
1588 2121 1631 2173 est
1648 2136 1654 2172 :
1673 2118 1798 2185 (letando
1809 2120 1891 2187 infir-

1063 2224 1129 2265 mor
1138 2224 1149 2265 .·
1163 2215 1234 2265 tarrac
1245 2209 1443 2278 formonsum,
1456 2212 1596 2277 etpotens
1611 2207 1655 2279 (ll
1667 2207 1734 2264 Car.
1746 2209 1804 2279 sn).
1820 2211 1891 2265 ltcm

1062 2298 1190 2355 dicitur:
1222 2299 1322 2354 Virtus
1347 2298 1379 2353 in
1405 2298 1580 2367 infinnitate
1601 2298 1762 2367 perficitur
1785 2299 1888 2369 (liridi.

1062 2389 1209 2462 Propheta
1223 2387 1391 2461 praesidens
1405 2387 1580 2444 electionem
1596 2386 1738 2455 gentium,
1764 2386 1889 2455 gloriam

1061 2478 1206 2548 fidelium,
1222 2479 1448 2535 conversionem
1462 2493 1565 2534 earum
1576 2476 1726 2544 adsedem,
1742 2477 1844 2532 vitium
1859 2478 1889 2534 in

1061 2568 1103 2625 eis
1117 2567 1273 2635 infirmari,
1288 2567 1472 2640 triumphare
1485 2565 1632 2632 virtutem,
1648 2566 1687 2621 ait
1703 2584 1709 2621 :

1097 2657 1246 2731 Erumpite
1257 2655 1294 2711 de
1303 2655 1433 2712 latibulis
1449 2655 1639 2728 templorum,
1656 2657 1690 2710 de
1699 2656 1815 2725 anginis
1827 2657 1890 2713 ido-

1060 2745 1168 2813 lorum,
1185 2747 1213 2800 et
1226 2743 1323 2800 venito
1337 2759 1391 2815 per
1404 2759 1512 2815 passus
1528 2741 1598 2798 lidci
1620 2745 1648 2799 et
1667 2739 1778 2798 inlotus
1798 2745 1889 2815 preni-

1061 2832 1167 2900 tentiar‚
1183 2831 1221 2909 de
1236 2829 1369 2898 circuitu,
1392 2829 1421 2885 in
1437 2845 1498 2902 quo
1522 2833 1554 2885 ut
1581 2828 1665 2902 impii
1693 2828 1895 2887 ambulastis:

177 2916 339 2973 nuntiare?
353 2915 410 2972 Viri
424 2914 512 2983 igitur
524 2913 692 2982 bellatores,
708 2912 793 2969 serbi
809 2912 920 2971 scilicet
932 2931 1006 2988 prae·
1025 2952 1045 3008 c
1060 2918 1111 2993 qui
1126 2919 1277 2975 veritatem
1292 2921 1515 2974 contemnentes
1530 2915 1582 2972 ‹liu
1597 2915 1755 2973 falsitatem
1770 2917 1890 2991 palpas-

176 3003 332 3074 dicatores,
345 3002 472 3061 coelestis
485 3001 596 3058 militiae
611 3002 703 3058 duces
713 3001 752 3057 ad
762 3001 1005 3076 predicationem
1059 3007 1106 3066 tis.
1122 3005 1351 3078 congregamini
1371 3005 1448 3061 intra
1476 3004 1548 3060 retia
1575 3003 1668 3059 divini
1696 3004 1788 3070 serbi,
1812 3005 1890 3062 intra

175 3093 329 3162 accedant,
353 3109 442 3166 super
469 3090 547 3148 eolla
576 3090 711 3161 gentium
754 3089 930 3148 ascendant.
954 3095 1005 3147 As·
1060 3096 1161 3153 caulas
1171 3094 1251 3163 fidel,
1265 3094 1342 3151 intra
1361 3099 1444 3166 septa
1466 3092 1544 3150 oculi
1567 3092 1721 3150 Dominici.
1738 3092 1779 3148 lbi
1801 3092 1889 3150 lactet

175 3184 318 3254 condant,
333 3183 468 3256 inquam,
486 3196 576 3255 super
599 3181 709 3251 jugum
722 3177 792 3235 fidei
807 3179 940 3251 gentium
951 3196 1006 3254 per
1059 3183 1203 3241 Dominus
1222 3183 1302 3252 fidei,
1333 3181 1511 3239 occumbere
1538 3182 1679 3239 robustos
1706 3199 1786 3248 suos,
1815 3182 1887 3254 quia

174 3272 312 3330 virtutem
333 3273 549 3347 prodigiorum,
579 3287 633 3343 per
651 3269 889 3327 coruscationem
916 3270 1004 3327 mira·
1059 3273 1168 3330 scilicet
1177 3289 1232 3347 per
1243 3272 1393 3339 ardorem,
1405 3287 1458 3345 per
1486 3271 1624 3327 virtutem
1649 3271 1742 3327 divini
1765 3270 1886 3342 eloquii,

174 3362 321 3420 culorum.
338 3362 448 3419 Deinde
465 3377 564 3418 sermo
583 3359 776 3433 propheticus
791 3359 830 3416 ad
856 3375 908 3416 eos
937 3376 1005 3417 eon·
1059 3363 1115 3420 sibi
1125 3362 1262 3420 doctores
1272 3360 1430 3433 subjicient
1443 3361 1715 3434 regesoptimates,
1727 3360 1886 3433 sapientes,

173 3453 304 3520 vertitur,
316 3453 419 3508 dicens
431 3471 437 3507 :
451 3449 601 3508 concidite
615 3453 715 3506 aratra
728 3453 826 3506 vestra
835 3448 866 3505 in
877 3448 1002 3521 gladios,
1057 3451 1264 3526 philosophos.
1282 3450 1353 3507 Hinc
1368 3449 1459 3506 lsaias
1473 3468 1480 3505 τ
1496 3450 1586 3506 Onitae
1598 3464 1689 3519 pecus
1715 3450 1823 3520 Cedar,
1844 3449 1886 3505 in⁴

173 3544 203 3597 et
215 3538 329 3610 ligones
339 3544 453 3596 vestros
463 3539 493 3595 ia
508 3538 639 3595 lanceas.
652 3538 729 3604 Quid
744 3543 813 3594 sunt
827 3544 934 3609 aratra,
946 3539 1003 3594 nisi
1057 3541 1130 3616 quit,
1147 3540 1380 3612 congregabitur
1394 3538 1469 3596 tibi:
1489 3539 1596 3595 arietes
1615 3537 1767 3594 Naeuiotla
1785 3540 1886 3595 earinis·

171 3629 310 3686 membra
323 3629 609 3702 mortificatalquid
638 3632 682 3684 est
709 3631 808 3683 aratra
827 3627 856 3682 in
887 3626 1003 3698 gladios
1058 3624 1883 3701 trabunttibitlsams)llincalibi1GoriaLitrauiduto

173 3718 339 3786 concidere,
349 3718 407 3774 nisi
421 3717 558 3774 membra
569 3715 747 3773 mortificata
757 3732 816 3788 pro
827 3732 908 3784 cura,
920 3716 1001 3786 fidei,

134 3827 135 3830 ¹
160 3809 342 3883 ·provirtute
356 3807 451 3875 verbi,
467 3807 533 3864 neci
544 3806 714 3879 frequenter
735 3805 915 3878 opponeret
942 3809 1002 3863 lloc

171 3897 212 3953 illi
226 3898 366 3965 fecerant,
382 3897 419 3953 de
434 3895 546 3969 quibus
558 3895 589 3951 in
603 3893 725 3950 Actibus
739 3894 944 3966 apostolorum
963 3894 1002 3951 le·

171 3986 250 4056 gitur
265 4003 272 4042 :
287 3985 375 4042 Ibant
391 3987 521 4056 apostoli
538 3985 701 4056 pandentes
715 3997 734 4041 u
749 3990 907 4053 conspeetu
934 3999 1001 4040 con·

171 4075 244 4146 citii,
259 4076 400 4146 quonium
415 4075 502 4146 digni
524 4072 622 4130 babiti
641 4078 711 4128 sunt
720 4087 780 4143 pro
800 4073 919 4128 nornine
930 4072 1001 4129 desa

169 4165 380 4222 contumetiam
394 4165 462 4235 poti
474 4164 553 4237 (Act.
569 4163 607 4235 v).
623 4162 696 4218 ilinc
716 4160 876 4234 Apostolus
893 4179 899 4218 z
921 4162 1000 4219 Puta

1056 3723 1099 3774 est
1112 3718 1148 3788 ei,
1162 3719 1252 3774 decor
1268 3717 1409 3786 Carmeli,
1428 3720 1457 3771 et
1476 3714 1575 3770 Saron
1596 3714 1666 3786 (lec.
1688 3714 1786 3783 xxxvl.
1813 3718 1885 3773 ltem

1055 3806 1131 3863 alius
1144 3825 1150 3862 ι
1161 3807 1249 3877 Gens,
1263 3810 1290 3861 et
1304 3820 1439 3875 regnum,
1448 3804 1594 3874 quadrien
1603 3805 1738 3859 reciderit
1748 3804 1884 3873 titinni-

1056 3896 1096 3953 bit
1107 3895 1179 3968 (der.
1189 3894 1327 3966 exerunt
1336 3893 1425 3949 lsaias
1438 3911 1443 3948 :
1456 3893 1560 3949 Gloria
1569 3892 1680 3949 Libani
1687 3893 1728 3949 nd
1738 3898 1765 3948 te
1776 3896 1883 3967 vertier,

1054 3985 1134 4043 abice
1143 3984 1249 4057 deseres,
1258 3976 1350 4053 prinus
1360 3983 1499 4039 simulati
1506 3981 1676 4038 arctandum
1692 3983 1788 4037 lacum
1799 3998 1883 4038 sunc-

1055 4074 1227 4144 tisieationis
1242 4072 1394 4141 meoetlsu.
1411 4074 1469 4139 nx).
1487 4070 1568 4127 ldem
1591 4069 1727 4125 ibidem:
1761 4071 1882 4127 Venient

1053 4164 1095 4220 ud
1105 4170 1132 4220 te
1142 4163 1229 4220 curvi
1237 4163 1296 4231 filii
1304 4161 1472 4233 eor·nm,qui
1483 4159 1720 4216 humiliaverunt
1728 4166 1764 4232 te,
1777 4164 1804 4216 et
1812 4161 1881 4217 ado

170 4251 248 4306 enim
260 4252 426 4323 quodDeus
440 4268 493 4308 nos
508 4251 657 4321 apostotos
671 4250 846 4307 naansimos
860 4250 998 4319 ostendit,
1053 4253 1164 4309 rotant
1174 4252 1298 4322 aestima
1307 4251 1416 4321 pedum
1428 4254 1556 4320 taonem,
1569 4264 1667 4305 amires
1677 4250 1731 4319 qni
1745 4249 1881 4306 ‹tetrane-

169 4343 198 4395 et
217 4345 360 4412 tunquam
382 4342 474 4398 morti
498 4340 669 4407 destinatos,
694 4340 766 4410 quia
794 4340 998 4408 spectaculum
1015 4306 1038 4362 Β
1053 4340 1189 4399 beattitn'
1197 4339 1305 4409 (ibid).
1320 4336 1572 4408 Quandoquidem
1588 4337 1658 4392 tanti
1673 4337 1819 4393 momenti
1837 4342 1880 4393 est

166 4427 246 4499 facti
254 4428 486 4500 sumnsmando,
496 4434 524 4486 ct
533 4429 659 4501 cingetis,
670 4432 697 4483 et
710 4425 878 4482 bominibus
894 4427 922 4499 (Ι
929 4426 996 4485 Cor.
1050 4429 1155 4488 victori
1163 4429 1277 4497 cedere,
1288 4431 1376 4484 tantae
1388 4424 1518 4482 utilitatis
1528 4425 1686 4482 bellatores
1705 4426 1880 4482 succumbe·

168 4517 215 4590 iv).
229 4518 419 4588 ltem,idem:
435 4519 530 4590 Usque
540 4519 571 4575 in
581 4518 660 4575 leone
674 4516 791 4590 boram,
807 4516 913 4591 iuquit,
934 4533 999 4574 esu·
1049 4535 1092 4590 re,
1102 4520 1285 4589 consurgant
1295 4531 1376 4587 ergo,
1389 4518 1417 4571 et
1425 4514 1589 4571 ascendant
1604 4518 1705 4585 gentes
1723 4515 1753 4570 in
1769 4514 1878 4572 sallem

167 4607 273 4678 minua,
286 4612 313 4664 et
325 4609 451 4676 sitimus,
468 4607 699 4679 etnudisnmns,
716 4612 744 4663 et
760 4605 896 4676 cotupln's
915 4607 999 4663 eaedi·
1049 4609 1202 4684 iosaphat,
1212 4607 1240 4663 id
1248 4604 1537 4663 estinhumilitatem
1545 4605 1658 4676 judicii.
1679 4605 1823 4678 iosaphat
1842 4605 1878 4661 si-

167 4695 457 4765 munditenentes
472 4711 585 4764 sunaus,
604 4701 632 4752 et
652 4695 824 4752 laboramus
841 4702 999 4765 operantes
1050 4699 1173 4774 quidem
1183 4694 1878 4769 interpretaturjmticiunDomini,·qniaitise·

167 4781 305 4839 monitms
314 4784 424 4839 nostn's
432 4799 443 4839 .·
453 4783 671 4855 maledicimur,
679 4789 707 4839 et
715 4782 923 4856 benedicimus,
929 4799 997 4855 per·
1049 4787 1122 4846 deba
1131 4784 1203 4842 dicit
1213 4783 1366 4856 Dominus,
1376 4784 1655 4853 utjadicemomnes
1667 4789 1767 4855 pentes
1777 4785 1809 4841 in
1821 4786 1877 4842 cir-

166 4871 994 4945 secutionempatimur,ctsustinemus‚·blasphemamur,
1050 4877 1132 4933 cuttu
1142 4871 1364 4943 (doetsxlllinc
1374 4870 1478 4944 ipsein
1487 4871 1876 4942 evange11021njadteiam‚

166 4968 195 5019 et
209 4961 405 5032 obsecramus,
423 4969 567 5036 tanquam
575 4970 779 5035 paci-panentu
791 4962 998 5032 transmundi
1048 4962 1154 5037 inquit,
1168 4962 1273 5020 acreiin
1294 4960 1374 5017 bunc
1391 4961 1546 5028 anundum,
1562 4966 1594 5015 nt
1610 4976 1669 5016 itan
1689 4961 1821 5018 videntes
1836 4964 1877 5017 ci-

163 5052 243 5124 sacti
272 5070 385 5126 sumus,
419 5055 550 5111 orantum
577 5056 749 5126 peripsema
775 5068 869 5124 usque
895 5052 995 5109 adhuc

165 5143 269 5218 (ibid).
287 5147 360 5200 Ecce
374 5144 529 5217 quomodo
556 5148 688 5201 aratrum
708 5140 882 5199 conciditur.
912 5144 994 5197 Nunc

164 5232 322 5290 videamus
336 5234 492 5307 quamodo
512 5233 543 5290 in
567 5232 702 5302 gladium
717 5232 923 5286 eonvertatur:
938 5230 994 5285 Bo-

164 5338 247 5390 num,
262 5322 365 5396 inquit,
378 5323 503 5379 estnailai
516 5322 611 5391 serapis
626 5322 712 5390 errori,
724 5334 813 5392 quum
823 5323 855 5373 ut
863 5319 992 5388 gloriani

164 5425 258 5464 aream
273 5413 338 5481 qais
353 5418 482 5470 evacuet.
495 5412 572 5469 Num
583 5413 611 5467 si
618 5411 871 5482 earanpetizonero,
882 5414 991 5463 raanest

163 5497 369 5568 inibiqtan'a:
394 5503 552 5561 necessitas
579 5503 656 5559 enim
671 5500 747 5558 milti
768 5496 921 5555 inminuit.
946 5498 993 5552 Va:

163 5588 240 5643 enim
252 5587 326 5644 rnitu'
338 5592 365 5645 si
379 5608 437 5648 non
448 5594 690 5664 evangelizavero
704 5591 757 5647 :St
771 5595 869 5647 antem
888 5590 989 5645 aalma

1048 5054 1149 5124 deant,
1172 5057 1199 5108 et
1220 5051 1274 5122 qui
1293 5050 1557 5118 videntca’ctfrant
1570 5050 1667 5110 (daun.
1679 5050 1878 5124 misequitur

1048 5157 1107 5198 vox
1117 5139 1275 5198 salvatoris
1283 5137 1436 5212 apostolos
1455 5153 1526 5193 suos
1536 5136 1720 5193 cohortantis
1727 5137 1767 5194 ad
1774 5138 1879 5194 collec-

1048 5225 1874 5297 tionemnovarumlrugum,adconversionemgentium,

1047 5318 1221 5376 etdicentis:
1234 5316 1332 5374 Mittite
1343 5313 1597 5386 ialees,q110niam
1608 5313 1874 5372 maturuitmessis.

1047 5408 1117 5464 Vide
1152 5410 1266 5480 quanta
1301 5404 1338 5459 sit
1372 5402 1537 5475 prophetiae
1572 5402 1776 5458 convenientia
1804 5420 1875 5459 curn

1046 5496 1219 5568 evangeliea
1233 5492 1387 5550 sententia.
1404 5493 1541 5549 Salvator
1568 5506 1698 5564 namque
1724 5489 1754 5545 in
1779 5493 1875 5547 Evan-

1047 5585 1123 5656 gelio
1138 5584 1178 5641 sie
1191 5583 1231 5639 ait
1259 5582 1298 5639 ad
1327 5581 1496 5654 apostolas:
1521 5581 1623 5637 Marsis
1651 5580 1767 5652 quidem
1797 5583 1874 5635 irrad-
