3832 6044
178 104 229 158 747
495 99 647 155 HUGONIS
667 100 712 152 uE
732 98 760 151 S.
782 96 927 152 victoni·
947 95 1022 151 OPP.
1041 94 1130 149 PARS
1150 94 1170 147 l.
1192 123 1225 131 -
1247 93 1438 149 EanEtht
1457 84 1572 147 bttssts.
1843 84 1890 143 ‘tto

178 225 332 295 tritaeque,
342 225 466 293 jamnes
477 226 503 278 ct
511 223 646 292 patranti,
658 236 756 276 eitaraes
767 221 856 275 simui¹
868 235 927 275 una
939 235 1008 276 uoce
1025 221 1048 273 Α
1063 217 1110 287 u).
1127 215 1326 271 lensensem
1341 213 1479 270 fidelibus
1493 213 1529 270 sit
1549 212 1579 268 in
1595 229 1661 279 usu,
1679 212 1781 267 latina
1792 209 1826 266 in
1840 209 1891 267 lru-

178 311 472 371 teneraetenerae
487 311 565 365 Deus
588 311 666 366 inter
685 326 737 365 run
762 315 789 363 rt
812 314 848 379 te,
867 310 1007 380 epitomum
1061 311 1119 362 ctu.
1136 305 1176 362 Sit
1193 322 1239 361 res
1255 303 1429 378 temporalis
1454 304 1482 359 in
1496 303 1608 370 itincre,
1620 306 1732 359 {eterna
1746 299 1892 357 desidere·

176 403 277 474 fecisti
286 404 317 458 tn
330 417 382 457 nos
393 401 485 470 triola,
500 399 603 454 rasuras
616 399 697 469 toqui
703 400 829 467 pacifice
842 413 906 452 crim
919 399 1007 467 Assu-

178 494 231 550 m'tr
245 507 256 548 .·
269 496 295 547 et
315 494 441 559 propter
464 488 517 543 boc
534 487 632 543 euadit
653 503 705 542 nm
726 489 805 543 Dens
824 488 855 542 in
870 488 1006 543 aratnn'dus

177 595 289 638 eorum.
312 577 360 633 lsti
375 576 494 647 signant
508 576 653 644 oarrrales,
669 578 722 648 ain
735 577 849 646 dictant,
871 577 1004 644 Domine,

175 669 310 739 Domine,
335 683 386 723 cor
409 672 508 736 autem
532 682 633 722 eorum
659 667 745 736 toupe
760 670 800 721 cst
823 681 840 721 a
859 666 920 720 Deo
935 665 1004 736 (lstt.

176 756 266 820 xxix).
284 753 358 808 Sunt
370 767 440 821 ergo
456 750 484 806 in
498 766 610 820 sagena
635 749 751 806 bomini
767 749 837 804 mali
848 749 943 821 pisces
957 766 1006 804 us-

175 859 233 916 que
254 842 293 897 ad
306 841 385 898 littus
401 839 491 896 futuri
501 839 614 910 judieii,
631 839 682 911 qui
706 838 858 911 praesentis
880 838 946 893 sitis
963 837 1005 893 iu-

176 930 337 988 commeda
350 928 475 1000 graviter
485 928 621 994 terentes,
635 927 951 999 eliguntpnescntibus
964 926 1005 983 uti

175 1019 287 1076 deliciis
312 1018 408 1088 magis
423 1034 516 1090 quam
540 1017 670 1072 celestia
685 1017 766 1071 bona
789 1016 818 1071 in
834 1016 933 1072 laturo
949 1016 1004 1071 sibi

173 1108 328 1176 reservari,
353 1108 405 1181 qui
431 1106 589 1177 magistros
614 1122 684 1161 suos
709 1105 885 1178 importunis
909 1107 1005 1177 quari-

174 1199 283 1256 moniis
302 1196 447 1266 affligunt,
464 1199 493 1252 et
507 1195 562 1250 sibi
578 1194 617 1250 ad
630 1195 734 1250 luxum
750 1194 849 1249 saeculi
862 1195 1004 1251 assentire

174 1290 295 1358 cogunt.
320 1285 401 1342 Unde
424 1284 574 1357 sequitur:
597 1285 635 1338 Et
660 1299 725 1338 cerm
739 1283 866 1352 futipnti
884 1283 928 1339 ln's
944 1286 1004 1340 cte·

173 1377 315 1447 rnorittus,
330 1385 358 1432 et
369 1375 414 1430 tris
426 1374 545 1444 fletibus
558 1373 664 1429 lassati
669 1373 830 1443 siluissent,
842 1388 1004 1444 casurpeas

175 1467 271 1537 Ozias,
288 1464 406 1533 insrnus
418 1463 571 1532 lacrymis,
583 1463 625 1518 uit
638 1478 644 1517 :
661 1462 766 1532 AEpuo
790 1463 890 1517 eninm
903 1469 1002 1534 estate,

1062 393 1108 451 tur
1123 395 1152 451 in
1166 394 1366 467 perventione.

1098 484 1264 540 Oratorium
1279 482 1379 539 iudith
1392 483 1507 554 (tuditis
1522 482 1570 552 ix),
1587 480 1669 553 quod
1692 479 1732 536 ad
1742 478 1892 536 orandum

1061 575 1195 643 ingressa
1210 577 1262 642 cst,
1288 578 1433 629 secretum
1447 573 1543 628 roralis
1558 571 1704 642 designat,
1719 570 1808 644 quod
1827 587 1892 626 cum

1061 664 1221 720 bominum
1246 679 1378 731 oramus,
1409 663 1517 718 intrare
1554 661 1710 717 debemus.
1746 659 1890 728 Cilicium,

1060 754 1249 826 asperitatem
1264 752 1401 823 designat
1411 752 1599 825 paenitentiae.
1611 749 1698 818 stiriis,
1712 750 1891 807 memoriam

1061 842 1224 911 tragilitatis
1239 846 1268 898 et
1287 841 1400 898 mortis.
1426 840 1593 908 Prostratio,
1610 838 1751 896 ellectum
1774 839 1891 896 humili-

1060 931 1137 988 tatis.

1095 1020 1285 1078 pulchritudo
1299 1021 1398 1077 iudith
1413 1020 1529 1092 (tuditis
1544 1019 1583 1088 x),
1598 1017 1763 1092 spiritalem
1783 1022 1890 1076 sanctae

1059 1111 1195 1168 Ecclesiae
1222 1110 1473 1184 pulchritudinem
1502 1111 1621 1180 tigerat,
1643 1112 1810 1165 clamatus
1829 1108 1889 1179 ejus

1058 1206 1198 1258 ornatum
1221 1200 1356 1257 Ecclesiae
1372 1204 1479 1257 sancta
1496 1219 1502 1268 ;
1524 1200 1617 1272 quam
1630 1197 1723 1255 habet
1737 1214 1792 1271 per
1805 1197 1888 1255 virtu-

1058 1295 1122 1346 tum
1135 1290 1375 1346 exercitationem
1390 1295 1418 1346 et
1433 1289 1583 1346 bonorum
1597 1304 1725 1360 operum
1740 1285 1888 1345 exhibitio·

1058 1396 1128 1436 nem
1142 1378 1306 1436 denuntiat.

1093 1487 1217 1543 Exarsit
1232 1485 1439 1556 Hotoplaerncs
1460 1488 1490 1541 in
1511 1486 1753 1555 coraeapisceatin
1773 1484 1884 1555 tuditi,

172 1556 286 1624 matres
298 1568 309 1609 .·
324 1559 350 1610 et
367 1553 418 1607 liin
433 1553 563 1622 pariaque
578 1551 637 1606 dies
654 1557 858 1620 respectemus
871 1567 889 1607 a
904 1553 1037 1630 Danu-B
1056 1583 1083 1633 et
1100 1578 1192 1633 305„st
1212 1593 1275 1633 eam
1288 1591 1345 1645 per
1368 1576 1519 1632 libidinem
1538 1590 1623 1631 mm
1646 1575 1762 1633 violare
1777 1573 1885 1646 (Mn),

173 1660 212 1700 no
238 1641 482 1700 insertae-unm.
505 1641 550 1697 Sic
576 1641 709 1712 (pinuque
730 1656 834 1695 sensns
857 1642 999 1713 corporis,

173 1731 284 1805 quibus
297 1746 426 1803 praesens
436 1729 552 1787 ducitur
567 1728 627 1785 vita
641 1728 726 1802 quasi
737 1729 871 1801 quinque
885 1730 1002 1786 dierum

172 1820 308 1878 inducias
322 1820 401 1876 iners
417 1819 521 1876 doctor
541 1817 649 1890 expetit
664 1835 670 1872 ε
687 1818 737 1889 qui
760 1819 913 1891 corporale
929 1820 1003 1875 sola-

173 1910 247 1968 tium
262 1909 448 1967 auditoribus
462 1909 523 1964 suis
538 1908 695 1964 indiscrete
706 1907 857 1980 promittit,
874 1909 960 1980 quasi
970 1908 1000 1965 iu

171 2004 315 2074 potestate
336 1999 441 2056 suasit
456 1997 566 2054 summi
580 1997 691 2052 datoris
706 1997 918 2064 munificentia,
933 2015 1002 2054 cum

171 2089 268 2160 magis
287 2088 410 2163 quidem
429 2086 578 2145 tribuendi
600 2086 709 2141 modus
732 2085 762 2141 in
784 2086 892 2151 dantis,
908 2105 1002 2160 quam

170 2178 201 2235 in
210 2178 380 2252 accipientis
391 2181 534 2250 potestate
549 2175 700 2232 consistat.
720 2176 748 2233 Si
759 2181 859 2233 autem
874 2194 1001 2250 prasen-

171 2269 208 2327 tis
231 2269 299 2326 vitre
322 2272 449 2337 negatur
474 2266 623 2334 solatium,
645 2266 780 2322 subditos
804 2267 1002 2334 deminuunt

170 2359 324 2416 eredentes
339 2356 588 2431 persecutoribus,
610 2355 764 2428 corporale
787 2356 919 2413 ‹loritent
932 2374 1002 2430 sup-

170 2448 303 2522 plioium.

208 2540 289 2593 Hanc
303 2535 542 2599 conventionem,
561 2534 671 2600 iudith,
687 2534 717 2589 id
733 2539 776 2590 est
799 2534 927 2591 Ecclesia
942 2551 1001 2590 res-

170 2624 236 2698 puit
250 2623 366 2694 (truditis
383 2622 448 2694 rui).
465 2627 493 2678 et
514 2623 684 2679 contemnit.
707 2623 807 2678 iudith
827 2623 916 2689 enim,
932 2640 1000 2695 quoe

170 2713 378 2783 iuterpretatur
391 2713 532 2780 coarfitens
555 2712 602 2768 rel
623 2712 760 2779 laudans,
782 2712 943 2768 Ecclesiam
964 2712 1000 2767 si-

171 2798 301 2871 gnificat,
317 2815 385 2871 qnae
401 2802 495 2855 Derim
508 2816 577 2856 scra
595 2799 654 2855 fide
670 2801 834 2863 cantitetur,
851 2805 878 2854 et
894 2799 923 2855 in
938 2817 1000 2856 om-

170 2888 260 2946 nibus
282 2888 423 2962 operibus
447 2889 511 2959 ejus
537 2888 659 2944 laudare
684 2905 745 2943 non
765 2888 882 2945 desinit.
901 2891 938 2945 Et
954 2892 1001 2946 air

170 2980 233 3047 eius
248 2978 402 3035 illaatnsses
410 2978 470 3046 fuit
481 2993 492 3033 .·
507 2978 560 3048 qui
571 2983 705 3031 anortuns
719 2981 760 3032 est
773 2979 804 3032 iu
816 2977 918 3034 (liebus
928 2995 1000 3035 artes-

169 3070 208 3125 sis
223 3068 389 3124 bardencie.
406 3065 537 3122 Christus
553 3065 687 3121 Ecclesia
703 3082 842 3138 sponsus,
858 3067 934 3123 bene
945 3071 1001 3125 lla-

169 3173 283 3222 nasseS,
292 3155 323 3212 id
337 3160 382 3211 est
395 3155 554 3212 obliviosus
568 3154 614 3211 uel
628 3156 800 3226 periclitatus
814 3160 865 3222 est,
883 3155 999 3223 dicitur,

168 3245 240 3319 quia
268 3263 324 3303 nos
347 3244 417 3302 lacit
441 3243 575 3301 oblivisci
600 3244 775 3300 calamitatis
794 3245 923 3317 pristinae
947 3262 1000 3317 per

169 3336 404 3392 consolationem
423 3333 489 3391 vites
505 3334 622 3391 laturre.
651 3334 699 3390 tiis
722 3334 751 3390 iu
775 3334 881 3390 dicbus
895 3336 999 3391 messis

168 3424 353 3492 hordeaceas,
379 3424 409 3479 id
423 3428 468 3480 ost
479 3422 630 3480 electionis
651 3423 747 3495 plebis
768 3423 898 3479 iudaicae
920 3440 1000 3479 com·

168 3511 265 3579 mittit,
282 3516 310 3567 et
329 3512 481 3584 apostolos
502 3529 572 3568 suos
595 3512 768 3584 praedicare,
795 3517 823 3567 et
843 3512 1000 3584 manipulo

168 3601 353 3658 credentium
367 3617 559 3670 congregare.
581 3602 665 3656 Venit
684 3607 773 3657 astus
783 3603 999 3669 persecutionis

168 3705 258 3760 super
273 3688 463 3761 eaput‚idest
477 3689 674 3744 birinitatem.
691 3693 786 3760 Caput
794 3689 875 3745 enim
883 3691 997 3760 Christi,

168 3782 246 3836 Deus
261 3780 291 3847 (l
301 3779 370 3834 Cor.
387 3778 436 3848 xi).
456 3777 525 3832 tnde
535 3838 539 3845 ,
549 3777 628 3833 enim
643 3778 774 3834 maxime
796 3778 998 3837 scandalizan-

167 3874 215 3928 tur
228 3868 330 3937 Judaei,
346 3866 429 3941 quod
445 3882 475 3921 se
490 3882 554 3921 csse
577 3866 680 3923 Filium
703 3869 752 3922 bei
766 3867 885 3924 dicebat
899 3869 996 3941 (tonat.

167 3965 207 4014 rt.
227 3958 308 4014 Unde
319 3956 462 4028 scriptum
475 3959 535 4012 cst:
553 3956 638 4012 Facit
651 3958 777 4025 seetrsaun
788 3959 892 4013 Deum
905 3958 998 4030 Hujus

168 4062 289 4120 sponsa,
301 4045 402 4101 ablato
417 4060 529 4118 sponso
544 4063 550 4113 ;
564 4044 679 4117 jejunio
694 4049 722 4101 ct
734 4045 861 4102 orationi
874 4062 997 4119 operam

166 4136 219 4194 dat
242 4152 337 4209 usque
352 4136 391 4191 ad
406 4134 698 4192 consummationem
722 4136 829 4205 saeculi,
849 4153 903 4194 noc
918 4154 997 4194 erro·

165 4224 249 4282 ribus
276 4224 482 4281 haereticorum
510 4224 650 4294 cliguntur
674 4224 776 4298 pollui.
798 4226 850 4282 Cui
866 4227 909 4282 vir
924 4245 996 4284 suns

165 4314 305 4372 diviserat
317 4313 435 4371 divitias
460 4313 619 4386 spiritualis
644 4315 803 4387 sapientiae,
830 4320 857 4372 et
870 4316 994 4387 virtutis,

164 4410 193 4461 et
207 4404 352 4461 familiam
364 4403 394 4459 iu
406 4403 539 4473 gentium
553 4402 775 4461 multitudinem
791 4407 993 4476 congregavit.

164 4494 242 4552 Dixit
255 4495 355 4551 Juditli
369 4493 409 4549 ad
423 4492 614 4566 presbyteros
635 4511 641 4548 :
660 4494 744 4561 Quod
771 4501 812 4550 est
827 4496 947 4553 uerbum
963 4499 994 4553 z'a

164 4607 222 4662 quo
232 4592 376 4646 consentit
391 4590 486 4658 Ozias,
497 4596 528 4644 nt
543 4589 644 4646 tractat
653 4592 803 4647 ciuitatem
815 4591 958 4665 Assyriis,
970 4595 997 4649 si

164 4681 247 4734 intra
261 4682 392 4749 arctaque
406 4679 467 4734 dies
483 4695 541 4734 raon
555 4681 667 4735 uenerit
683 4681 765 4736 aretis
780 4682 965 4752 adjutorium
981 4690 995 4740 t

163 4768 203 4822 Et
217 4769 270 4838 qui
281 4769 349 4823 estis
372 4783 433 4836 eos,
455 4769 509 4837 epu
529 4771 649 4826 tentatis
664 4771 851 4828 Dominum?
873 4789 932 4830 aton
952 4781 993 4831 est

163 4858 219 4913 iste
229 4872 324 4912 senno
339 4858 392 4927 qui
404 4858 638 4914 annericordinm
647 4867 788 4928 prouocet
803 4863 876 4933 ;sed
895 4865 994 4934 potius

163 4948 241 5003 iram
266 4947 382 5013 oscitet,
405 4951 431 5002 et
449 4948 585 5016 furorem
604 4950 758 5007 accendat.
779 4952 924 5009 Posuistts
944 4970 994 5011 uos

164 5042 279 5106 tempus
302 5036 499 5092 attseantiom‘s
522 5038 653 5109 Deretini,
668 5044 695 5095 et
714 5041 744 5096 in
760 5040 918 5097 arbitrium
935 5055 994 5097 oes-

164 5133 244 5183 trum
273 5127 467 5182 constituistis
482 5128 510 5183 ei
521 5132 531 5183 t
550 5131 606 5183 Nec
636 5133 762 5200 tompus,
783 5126 848 5185 nee'
868 5129 993 5185 modum

162 5213 290 5270 bomine
303 5212 494 5286 pnescribcre
509 5212 655 5269 debemus
669 5231 676 5281 ;
691 5214 743 5268 sed
761 5214 857 5285 magis
872 5213 993 5270 arbitrio

163 5301 227 5370 ejus
255 5306 362 5358 cuncta
386 5302 602 5372 relintpramus.
631 5302 712 5356 lintle
733 5301 858 5372 nitidam
873 5304 992 5357 Petrum

162 5389 341 5446 irroratione
360 5392 469 5446 dixisse
489 5391 617 5459 legitur:
646 5391 705 5446 Filii
728 5391 787 5458 bei,
804 5391 880 5446 sieut
893 5390 947 5458 xis,
965 5397 993 5446 et

164 5477 315 5548 stratsele,
328 5482 467 5538 miserere
481 5482 551 5538 mei.
566 5484 701 5552 Regnum
722 5480 774 5538 bei
787 5485 901 5538 tantum
912 5499 992 5554 quee-

163 5579 226 5621 rcrc
238 5566 401 5626 debemus:
416 5578 443 5627 et
455 5578 563 5629 cratera
579 5573 763 5642 adjicientur
773 5572 855 5632 nobis
869 5571 988 5642 (Matilo.

1058 1668 1117 1732 xii).
1130 1670 1334 1722 Persecutores
1359 1665 1503 1731 Ecclesiae,
1520 1664 1719 1736 integritatem
1741 1663 1807 1736 eius
1822 1679 1885 1720 con-

1057 1755 1213 1828 cupiscunt
1229 1769 1429 1826 corrumpere.
1445 1752 1555 1818 iudith,
1570 1752 1600 1808 in
1615 1741 1719 1809 castris
1730 1751 1885 1826 Holopher·

1056 1844 1102 1900 nis
1117 1861 1178 1900 non
1193 1849 1236 1899 cst
1248 1843 1362 1916 polluta
1376 1843 1451 1898 escis
1472 1841 1641 1911 gentilibus,
1666 1847 1695 1898 et
1719 1846 1825 1899 sanctu
1840 1843 1884 1896 Ec·

1055 1933 1145 1989 clesia
1168 1933 1243 1988 inter
1266 1947 1402 2004 paganos
1422 1930 1560 1987 habitans
1586 1947 1647 1987 uon
1669 1929 1884 1988 contaminatur

1055 2022 1204 2077 idolorum
1220 2021 1369 2076 sontibus.
1386 2020 1493 2075 tuditis
1509 2020 1610 2090 plodio
1624 2019 1830 2090 Holopltemis
1843 2034 1883 2077 ca·

1052 2117 1109 2182 put
1124 2112 1207 2167 iltius
1222 2109 1358 2178 abscidit,
1373 2113 1401 2166 et
1416 2114 1520 2166 saneta
1550 2109 1678 2166 Ecclesia
1692 2110 1796 2167 hostes
1820 2125 1883 2167 suos

1056 2217 1109 2273 per
1126 2199 1280 2274 propriam
1295 2215 1400 2255 eorum
1413 2198 1558 2255 malitiam
1573 2198 1700 2273 perimit.

1090 2307 1188 2364 iudith
1206 2306 1322 2379 (trattati
1340 2310 1409 2374 xiii),
1435 2311 1502 2379 post
1518 2306 1670 2362 victoriam
1685 2322 1758 2362 cum
1773 2306 1835 2364 suis
1846 2322 1885 2363 ee

1054 2396 1180 2452 lebrarit
1193 2394 1333 2461 laetitiam,
1346 2398 1374 2449 et
1388 2393 1517 2450 Ecclesia
1531 2399 1634 2451 sancta
1650 2393 1799 2468 superatis
1814 2394 1884 2451 stus

1056 2502 1126 2543 cum
1139 2484 1275 2541 hostibus
1292 2483 1362 2551 suis,
1383 2482 1512 2540 laetitiam
1529 2482 1690 2540 celebrabit
1708 2500 1781 2541 cum
1801 2499 1885 2556 ange·

1053 2573 1098 2630 lis.
1114 2574 1235 2643 Eugatio
1250 2572 1312 2628 sine
1323 2571 1489 2645 peremptio
1507 2571 1640 2629 hostium
1654 2571 1884 2631 destructionem

1054 2668 1082 2719 ct
1092 2662 1318 2718 damnationem
1333 2661 1470 2732 designat
1483 2659 1654 2735 impiorum.
1682 2661 1764 2719 Abra
1776 2661 1883 2730 iudith,

1054 2751 1157 2808 fideles
1168 2750 1404 2807 adolescentulas
1415 2751 1524 2821 figurat
1537 2767 1604 2823 quae
1614 2749 1779 2809 famulatur
1794 2751 1885 2809 Eecle

1055 2841 1233 2897 nasonem.
1249 2841 1427 2897 Benedictus
1449 2841 1604 2912 Datianus,
1619 2841 1673 2912 qni
1694 2842 1809 2899 creauit
1833 2856 1886 2898 cu·
1915 2825 1916 2905 l

1015 2931 1034 2985 C
1056 2932 1116 2986 tum
1130 2936 1158 2986 et
1181 2936 1315 3001 terram;
1329 2931 1382 3002 put
1397 2936 1424 2986 te
1445 2931 1556 2987 ttireeit
1582 2933 1612 2986 in
1631 2932 1761 2989 uulnere
1780 2931 1884 3002 capitis

1051 3020 1200 3090 prnmtpis
1215 3020 1403 3075 inimieorum
1418 3025 1590 3075 nostrorum
1599 3021 1670 3091 puta
1682 3019 1772 3077 nodie
1782 3036 1884 3078 nomen

1055 3116 1138 3165 titum
1154 3111 1196 3165 itu
1210 3109 1425 3180 maprtificaait,
1444 3114 1476 3164 ut
1499 3125 1560 3166 noir
1578 3110 1696 3167 recedat
1708 3111 1778 3168 tans
1790 3109 1885 3168 taeda

1055 3215 1104 3255 are
1116 3199 1268 3254 torrn'nnm
1283 3199 1336 3268 qni
1346 3213 1486 3254 circatores
1499 3200 1616 3268 fuerint
1631 3200 1753 3256 uirtutes
1767 3200 1886 3257 Domini

1055 3289 1085 3342 tn
1105 3288 1347 3343 interrumpimus
1367 3284 1501 3341 Ecclesiae
1516 3302 1577 3342 rien
1587 3285 1704 3343 recedet
1717 3286 1756 3344 de
1771 3303 1823 3345 ore
1836 3287 1885 3345 lto

1054 3375 1180 3444 minum,
1197 3375 1248 3449 qui
1267 3391 1416 3431 memores
1431 3379 1501 3431 sunt
1513 3376 1588 3446 ejus,
1604 3392 1671 3448 quae
1686 3391 1740 3449 per
1755 3375 1885 3434 dilectio·

1053 3481 1133 3533 nem,
1151 3465 1201 3521 bei
1215 3469 1243 3520 et
1256 3464 1384 3538 proximi
1394 3470 1553 3537 praesentes
1563 3463 1771 3522 tribulationes
1783 3482 1885 3524 secura

1056 3555 1188 3621 sustinet,
1204 3554 1263 3610 fide
1278 3554 1377 3627 plena,
1403 3558 1432 3610 ot
1455 3569 1507 3627 spe
1528 3553 1625 3622 firma,
1647 3559 1677 3612 ot
1691 3554 1883 3613 eminentiam
1915 3591 1916 3599 κ

1054 3644 1210 3700 attendens
1229 3643 1393 3699 celestium
1415 3642 1617 3717 praemiorum,
1646 3643 1698 3700 ubi
1724 3645 1882 3704 sociabitur

1054 3732 1230 3789 beatitudini
1241 3732 1427 3802 angelorum.
1912 3738 1915 3751 '

1088 3842 1160 3896 Post
1175 3841 1331 3898 victorium
1355 3843 1449 3898 cuiuis
1464 3843 1597 3912 populus
1621 3843 1702 3900 venit
1715 3845 1877 3903 Jerusalem

1053 3931 1182 3987 adorare
1196 3931 1365 4002 Davianum,
1376 3936 1402 3987 et
1411 3945 1481 3986 ratos
1496 3935 1530 3986 ut
1539 3932 1700 4000 purificati
1710 3938 1793 4006 aurat,
1802 3933 1876 3990 obtu-
1908 3928 1913 4067 t

1054 4020 1153 4075 terunt
1169 4034 1268 4075 orranes
1282 4018 1467 4091 holocausta,
1479 4025 1506 4075 et
1517 4024 1595 4092 vote,
1605 4023 1873 4090 etrepmmissionu
1908 4078 1912 4103 Ι

1051 4123 1120 4165 suus
1136 4107 1252 4179 (tantali
1265 4107 1331 4180 xvi).
1346 4108 1461 4180 adepta
1475 4107 1597 4166 victoria
1619 4108 1657 4165 de
1671 4109 1810 4168 hostibus
1822 4109 1873 4166 suis
1909 4118 1912 4127 ·

1051 4192 1179 4266 quisque
1200 4191 1310 4248 clectus
1333 4191 1372 4248 ab
1393 4192 1476 4248 omni
1500 4191 1568 4248 latre
1595 4198 1742 4265 purgatus
1768 4193 1871 4267 ingredi
1909 4242 1911 4261 ,

1010 4285 1030 4338 Β
1051 4286 1192 4355 properat
1205 4281 1236 4337 in
1247 4297 1409 4355 supernam
1424 4281 1474 4339 Dei
1487 4281 1646 4351 civitatem,
1658 4281 1712 4339 ubi
1725 4283 1801 4342 visio
1814 4298 1871 4341 vera
1908 4290 1911 4297 '

1052 4371 1145 4445 pacis,
1160 4370 1214 4427 nbi
1227 4370 1334 4427 reddat
1346 4374 1417 4428 vota
1429 4386 1483 4427 sua
1494 4371 1654 4429 conditori.

1071 4514 1149 4576 Gara
1167 4514 1220 4578 IV.
1237 4515 1282 4576 lle
1294 4517 1444 4598 ratpotonis
1459 4517 1728 4597 praesentabuntur
1742 4517 1856 4579 sutton
1909 4502 1912 4517 ¹

1338 4612 1592 4680 Muclubaeorum.

1085 4767 1123 4821 Et
1134 4766 1253 4834 facttum
1268 4770 1309 4820 est
1320 4771 1480 4838 postquam
1491 4766 1684 4836 percussisset
1703 4765 1875 4824 Alexander

1049 4853 1188 4924 Philippi
1200 4853 1334 4925 Macedo,
1348 4855 1401 4926 qui
1413 4856 1528 4926 patrans
1542 4856 1680 4926 repnuuit
1702 4855 1735 4912 ia
1750 4855 1873 4926 tb‘oena,

1048 4959 1182 5015 epressus
1192 4944 1230 5000 tte
1241 4949 1324 5001 terra
1337 4943 1463 5016 Cettim,
1472 4944 1598 5002 Durium
1609 4960 1707 5017 repeat
1714 4944 1874 5005 Persarum

1047 5040 1137 5106 otone
1144 5034 1310 5106 Medorum,
1319 5035 1471 5091 constituit
1479 5037 1590 5105 pratu
1598 5036 1705 5103 inulta,
1715 5040 1744 5092 et
1751 5033 1877 5093 attunt

1047 5126 1178 5179 carinium
1189 5125 1365 5180 inanitioaes
1376 5129 1403 5179 et
1413 5124 1562 5194 interfecit
1578 5139 1660 5196 repes
1673 5129 1765 5183 terrae
1777 5131 1805 5182 et
1814 5139 1877 5196 per

1047 5215 1169 5271 transiit
1182 5229 1273 5285 nsque
1281 5213 1398 5282 adfines
1407 5218 1537 5283 temnet
1547 5215 1662 5284 accepit
1670 5215 1770 5285 spotia
1780 5215 1878 5272 nrutti-

1047 5303 1160 5358 tmttnis
1173 5304 1317 5373 anitium,
1332 5308 1358 5359 et
1373 5304 1457 5358 sitntt
1470 5309 1552 5361 terra
1562 5305 1759 5374 incommuta
1769 5306 1878 5376 ejasu

1047 5394 1238 5462 conm‘epueit
1251 5394 1399 5462 uirtutem,
1410 5399 1437 5448 et
1448 5395 1610 5450 caerettnm
1619 5395 1730 5462 sertem
1742 5395 1842 5463 ninus,
1851 5399 1877 5450 et

1046 5482 1263 5539 canuntumest
1274 5498 1326 5538 car
1339 5484 1413 5554 eius,
1426 5490 1453 5540 ct
1469 5485 1616 5542 elevatum
1629 5499 1640 5541 .·
1655 5488 1682 5540 et
1695 5483 1827 5542 obtinuit
1837 5498 1878 5542 re·

1045 5573 1146 5647 panes
1154 5573 1297 5649 portium,
1306 5578 1498 5649 ettpranaos,
1505 5578 1534 5631 et
1543 5573 1622 5645 sacti
1627 5580 1698 5635 suat
1706 5575 1812 5634 illicia
1827 5575 1880 5633 tri-
