3824 6052
405 131 614 191 stennone
634 135 668 191 ιιι
687 134 796 190 veros
816 93 1085 196 respuiturus.
1104 169 1136 178 -
1152 140 1215 196 ιιιι.
1236 141 1292 197 ιιι.
1655 147 1708 202 nr

80 253 95 309 I
99 253 126 309 V
134 254 205 324 Rep.
217 253 274 325 ιιι).
287 255 399 312 llodius
415 257 529 327 sanila,
541 259 671 333 perlecta
683 262 728 315 est
741 274 822 316 men·
840 253 1053 320 ninstaurerrt
1069 270 1233 323 sartatecta
1244 266 1358 339 ttamen,
1372 267 1400 323 si
1418 267 1491 338 quid
1509 269 1708 325 necessarium

80 342 187 399 divium
211 343 374 415 sapientire,
405 362 474 420 quse
502 352 546 405 est
570 350 601 403 in
625 351 706 405 Novo
728 352 824 406 Testa-
878 345 1012 409 viderim
1035 356 1255 413 instauratione
1280 357 1310 427 (I
1314 358 1338 412 V
1353 358 1424 428 Rep.
1449 357 1508 430 an).
1537 357 1709 415 Secundum

80 447 112 488 a:
140 431 307 489 duomodii
334 434 450 503 hordei,
481 436 683 494 suntsoientia
706 437 781 508 legis
795 441 824 496 et
877 439 957 497 hane
970 441 1194 502 similitudinem
1209 445 1335 502 mandat
1345 445 1477 503 Christus
1489 462 1542 503 rex
1554 449 1664 516 noster,
1676 448 1709 506 ut

79 524 216 589 semrom,
239 538 307 595 quse
326 529 518 596 comparatur
542 529 648 585 statere
672 541 742 596 uno,
765 526 823 584 boe
877 531 1014 591 doctores
1028 534 1317 608 accipiantJomnem
1331 535 1502 608 pecuniam,
1519 552 1588 609 quae
1601 552 1619 593 a
1633 552 1708 610 pra·

80 609 105 671 le
118 608 275 677 catholica,
297 610 328 667 in
341 616 428 684 porta
445 614 596 684 Samaria,
614 614 644 671 id
659 619 704 672 est
717 615 824 690 praedi·
879 623 1061 681 tereuntibus
1086 625 1183 697 justis,
1207 624 1335 682 scientia
1360 625 1529 698 spiritualis,
1555 625 1707 684 bonorum

80 724 106 765 te
120 708 285 781 apostolica
299 724 352 782 per
365 726 459 784 quam
474 712 599 770 intratur
609 713 639 769 in
651 713 821 772 Ecclesiam.
878 712 1093 787 exemplorum,
1109 715 1140 770 ln
1155 715 1330 770 tlresatuum
1345 713 1462 770 Domini
1477 713 1637 784 conlectus,
1653 731 1708 789 per

80 802 129 855 nte
156 798 273 856 turbine
311 802 535 873 persecutionis,
572 819 640 876 quoe
668 804 702 860 lit
734 805 823 861 hodie
876 801 1108 874 predicatorum
1136 801 1235 859 officia
1262 802 1302 858 ad
1331 801 1578 859 instaurationem
1604 803 1708 877 templi

96 888 239 945 Dominus
260 904 335 957 cras,
360 890 450 947 idest
470 894 602 965 tempore
628 893 822 966 tranquillita-
878 889 1038 962 spiritualis
1061 889 1248 946 conseratur:
1265 893 1414 963 quatenus
1439 889 1611 963 ubicunque
1632 891 1707 963 quid

80 976 289 1049 ntpraedicalio
300 977 428 1051 perlecta
438 979 608 1053 impleatur.
621 982 753 1045 Qualuor
768 982 823 1038 viri
877 974 1004 1033 scissum
1020 992 1074 1050 PU
1086 992 1227 1046 errorem,
1242 977 1289 1034 l'el
1303 994 1357 1050 Dei
1368 976 1440 1033 Villa
1453 976 1631 1046 invenerim,
1646 993 1707 1033 ies-

87 1065 197 1139 leprosi
218 1067 303 1138 juxta
317 1067 469 1125 introitum
493 1074 597 1143 portae,
613 1069 665 1143 qui
684 1070 823 1129 dixerunt
876 1067 1003 1133 laurent,
1028 1080 1066 1121 nc
1080 1064 1155 1121 f0llss
1178 1080 1232 1138 Ρθΐ
1252 1064 1467 1137 ssesslissessfiaffl
1494 1065 1706 1137 massifltfflfflm

80 1154 187 1212 tieem:
217 1156 318 1212 Vern'te
338 1158 579 1230 transsupiamus
600 1159 641 1215 ad
654 1165 755 1217 eastra
769 1160 823 1231 Sp·
876 1150 1017 1225 depereat
1026 1153 1186 1210 mullitudo
1196 1154 1378 1212 auditorum.

80 1245 198 1301 l'eeerat
207 1250 306 1301 autem
317 1246 462 1302 Dominus
477 1248 507 1302 in
521 1254 622 1305 castra
635 1248 733 1318 Seria
745 1249 822 1306 soni·
877 1245 943 1298 cn.
961 1243 1070 1299 xxtllll.
1086 1275 1121 1285 -
1135 1245 1178 1300 De
1192 1244 1301 1315 senta,
1317 1245 1508 1314 repentine,
1525 1248 1553 1301 et
1566 1246 1704 1318 pecunia,

80 1337 105 1389 et
127 1332 273 1403 superant
288 1333 370 1404 Syri.
395 1335 526 1407 Cumque
548 1337 695 1393 venissent
712 1338 823 1406 leprosi
1195 1339 1224 1390 et
1238 1334 1395 1403 operariis.

80 1421 223 1492 ineptum
240 1427 421 1496 castrorum,
435 1424 564 1495 inpressi
582 1431 652 1482 sunt
666 1441 760 1482 untem
776 1432 821 1483 ta·
910 1420 1016 1478 Scriba
1043 1423 1124 1493 lepis,
1141 1427 1169 1479 et
1188 1422 1331 1492 pontiser
1344 1421 1548 1494 effundebant,
1564 1429 1591 1479 et
1605 1437 1706 1479 nume·

81 1510 194 1583 cuturn,
206 1515 234 1567 et
248 1511 449 1580 comederent,
460 1518 487 1569 et
503 1514 821 1571 adnuntiaturus
875 1508 986 1567 rabant
995 1513 1166 1580 pecuniam,
1182 1527 1248 1582 qua
1270 1510 1478 1568 inveniebatur
1491 1512 1523 1567 in
1544 1511 1630 1567 danto
1647 1513 1706 1568 De·

82 1614 181 1666 urum,
202 1605 371 1672 arpentum,
395 1606 422 1659 et
447 1608 538 1659 uestes
560 1604 761 1675 arueruntque
780 1603 821 1660 ad
840 1600 959 1673 nmini,
975 1605 1002 1656 et
1015 1599 1128 1657 dabant
1143 1615 1208 1657 eam
1227 1602 1321 1671 juata
1333 1616 1500 1670 numerum,
1517 1606 1607 1672 atque
1626 1616 1706 1659 men-

80 1701 133 1758 rn,·
144 1688 217 1745 Hae
230 1689 293 1745 dies
309 1689 378 1745 torri
398 1692 609 1748 narniensi
627 1694 818 1764 tacuerimus,
874 1703 978 1745 surum
991 1690 1023 1745 in
1034 1704 1142 1746 mantes
1157 1704 1260 1746 eorum
1270 1692 1324 1762 qui
1331 1695 1486 1760 prunam
1509 1693 1705 1748 cementariis

80 1776 214 1833 {remmus
228 1779 412 1833 annuntiare
428 1793 626 1850 usquemane,
638 1782 757 1838 sceleris
772 1795 821 1837 or·
874 1778 906 1834 in
921 1777 1006 1834 domo
1021 1779 1143 1835 Domini
1161 1778 1221 1850 (IV
1232 1779 1304 1849 liep.
1319 1782 1382 1847 nn),
1408 1778 1511 1836 Scriba
1526 1782 1554 1837 et
1572 1779 1706 1852 pontifex

80 1879 124 1922 ur.
148 1865 269 1937 leprosi
285 1869 355 1922 sunt
389 1866 441 1939 qui
463 1866 554 1923 variis
566 1867 643 1924 vitiis
667 1868 758 1925 dediti
773 1868 820 1926 vel
875 1866 1043 1937 significant
1071 1866 1222 1940 apostolos
1245 1871 1274 1923 et
1300 1883 1436 1924 summos
1461 1867 1609 1939 doctores,
1627 1886 1705 1943 quos

80 1952 137 2010 bns
161 1952 313 2026 implicati,
342 1953 506 2012 loeditalem
535 1972 572 2012 ex
599 1956 716 2014 interna
736 1962 820 2031 peste
874 1956 1023 2030 principes
1037 1957 1068 2013 in
1081 1956 1211 2014 Ecclesia
1225 1956 1329 2013 electio
1349 1956 1452 2014 divina
1466 1957 1636 2015 constituit:
1652 1960 1705 2032 (χιιι

81 2046 146 2100 ntes
168 2043 330 2100 ostendunt
350 2043 472 2102 incute.
499 2047 557 2102 llos
572 2047 717 2103 Dominus
739 2063 819 2122 sape
873 2063 927 2121 per
950 2046 1113 2120 discipulos
1128 2063 1198 2104 suos
1221 2045 1305 2103 verbi
1320 2045 1436 2102 semina
1460 2049 1634 2118 sparserunt
1651 2059 1706 2118 per

80 2135 163 2189 triens
178 2132 217 2189 ad
240 2131 342 2202 fidem,
360 2138 388 2192 et
411 2134 616 2193 emundansa
637 2135 724 2205 vitiis,
740 2153 818 2194 verse
874 2141 970 2195 totum
988 2136 1103 2206 orbem,
1128 2140 1277 2210 quatenus
1300 2135 1453 2210 operarios
1472 2132 1632 2192 voluntatis
1653 2133 1704 2191 Dei

80 2221 221 2279 snunUos
233 2220 330 2279 efficit.
348 2223 428 2279 Unde
441 2223 593 2281 llatthaeus
604 2241 641 2281 ex
655 2225 818 2298 publicano
873 2225 998 2284 idoneos
1011 2226 1042 2283 in
1066 2225 1252 2282 auditoribus
1277 2223 1340 2280 suis
1361 2223 1549 2298 proficerent,
1573 2239 1704 2297 quorum

80 2309 140 2368 slus
149 2310 306 2368 lactusest.
321 2312 468 2386 Apparuit
480 2312 624 2371 Dominus
639 2319 708 2388 post
722 2331 818 2372 resur·
873 2315 923 2372 alii
937 2314 1125 2373 fabricabant
1139 2314 1230 2386 ligna,
1254 2330 1324 2371 cum
1341 2313 1518 2387 semetipsos
1535 2316 1564 2369 et
1577 2328 1638 2381 eos,
1650 2313 1704 2386 qui

80 2415 148 2456 nem
161 2400 256 2458 Uaria
278 2401 471 2475 llagdalenae,
487 2401 525 2459 de
540 2419 602 2477 qua
614 2404 740 2476 ejecerat
752 2421 818 2478 sep·
873 2404 929 2461 sibi
952 2404 1105 2472 obediant,
1130 2403 1212 2475 ligna
1233 2401 1393 2470 frucfiiera,
1417 2401 1448 2458 in
1470 2401 1563 2458 domo
1584 2400 1703 2458 Domini

80 2488 220 2547 aemonia.
244 2488 296 2547 llla
309 2490 424 2548 vadens
443 2490 591 2548 nuntiavit
609 2492 665 2561 his,
680 2491 817 2566 quicum
872 2509 978 2567 parare
994 2492 1163 2550 studebant.
1180 2491 1235 2549 alii
1257 2493 1414 2548 sartatecta
1426 2489 1529 2564 templi
1541 2488 1700 2559 iaciebant,

80 2582 169 2634 lerant
182 2577 362 2649 lugentibus.
378 2579 497 2652 leprosi
514 2580 545 2636 in
559 2586 657 2639 castra
673 2584 817 2655 Syrorum
871 2581 995 2655 quando
1009 2581 1068 2650 illa,
1084 2597 1152 2655 quae
1174 2596 1228 2654 per
1238 2579 1377 2637 heresim
1389 2583 1419 2636 et
1432 2578 1594 2636 schismata
1609 2578 1702 2637 scissa

80 2665 188 2735 isunt;
215 2683 324 2724 aurum
347 2672 376 2725 et
393 2673 552 2740 argentum
576 2674 815 2744 asportaverunt,
871 2675 963 2740 crant,
977 2669 1210 2728 reedificabant.
1226 2669 1280 2725 Alii
1295 2684 1368 2726 saxa
1395 2667 1631 2736 cedebant‚oum
1646 2668 1701 2724 du·

80 2753 202 2829 lespecti
227 2755 318 2828 hujus
339 2757 446 2814 mnndi
474 2758 672 2833 philosophia
691 2776 816 2834 operam
869 2776 920 2817 ros
934 2759 1023 2816 eorde
1038 2762 1066 2816 et
1080 2758 1248 2816 incredulos
1263 2757 1376 2814 lortitm
1389 2755 1596 2830 increpabant,
1613 2755 1653 2813 ila
1668 2759 1701 2813 ut

80 2861 102 2913 s,
111 2848 140 2901 ct
153 2859 257 2901 sensus
270 2845 468 2902 humilitatem
480 2851 508 2903 el
520 2848 665 2906 sermonis
680 2855 816 2907 venusta·
869 2849 1042 2924 impleretur
1052 2847 1226 2905 instauratio
1240 2847 1350 2904 (lomus
1366 2845 1483 2904 Domini
1497 2845 1527 2903 in
1542 2844 1698 2914 universis,

80 2933 237 3007 nquintnt.
268 2935 350 2991 Unde
379 2935 514 2993 Ecclesiae
530 2937 633 2994 usibus
660 2938 736 2995 bene
756 2939 815 2996 ins·
834 2937 922 3032 Cqui
935 2937 1111 3009 indigebant
1133 2953 1276 3010 expensa,
1292 2936 1332 2993 ad
1356 2935 1483 2993 domtrm
1497 2933 1616 2991 Domini
1633 2932 1709 2991 mus

87 3020 236 3079 deservire
265 3029 400 3097 possunt.
426 3024 481 3089 Qui
506 3024 583 3082 bene
604 3031 736 3100 quatuor
749 3044 814 3085 esse
868 3027 1022 3097 niendam,
1033 3028 1120 3100 juxta
1133 3027 1223 3084 illud:
1243 3026 1405 3100 Unicuique
1419 3033 1555 3084 nostrum
1576 3025 1646 3083 datu
1659 3030 1700 3084 eit

80 3117 265 3182 remorantur,
282 3117 315 3170 ul
329 3117 459 3186 quatuor
473 3115 703 3186 Evangeliorum
718 3117 815 3174 erudi·
868 3113 968 3185 aratio
999 3113 1153 3170 secundum
1185 3126 1353 3170 mensuram
1387 3110 1554 3169 donationis
1590 3109 1700 3169 Christi

80 3198 188 3269 mbuti‚
203 3200 235 3257 in
248 3207 378 3276 quatuor
391 3203 498 3261 mundi
513 3204 649 3277 partibus
659 3204 730 3263 fidei
740 3205 815 3262 veri·
868 3202 983 3276 (pres.
1005 3202 1052 3274 ιι).

87 3289 260 3367 praedicent.
1038 3293 1105 3347 Car.
1121 3290 1228 3346 llxle.
1242 3291 1281 3346 De
1294 3288 1399 3362 capitia
1413 3287 1527 3346 salutis.

234 3384 301 3439 cn.
317 3385 402 3439 xliiii.
418 3385 462 3440 De
475 3382 563 3441 tetre.
903 3381 989 3439 Dicit
1001 3380 1107 3438 illinus
1129 3380 1169 3437 ud
1182 3393 1274 3451 repen
1294 3378 1403 3436 lsrael:
1428 3378 1525 3452 Aperi
1543 3377 1698 3446 fenestram

80 3471 191 3541 itpuer·
210 3470 306 3528 Elisei
317 3472 358 3529 aet
377 3471 473 3530 ieter:
494 3474 618 3532 Vanum
636 3475 712 3531 milti
723 3477 764 3533 ad
776 3482 813 3549 te,
869 3469 1048 3528 orientalem.
1088 3473 1211 3540 cumque
1243 3468 1412 3540 aperuisset,
1447 3467 1522 3526 diuit
1558 3466 1696 3524 Eiiseusr

80 3574 160 3631 ceps.
186 3561 329 3634 licuitque
337 3562 415 3619 teitu
425 3578 436 3619 .·
459 3562 509 3620 Aet
522 3579 607 3636 quern
622 3580 660 3622 cu
680 3567 815 3623 omnibus
867 3562 932 3619 iaec
953 3560 1098 3631 supittam.
1121 3560 1158 3616 tlt
1167 3558 1237 3630 jecit
1249 3557 1298 3629 (ill
1325 3559 1390 3629 Det.
1410 3557 1481 3629 ιιιιι).
1504 3554 1550 3614 Sic
1565 3554 1698 3613 Christus

80 3649 139 3705 'At
153 3651 205 3707 itte
219 3651 318 3707 dicit:
331 3652 381 3707 Aet
395 3658 422 3708 le
436 3654 658 3725 aprinceps.Et
667 3658 813 3729 struente,
867 3649 981 3706 lumine
996 3647 1124 3705 scientiae
1144 3663 1214 3703 suos
1231 3647 1368 3703 hortatur
1390 3645 1523 3721 primum
1544 3644 1695 3715 illustrari,

80 3753 189 3807 tressus
218 3745 260 3796 est
274 3740 454 3798 restitutum.
482 3742 523 3798 At
539 3744 592 3801 itte
615 3744 697 3815 fudit
716 3747 813 3802 oleran
868 3744 897 3797 et
911 3739 952 3796 sie
964 3739 1065 3812 J'aeulu
1087 3736 1307 3812 praedicationis
1326 3736 1450 3794 mittere.
1465 3739 1499 3794 Et
1513 3736 1554 3793 ait
1563 3735 1694 3793 llliscus:

93 3834 185 3899 eaput
212 3831 286 3900 ejtts,
318 3836 345 3886 et
373 3832 439 3887 ait:
464 3832 538 3889 Ηιιι·
566 3833 639 3889 dicit
669 3835 813 3891 Dominus
866 3829 1094 3903 Sapittcsaiutis
1108 3827 1220 3884 Domini
1238 3830 1336 3883 cantra
1350 3831 1465 3900 syram:
1495 3825 1697 3900 percutiesque

87 3916 206 3974 lsrael:
226 3918 307 3974 Unai
318 3924 345 3974 te
364 3934 463 3991 renem
477 3936 568 3991 super
587 3923 735 3993 populum
758 3924 816 3980 Dei
866 3919 989 3991 Suriam
1017 3920 1048 3974 in
1086 3918 1193 3989 Aptae.
1224 3915 1395 3973 Secundum
1423 3916 1481 3972 hoc
1512 3912 1694 3988 exemplum,

80 4012 138 4079 ‚et
160 4009 308 4077 percuties
336 4008 455 4066 dorntnn
482 4009 587 4067 Actab
618 4012 734 4068 dornini
757 4015 812 4085 tui,
867 4007 1038 4082 praedicatio
1054 4011 1157 4063 sancta
1177 4009 1221 4063 est
1234 4004 1432 4079 spiritualium
1453 4005 1585 4063 hostium
1599 4004 1697 4062 certis-

80 4093 170 4150 secer
189 4097 366 4167 sanquinem
380 4097 601 4167 prophetarum
620 4114 763 4173 meorum,
786 4106 814 4157 et
867 4099 943 4155 sima
970 4095 1143 4164 interiectio,
1173 4095 1197 4151 si
1220 4099 1445 4168 perseveranter
1475 4094 1583 4166 agitur.
1614 4094 1696 4152 Unde

81 4185 158 4242 inern
187 4188 319 4243 omniurn
346 4202 499 4244 seruorum
524 4190 646 4246 Domini
663 4191 700 4247 de
720 4207 813 4248 rrsarru
867 4203 928 4243 non
956 4185 1045 4242 debet
1067 4187 1163 4239 rector
1183 4181 1232 4238 vel
1258 4181 1372 4251 d0ct0r,
1396 4187 1519 4256 propter
1540 4183 1696 4241 ovantium

80 4275 100 4331 tt
107 4274 137 4344 (Ι
139 4276 166 4332 V
176 4276 246 4347 lien.
262 4276 309 4349 ιι).
327 4276 401 4333 Jehu
424 4277 562 4349 designat
584 4279 717 4348 gentium
735 4279 814 4352 prin·
867 4273 1016 4346 negligere
1038 4288 1142 4329 curam
1153 4270 1333 4341 animarum,
1347 4270 1400 4326 scd
1413 4271 1511 4341 magis
1524 4286 1578 4344 per
1591 4270 1694 4339 fidem,

80 4379 126 4420 m.
142 4366 237 4430 Quem
250 4364 391 4422 dominus
404 4366 572 4436 destinavit,
591 4371 624 4425 ut
638 4368 814 4440 sacrilegam
867 4380 921 4438 per
946 4363 1097 4437 pietatem,
1125 4361 1163 4417 ad
1191 4364 1334 4417 aeternam
1358 4358 1493 4433 requiem
1519 4357 1695 4431 perducere,

80 4467 131 4510 em
145 4453 223 4527 (quse
243 4454 461 4529 prophetasset
482 4456 643 4513 Dominum
656 4458 815 4532 propheta-
867 4454 950 4527 quod
974 4452 1122 4524 significat
1142 4450 1253 4523 ephee.
1269 4450 1479 4521 lnterpretetur
1498 4446 1578 4504 enim
1601 4446 1694 4502 conti-

85 4541 202 4611 occidit,
233 4547 262 4600 et
295 4544 447 4616 apostolos
475 4545 539 4617 ejus
576 4532 732 4619 persecuta
760 4546 813 4619 est)
867 4544 941 4601 rrelrit
954 4542 1002 4598 vel
1016 4541 1220 4614 apprehendet.
1249 4537 1332 4594 Unde
1346 4535 1516 4612 Apostolus,
1531 4549 1694 4592 enumera·

80 4631 187 4704 ejusta
201 4632 368 4706 perimeret,
382 4635 622 4692 etsacerdotium
637 4636 732 4710 (quod
746 4641 815 4709 post
868 4631 903 4688 tis
924 4629 1001 4687 viliis
1025 4645 1093 4703 quse
1120 4626 1277 4684 avaritiam
1310 4624 1499 4694 comitantur,
1529 4622 1693 4694 subintulit,

81 4734 132 4777 um
168 4720 296 4779 inaniter
338 4723 494 4795 habuerat)
522 4725 694 4794 destrueret,
742 4729 813 4783 tem.
867 4719 987 4776 dicens:
1015 4723 1058 4775 Tu
1078 4721 1173 4773 autem
1187 4715 1279 4782 tamo,
1302 4715 1367 4782 Dei,
1393 4714 1454 4772 nac
1472 4714 1564 4787 supe:
1590 4717 1697 4773 sectare

80 4826 129 4884 tue
144 4811 337 4882 subverteret,
354 4818 382 4870 et
395 4814 520 4888 impiam
538 4819 813 4890 synagogamque
867 4825 935 4867 uero
946 4806 1093 4881 justitiam
1102 4805 1252 4880 pictatem,
1268 4805 1362 4875 Mem,
1378 4803 1561 4874 claritatem,
1574 4805 1694 4876 patien-

80 4898 162 4957 inem
185 4906 358 4960 sanctorum
382 4919 501 4977 semper
522 4904 648 4974 sitiebat,
678 4905 715 4963 de
730 4906 813 4978 regni
866 4897 945 4964 tt'aut,
958 4897 1223 4964 mansueludinem
1239 4900 1313 4953 certa
1329 4895 1438 4952 bonnm
1462 4904 1601 4953 certamen
1617 4893 1695 4967 βᾶθί,

80 5004 115 5046 ee
148 4991 355 5066 precipitaret
382 4998 410 5050 et
438 4997 566 5051 rectores
595 4993 673 5052 illius
704 4995 814 5053 interfi-
868 4987 1056 5062 apprehtude
1075 4987 1167 5044 vitum
1182 4990 1324 5044 aternam
1344 4985 1373 5054 (Ῑ
1387 4986 1454 5042 Tim·
1469 4983 1520 5056 n).
1539 4983 1694 5043 Milli·

867 5093 949 5136 sens:
972 5080 1089 5134 Parente
1105 5077 1201 5148 jurato
1216 5081 1335 5136 utram.
1369 5077 1485 5134 Etcum
1509 5073 1697 5147 percussisset

80 5171 171 5228 Dlllll.
189 5171 339 5239 Quomodo
359 5173 430 5231 toas
444 5173 627 5231 instauravit
639 5179 813 5233 sartatecta,
868 5168 960 5226 tritus
972 5167 1090 5235 eiricus,
1104 5171 1131 5222 et
1143 5166 1269 5234 stetisset,
1288 5165 1400 5223 irrasus
1412 5170 1455 5222 est
1469 5167 1640 5220 cortracum
1650 5161 1697 5218 sir

80 5260 191 5318 itJoas
202 5262 423 5320 sacerdotibus:
438 5263 558 5320 Omnem
565 5265 737 5334 pecuniam,
750 5281 816 5336 prta
869 5262 929 5328 Der,
944 5263 971 5316 et
993 5257 1051 5315 ait:
1077 5257 1110 5315 si
1126 5256 1314 5330 percussisses
1338 5253 1505 5327 quinquies.
1524 5253 1579 5308 aut
1595 5250 1696 5322 stein,

85 5347 182 5420 suerit
197 5351 228 5407 in
239 5353 381 5422 tempium
392 5353 515 5408 Domini
520 5369 538 5409 a
552 5354 813 5423 pretereuntibus,
869 5357 920 5405 aut
931 5349 1044 5421 septies,
1064 5346 1252 5420 percussisses
1267 5343 1387 5415 sartam
1401 5357 1492 5415 usque
1504 5340 1546 5398 ad
1564 5354 1694 5398 eonsum-

80 5436 192 5508 tsertur
208 5441 374 5510 propertio
395 5443 502 5497 anime
517 5447 544 5498 et
563 5456 653 5513 quam
667 5449 772 5512 sponte
787 5449 815 5500 et
868 5442 1033 5496 rectionem.
1055 5435 1226 5494 Secundum
1240 5435 1298 5490 hoc
1311 5433 1423 5490 lactum
1436 5431 1610 5490 doctoribus
1622 5448 1697 5506 prte-

80 5526 112 5583 s'o
133 5527 232 5584 cardis
258 5530 306 5586 sui
318 5529 457 5599 inserunt
472 5530 501 5585 in
517 5531 660 5600 temptum
683 5530 814 5600 Domini,
870 5527 976 5601 cipitur
987 5524 1088 5598 jaculo
1106 5520 1326 5597 praedicationis
1349 5525 1468 5590 terrem,
1490 5519 1522 5578 id
1535 5525 1580 5578 est
1593 5536 1697 5579 carna·

80 5614 137 5675 unt
151 5617 239 5677 ittam
249 5618 518 5690 saceraotesjurta
528 5618 663 5676 ontinem
674 5634 772 5688 suum,
787 5622 815 5676 et
869 5616 923 5687 les,
937 5618 1101 5691 percutere,
1119 5613 1176 5672 Sed
1189 5615 1243 5687 qui
1255 5614 1313 5671 hoc
1331 5612 1431 5670 minus
1446 5612 1577 5672 studiose
1591 5615 1695 5686 agunt,
