3832 6044
65 81 115 154 ξας
707 101 880 158 ΑΒΝΟΤΑΤ.
902 103 935 158 ΙΝ
955 104 1125 162 rubertus.
1717 127 1771 182 266

60 237 139 294 gere,
157 237 196 278 ne
211 220 527 279 animosmcerentium
537 222 690 296 improvisi
700 223 891 297 dolorispon-
908 233 931 284 Α
982 229 1098 285 Polluit
1113 245 1238 302 regnum
1247 237 1275 289 et
1279 235 1433 306 prioapes
1441 240 1514 308 ejus.
1527 241 1587 298 Hoc
1598 245 1642 299 est
1650 243 1772 316 virginis

60 311 115 368 dus
131 311 294 385 opprimat.
312 311 413 385 sieque
424 311 771 384 paulatimaminoribus
782 313 818 369 ad
828 330 892 370 ma·
944 316 1030 374 tuda.
1044 318 1158 387 Polluit,
1172 321 1251 391 dicit,
1267 329 1389 398 propter
1402 331 1504 397 gentes
1527 329 1603 387 inter
1628 348 1704 406 quas
1730 335 1774 391 di·

61 402 121 468 iora
137 401 346 458 enumerando
370 402 575 474 progrediens,
599 401 709 459 sensim
724 403 764 458 ad
778 402 891 460 luctum
945 407 1037 478 spersi
1052 414 1136 466 sunt:
1153 426 1190 466 cx
1204 427 1334 485 quarum
1345 418 1492 474 consertio
1507 421 1535 476 et
1548 420 1606 477 ritu
1625 421 1775 494 profanati

60 491 155 547 exciat
169 491 288 548 animos
299 490 479 547 arrrtitoram.
496 492 628 548 Primum
644 509 715 564 ergo
739 492 820 563 luget
843 493 893 550 de-
946 502 1024 566 suut,
1038 499 1180 572 quiprius
1193 501 1224 557 in
1236 502 1286 558 Dei
1296 507 1478 576 protectione
1489 510 1585 565 securi
1596 512 1772 581 regnabant.

60 581 286 655 populationem
324 580 474 651 regionis3
511 581 618 638 deinde
660 583 891 639 destructionem
944 590 973 642 et
987 586 1016 641 in
1039 588 1208 662 principum
1226 608 1349 649 suorum
1371 593 1541 653 fortitudine
1570 599 1771 660 confidebant.

60 670 255 728 edificiorum
271 671 488 739 communium,
504 671 611 728 deinde
636 672 821 730 eversionem
846 689 892 728 sa·
944 677 1027 731 Nunc
1042 682 1142 733 auum
1156 694 1283 749 regnum
1299 684 1393 738 totum
1414 699 1484 740 cum
1507 686 1693 760 principibus
1711 690 1774 746 suis

60 778 179 819 ererum
205 761 326 830 redium,
362 761 468 817 deinde
497 763 779 820 contaminationem
808 779 892 820 sanc·
944 764 1095 836 polluitur,
1116 767 1187 840 quia
1208 769 1349 841 populus,
1372 788 1442 828 curn
1465 777 1681 847 protectoribus
1700 779 1771 850 suis,

14 866 19 927 g
60 857 168 920 torum,
185 851 293 909 deinde
308 867 326 907 a
341 849 429 907 rebus
443 850 613 908 inanimatis
637 853 825 926 progreditur
853 853 891 909 ad
944 852 1083 922 gentibus
1097 855 1285 928 subjugatur.

14 930 20 943 ’
61 940 213 997 miseriam
227 939 396 1007 hominum,
422 940 620 1010 dejectionem
643 941 752 998 scilicet
779 946 807 997 et
830 942 892 997 ino·
982 943 1137 1015 Corifregit
1167 947 1197 1001 in
1223 949 1270 1003 tro
1294 949 1411 1018 suroris
1438 954 1590 1011 scientae
1618 971 1722 1029 cotue,
1744 964 1772 1015 et

60 1030 141 1103 piam
153 1029 383 1103 deplorandam,
400 1032 428 1086 et
443 1030 483 1086 sic
499 1031 620 1087 tandem
634 1031 892 1104 finitconquestio-
943 1032 1034 1086 strnut
1073 1035 1182 1089 evertit
1215 1040 1380 1093 retrorsum
1416 1039 1570 1098 dexteram
1596 1058 1692 1101 suom.
1721 1046 1775 1101 Per

13 1130 16 1135 ’
60 1136 128 1176 nem
144 1136 242 1177 suam.
944 1136 1048 1189 cornu,
1065 1121 1207 1179 fortitudo
1234 1125 1330 1198 princi
1353 1143 1406 1183 um
1433 1129 1499 1184 c'us
1530 1130 1554 1186 si
1597 1136 1680 1202 atur3
1742 1149 1774 1191 er

13 1148 19 1245 ξ
93 1210 209 1281 (Tunes.
227 1214 271 1273 lt.)
285 1210 435 1278 (irroranda
456 1210 566 1266 obterit
591 1212 720 1282 ealigine
742 1213 772 1267 ia
786 1213 893 1281 farore
944 1210 1098 1268 dexteram
1106 1228 1177 1269 vero
1185 1141 1392 1287 Dei,prote}cdo
1403 1146 1773 1294 diinnainte‘llligiturQrplid

60 1316 112 1356 suc
121 1301 269 1356 Derrima
283 1301 379 1368 titium
395 1299 475 1357 Sion.
489 1299 690 1358 lamentabile
711 1300 892 1373 principium
945 1303 989 1355 est
1016 1316 1086 1371 ergo
1113 1302 1196 1373 quod
1214 1303 1251 1359 de
1279 1306 1339 1361 Deo
1367 1305 1484 1376 dicitur,
1510 1309 1656 1381 confregit
1684 1327 1773 1369 omne

58 1388 308 1448 abadmiratione
322 1389 451 1458 inchoat,
469 1388 551 1462 quod
564 1394 625 1445 tam
640 1389 738 1446 subito
761 1389 893 1461 dejectus
946 1405 1041 1445 cornu
1066 1391 1162 1459 israel,
1191 1392 1294 1450 avertit
1322 1399 1484 1452 retrorsum
1516 1398 1679 1469 dexteram,
1716 1400 1774 1457 nisi

56 1484 101 1537 est
114 1479 247 1554 populus
262 1478 372 1552 illequi
387 1478 470 1552 prius
485 1495 580 1552 usque
596 1479 635 1535 ad
650 1480 761 1535 emtum
781 1479 891 1536 exrilta-
946 1478 1030 1550 quod
1069 1477 1099 1534 in
1140 1481 1253 1552 populo
1300 1483 1538 1554 praevaricatore,
1576 1492 1604 1543 et
1651 1504 1774 1546 omnem

55 1573 106 1626 tus
120 1568 287 1626 videbatur.
304 1568 405 1639 Caligo
427 1568 572 1625 tristitiam
595 1568 794 1626 tribulationis
814 1568 891 1624 desi-
910 1566 1112 1643 phumanam
1154 1568 1356 1628 fortitudinem
1394 1574 1579 1644 comminuit,
1622 1581 1651 1634 et
1687 1594 1774 1635 suam

58 1664 144 1731 gnat.
156 1657 267 1725 Filiam,
283 1657 387 1730 inquit,
406 1657 485 1725 Sion,
501 1657 599 1731 ipsam
616 1657 696 1726 Sion,
706 1658 736 1714 id
760 1663 803 1714 est
825 1673 894 1728 gen·
946 1656 1068 1712 tandem
1091 1658 1306 1728 protectionem
1334 1658 1464 1731 abstulit,
1489 1667 1522 1720 ut
1540 1665 1664 1722 omnino
1689 1666 1775 1724 deso·

59 1752 125 1805 tem
138 1747 316 1814 ludaeorum,
328 1761 421 1819 quam
430 1751 554 1819 paterno
568 1745 674 1802 aflectu
683 1746 893 1803 dilexitetcus-
947 1744 999 1801 lati
1026 1746 1222 1803 ostendantur
1251 1748 1362 1821 quibus
1400 1756 1469 1823 post
1501 1752 1636 1812 humana
1675 1755 1776 1828 praesi-

60 1836 185 1904 todivit3
200 1836 246 1892 rel
260 1836 352 1909 ipsius
368 1836 437 1893 Sion
450 1835 553 1905 tiliam,
570 1835 656 1892 idest
670 1836 823 1908 regionem
846 1839 894 1892 tu·
947 1833 997 1890 dia
1023 1834 1113 1890 etiam
1137 1834 1272 1892 divinum
1295 1836 1478 1908 adjutorium
1502 1841 1621 1899 tollitur.
1652 1844 1774 1914 Avertit,

58 1927 173 1983 dream.
186 1929 243 1983 llos
255 1925 335 1981 enim
351 1924 570 1998 scripturarum
581 1924 895 1997 habetutmetropoli-
947 1921 1053 1995 inquit,
1070 1923 1224 1980 dexteram
1239 1941 1336 1982 suam.
1353 1928 1509 1984 Dexteram
1531 1930 1645 1999 avertit,
1667 1946 1706 1988 ne
1720 1947 1776 2006 pro

10 2066 12 2073 .
58 2020 141 2071 tanae
154 2014 282 2070 civitates
295 2018 406 2070 matres
417 2014 614 2087 appellentur,
627 2018 656 2071 et
679 2013 893 2085 circumjacen-
948 2015 1058 2083 tegeret
1070 2031 1077 2080 ;
1089 2016 1118 2069 et
1131 2011 1282 2070 sinistram
1296 2014 1437 2085 extendit,
1457 2019 1492 2074 ut
1504 2017 1612 2075 feriret.
1629 2019 1713 2075 Unde
1732 2035 1776 2076 se-

57 2109 105 2163 tes
119 2105 267 2175 regiones,
280 2104 393 2179 oppida
408 2121 539 2178 auoque,
555 2109 585 2161 et
596 2103 717 2161 castella
731 2109 759 2161 et
777 2103 845 2172 vici,
861 2102 895 2158 ti-
948 2100 1066 2175 quitur:

57 2195 118 2252 lire.
137 2194 330 2268 incipitergo,
348 2194 422 2250 sieut
437 2201 529 2267 supra
543 2194 658 2250 dictum
672 2199 726 2262 est,
738 2212 756 2249 0
778 2192 895 2263 longia·
982 2191 1022 2246 Et
1037 2192 1190 2247 succendit
1204 2193 1335 2250 inducet>
1349 2196 1438 2267 quasi
1450 2197 1547 2267 ignem
1556 2197 1777 2267 commedere

58 2301 123 2358 quo
132 2283 273 2357 plangere
281 2283 389 2357 ipsam,
400 2282 508 2340 scilicet
515 2283 678 2354 regionem,
687 2287 720 2339 ut
728 2282 895 2339 tandernad
947 2281 1044 2336 rantis
1059 2281 1091 2335 in
1105 2294 1191 2350 gyro.
1209 2281 1288 2338 Sicut
1301 2282 1390 2340 etiam
1404 2283 1492 2355 ignis,
1504 2302 1649 2344 accensus
1662 2286 1720 2344 late
1729 2302 1778 2344 va·

57 2373 163 2447 ipsum
173 2377 263 2445 caput
277 2372 406 2443 regionis
423 2372 585 2429 Jerusalem
609 2371 770 2445 perveniat.
793 2370 895 2444 Sequi·
948 2371 1072 2438 gaturet
1091 2369 1241 2426 consumit
1265 2370 1376 2443 omnia,
1403 2371 1445 2428 sic
1468 2373 1569 2430 hostes
1593 2374 1776 2444 iudaeorum,

58 2468 111 2520 tur
126 2481 132 2521 :
938 2463 1111 2531 ¹postquam
1122 2457 1207 2515 ineis
1222 2459 1320 2516 omnis
1336 2460 1476 2519 tortitudo
1490 2463 1648 2533 defecerat,
1659 2468 1688 2521 et
1706 2463 1778 2521 diri·

97 2553 137 2608 Et
148 2567 207 2608 non
222 2557 264 2607 est
279 2551 584 2608 recordatusscctetti
595 2550 705 2620 pedum
717 2565 850 2606 suorum.
863 2547 895 2603 ld
947 2566 1022 2605 num
1040 2547 1185 2606 auxilium
1207 2548 1392 2608 subtractum
1411 2557 1483 2622 erut,
1510 2552 1594 2611 nullo
1620 2553 1677 2611 sibi
1700 2553 1778 2611 obsi-

59 2644 106 2698 est
120 2640 235 2715 populi,
260 2640 313 2713 qui
338 2639 467 2697 servituti
489 2640 553 2712 ejus
577 2639 727 2696 humiliter
743 2638 895 2710 subjectus
949 2638 1047 2707 dente,
1062 2638 1204 2695 universa
1216 2640 1383 2698 vastabant.

59 2732 136 2786 erat.
985 2729 1779 2802 Tetcadttcrcumsuumquasiinimieuslnarcucom-

97 2819 309 2888 Proecipitcvit
323 2818 477 2890 Dominus,
493 2834 546 2874 nec
560 2819 702 2889 pepercit.
724 2816 774 2873 Hic
793 2815 895 2872 distin-
948 2817 1071 2874 minatio
1086 2816 1265 2889 intelligitur.
1280 2821 1392 2876 Arcum
1406 2836 1478 2892 ergo
1497 2822 1618 2879 tendere
1635 2809 1778 2881 est‘com-

59 2925 132 2980 gne,
914 2905 1144 3001 Cminationem
1156 2905 1526 2980 amplificarevelditlere;
1543 2910 1780 2986 quiantempost

99 2998 208 3054 Omnia
220 2999 350 3067 specioso
357 2998 450 3054 Jacob
461 2997 610 3055 destruxit
621 2998 652 3053 in
659 2997 767 3068 surore
778 2993 895 3052 suedie
950 2994 1214 3051 comminationem
1224 2996 1360 3069 percutit,
1369 2998 1457 3069 quasi
1466 2997 1604 3056 inimicus
1615 3015 1719 3058 arcum
1738 3004 1779 3058 te·

59 3087 173 3145 iterum
186 3085 345 3156 distingue.
362 3085 472 3142 Deinde
487 3086 637 3160 sequitur:
927 3084 1051 3141 tendit.
1068 3084 1150 3140 Unde
1163 3084 1314 3157 sequitur:

98 3176 281 3232 Mundiores
295 3177 421 3247 virginis
435 3175 517 3232 tudo
532 3176 639 3246 dejecit
652 3176 683 3231 tn
706 3180 828 3232 terram.
846 3172 896 3228 Hic
984 3173 1296 3230 Firrncvitdecteram
1305 3188 1391 3230 suam
1401 3174 1598 3245 questionis.
1613 3175 1779 3242 Quandoin

60 3280 187 3322 rursum
201 3263 359 3334 distingue.
376 3263 486 3321 Deinde
499 3262 650 3337 sequitur:
953 3261 1104 3335 Scriptura
1114 3260 1235 3318 dextera
1250 3260 1300 3318 Dei
1308 3259 1440 3334 ponitur,
1449 3261 1613 3336 aliquando
1622 3263 1777 3337 protectio,

100 3354 362 3425 Pottuttregaum,
373 3359 400 3411 et
404 3355 557 3424 principes
568 3355 642 3423 ejus.
655 3351 898 3424 Quodinproece
952 3350 1115 3424 aliquando
1140 3349 1238 3420 gravis
1260 3350 1414 3423 percussio
1443 3351 1625 3422 designatur,
1640 3368 1675 3410 eo
1695 3352 1779 3426 quod

62 3442 150 3501 denti
159 3442 293 3500 clausido
303 3443 478 3514 generaliter
490 3442 546 3500 suh
557 3441 679 3499 nomine
687 3446 770 3498 terrra
780 3440 898 3514 preemi-
952 3441 1075 3497 dextera
1093 3439 1222 3497 naturali
1242 3439 1394 3497 habilitate
1426 3441 1466 3497 ad
1490 3442 1718 3516 percutiendum
1743 3441 1781 3500 sit

65 3536 156 3601 serat,
171 3531 351 3606 hochicper
365 3537 464 3605 partes
475 3532 647 3606 exsequitur
665 3531 810 3604 speciosa,
834 3547 898 3586 mu·
951 3527 1217 3603 promptior-rrius
1224 3543 1296 3600 ergo
1304 3531 1381 3585 Deus
1388 3530 1542 3588 dexteram
1550 3531 1781 3606 avertitnepro·

64 3621 206 3690 ultiones,
218 3637 356 3693 regnum,
370 3620 519 3694 principes
531 3639 538 3690 ;
556 3628 585 3679 et
597 3620 666 3678 vide
680 3619 835 3693 quomodo
858 3618 900 3675 le·
952 3623 1079 3691 tegeret;
1090 3622 1195 3691 postea
1209 3618 1363 3676 dexteram
1372 3619 1512 3690 firmavit,
1525 3626 1558 3679 ut
1571 3621 1678 3679 feriret.
1694 3621 1781 3689 Quod

67 3715 206 3769 mentum
214 3711 335 3768 crescit:
349 3712 432 3785 prius
445 3710 552 3778 solum,
564 3710 633 3767 inde
641 3715 752 3767 terram
764 3708 900 3766 nomina-
953 3713 1054 3766 autem
1062 3707 1178 3776 dicitur,
1195 3706 1325 3764 firmavit
1334 3707 1498 3777 dexteram,
1514 3725 1637 3780 gravem
1645 3711 1781 3784 indigna·

67 3804 170 3868 rerat3
188 3799 240 3856 sed
254 3800 377 3858 neforte
390 3800 457 3874 ipsa
467 3805 543 3858 terra
558 3799 674 3868 sterilis,
688 3803 718 3855 ct
730 3799 842 3856 inculta
859 3801 900 3854 at·
952 3799 1063 3855 tionem
1076 3795 1267 3870 percutientis
1277 3797 1426 3870 exprimit.
1444 3798 1493 3854 Vel
1514 3813 1605 3872 super
1622 3815 1781 3872 percussos

70 3906 129 3964 que
142 3888 212 3946 ideo
218 3888 319 3945 minus
326 3888 498 3963 plangenda
508 3892 671 3961 putaretur,
684 3888 900 3960 subsequenter
953 3887 1107 3945 dexteram
1117 3887 1227 3956 firmat,
1238 3887 1311 3960 quia
1321 3887 1454 3961 plagam,
1472 3903 1566 3960 quam
1581 3886 1673 3945 semel
1688 3888 1782 3948 iratus

70 3979 107 4035 de
123 3978 191 4051 ejus
205 3977 358 4043 euidentia
368 3982 396 4034 et
415 3977 595 4034 sublimitate
607 3976 773 4033 lamentum
794 3974 901 4032 confir-
952 3977 1061 4046 intulit,
1073 3993 1179 4034 sanare
1188 3977 1318 4050 amplius
1331 3993 1393 4036 non
1401 3978 1534 4052 disponit
1546 3998 1553 4047 ;
1569 3979 1653 4055 quod
1663 3980 1782 4054 proprie

71 4072 142 4125 mat.
170 4067 374 4141 precipitavit,
405 4065 510 4140 inquit,
534 4066 602 4139 plus
639 4070 683 4122 est
716 4064 902 4139 precipitare
955 4069 995 4125 ad
1009 4066 1145 4123 ultimam
1156 4065 1357 4139 captivitatem
1366 4068 1500 4127 refertur.
1513 4070 1596 4127 Unde
1606 4069 1784 4128 convenien-

72 4174 166 4232 quam
175 4157 321 4230 projicere
334 4175 342 4226 3
354 4161 382 4213 et
391 4156 475 4230 quod
484 4160 529 4212 cst
541 4156 639 4212 adhuc
649 4155 777 4225 gravius,
788 4171 843 4211 nec
854 4170 904 4227 pe·
957 4163 999 4214 ter
1014 4154 1197 4227 adjungitur,
1208 4154 1295 4227 quasi
1307 4155 1410 4225 hostis,
1423 4156 1474 4229 qui
1496 4157 1606 4215 scilicet
1616 4158 1656 4215 ad
1665 4158 1785 4217 interni-

72 4247 176 4321 percit.
194 4249 254 4303 lioc
269 4245 412 4303 veraciter
425 4245 455 4302 in
468 4245 572 4302 ultima
586 4245 755 4318 captivitate
774 4243 904 4317 complc-
958 4247 1034 4303 ciem
1061 4243 1197 4317 percutit,
1225 4259 1287 4301 non
1309 4244 1348 4299 ad
1361 4245 1586 4302 correctionem.
1615 4250 1679 4304 Non
1693 4245 1784 4314 enim,

74 4339 136 4392 tum
145 4340 201 4402 est,
210 4335 281 4410 quia
289 4336 352 4406 jam
364 4335 492 4403 amplius
500 4333 662 4390 revocandi
671 4337 818 4400 nonsunt,
830 4304 941 4405 pree-⁰
958 4332 1149 4409 quasihostis
1159 4332 1313 4388 dexteram
1337 4331 1479 4401 firmaret,
1495 4333 1520 4388 si
1531 4333 1581 4390 illo
1594 4335 1633 4390 ad
1659 4334 1787 4401 perden-

75 4426 215 4501 cipitavit.
231 4425 307 4492 Quid
322 4425 424 4482 omnia
432 4423 665 4500 speciosatacob
678 4421 831 4490 destruxit,
840 4438 906 4477 mu·
960 4425 1034 4481 dum
1047 4422 1239 4496 percutiente,
1256 4421 1319 4493 ipse
1330 4420 1370 4478 ad
1382 4421 1594 4492 corrigendum
1611 4426 1787 4495 percuteret.

76 4514 205 4573 niticnes
218 4513 341 4585 virginis
352 4514 429 4570 tuda
441 4513 557 4585 dejecit.
568 4516 622 4570 Per
632 4511 768 4586 speciosa
776 4509 906 4581 intellige
962 4513 1044 4571 Unde
1058 4529 1128 4568 cum
1142 4511 1225 4582 gravi
1240 4509 1342 4567 dolore
1356 4509 1619 4583 pronuncicndum
1633 4515 1687 4582 est,
1701 4510 1791 4584 quasi

77 4603 280 4680 opulentiam
293 4602 909 4676 permunitionesfortitudinematquepo·
964 4598 1324 4672 inimicusquasihostis.
1349 4597 1408 4667 llle,
1432 4599 1518 4671 cujus
1544 4615 1599 4657 nec
1626 4599 1703 4657 iram
1721 4615 1791 4657 reus

78 4694 212 4751 undam.
228 4695 281 4749 Per
291 4692 382 4750 Jacob
394 4697 422 4749 et
434 4691 676 4764 virginemluda,
688 4691 768 4748 idem
778 4688 909 4765 populus
964 4690 1104 4761 effugere,
1120 4703 1176 4744 neo
1200 4687 1437 4746 misericordiam
1460 4689 1555 4747 hostis
1578 4692 1677 4765 potest
1699 4689 1792 4763 impe-

79 4783 224 4854 signatur.
240 4782 332 4839 Jacob
343 4787 443 4839 tamen
456 4782 593 4854 generale
607 4798 719 4840 nomen
733 4784 777 4838 est
798 4780 910 4837 duode·
964 4781 1038 4839 dire.
1057 4777 1214 4852 Sequitur:

80 4872 138 4931 cim
148 4872 302 4942 tribuum,
317 4873 394 4935 tuda
403 4889 473 4930 vero
483 4873 607 4931 adduas
617 4873 711 4930 tribus
723 4876 837 4928 tantum
845 4886 911 4944 per·
999 4873 1038 4928 Et
1054 4869 1162 4927 occidit
1190 4884 1275 4926 omne
1300 4871 1379 4942 qued
1402 4871 1570 4942 pulchrum
1593 4876 1660 4930 erat
1681 4873 1746 4929 oisc
1762 4872 1795 4928 in

81 4959 911 5045 tinetJdeogcneralinominepraemissostatimspecia—
967 4962 1169 5020 tobernccutis
1180 4961 1253 5031 Μία
1271 4960 1354 5018 Sica.
1376 4963 1440 5019 Non
1465 4961 1617 5033 occiditur,
1637 4961 1694 5019 nisi
1712 4960 1796 5034 quod

78 5051 104 5123 te
116 5040 233 5129 nomen
249 5052 403 5124 adjunxit:
421 5056 453 5109 ut
466 5053 596 5108 duarum
604 5068 635 5107 se
645 5050 778 5108 tribuum
792 5047 913 5122 captivi-
967 5052 1046 5109 vivit.
1062 5051 1203 5125 Superius
1216 5049 1347 5107 dixerat:
1365 5051 1513 5109 Destruxit
1527 5052 1629 5109 omnia
1643 5051 1795 5122 speciosa3

80 5144 173 5196 tatem
188 5140 331 5212 plangere
355 5141 581 5198 denrronstrarct.
599 5139 690 5196 Jacob
708 5155 779 5209 ergo
794 5143 823 5194 ct
838 5137 914 5193 tuda
972 5140 1025 5198 scd
1039 5141 1087 5197 hie
1097 5141 1162 5212 iam
1185 5139 1299 5214 aliquid
1328 5140 1457 5213 amplius
1483 5139 1580 5195 dicere
1595 5136 1707 5202 volens,
1721 5135 1798 5192 occi-

81 5229 164 5286 idem
179 5229 310 5303 populus
321 5235 374 5297 est,
393 5230 494 5299 Jacob,
516 5230 588 5304 quia
603 5229 634 5284 iu
649 5227 783 5301 potentia
809 5226 914 5284 robus·
968 5229 1019 5296 dit,
1034 5229 1139 5303 inquit,
1156 5230 1258 5287 omnia
1285 5227 1420 5300 pulchra,
1441 5230 1473 5281 ut
1487 5226 1633 5298 perhanc
1646 5221 1799 5279 calamata-

82 5321 147 5399 tus3
163 5318 343 5388 iirgotuda,
356 5319 468 5392 quiain
486 5318 638 5391 opulentia
656 5317 810 5375 delicatus.
839 5315 914 5382 Ouid
970 5325 1039 5387 tem,
1056 5334 1117 5376 non
1134 5324 1249 5376 tantum
1259 5315 1388 5382 divitias,
1405 5314 1458 5370 sed
1469 5315 1550 5386 ipsas
1566 5313 1656 5368 etiam
1682 5311 1801 5370 animas

84 5411 215 5477 &8101‘80
231 5407 478 5480 Speciosalawb
494 5408 551 5463 nisi
571 5407 756 5481 opulentiam
773 5404 915 5464 fortium?
971 5408 1129 5467 abstidisse
1144 5406 1290 5465 ostendat.
1303 5402 1387 5460 Unde
1414 5405 1492 5459 recte
1520 5400 1704 5458 subinfertur
1731 5419 1802 5462 cum

85 5498 196 5572 etquid
207 5502 332 5570 estergo
343 5499 524 5556 munitiones
538 5499 661 5571 virginis
670 5499 757 5568 tuda,
770 5497 828 5556 nisi
838 5496 917 5554 forti-
975 5499 1082 5555 dicitur
1097 5515 1104 5554 τ

87 5587 224 5648 ιιιᾱὶιιοιιι
238 5589 461 5665 optdentorum.
480 5588 617 5663 Sequitur
629 5609 635 5648 :
990 5583 1805 5660 Effuditquestignemindignationemsunmdtonquasi

261 5680 389 5743 Parnon.
411 5682 530 5738 CLXXV.
1613 5679 1632 5731 s

932 5856 982 5913 εἴ
