3832 6044
136 120 185 172 lte
295 114 446 172 llUGONlS
465 116 510 171 lili
531 115 559 173 S.
579 116 727 174 VICTORE
746 114 822 173 OPP.
842 114 931 173 PARS
950 117 971 173 1.
991 143 1026 156 -
1046 115 1245 173 EXEGETlCA.
1266 147 1300 158 -
1320 117 1679 176 intramuraneam.
1794 122 1844 176 tdb

134 239 200 296 tatis
215 239 347 296 studium
371 256 406 297 ae
431 241 658 299 sollicitudinem
686 241 855 315 cupiditatis
881 240 912 298 in
926 245 999 301 aad
1018 244 1175 302 stultorum
1202 245 1371 302 multitudo.
1396 248 1479 303 Nunc
1493 260 1565 316 ergo
1579 244 1711 319 perversi
1726 249 1754 301 et
1768 245 1847 303 stulti

134 327 284 386 diffuderit
298 329 390 398 digna
406 330 574 386 temeritatis
588 347 649 386 sure
662 346 750 403 paena
763 330 961 402 affligendus3
1018 337 1080 390 tam
1095 338 1163 390 sunt
1186 335 1225 391 ad
1250 335 1464 391 correctionem
1490 333 1681 409 perversitate
1700 333 1845 403 difficiles,

135 421 163 474 et
177 416 390 491 multiplicitate
406 419 565 491 spargitur,
583 423 612 476 et
636 418 812 477 difficultate
828 419 964 476 reverbe-
1018 439 1111 496 quam
1125 423 1313 481 multitudine
1340 429 1443 482 contra
1467 424 1623 481 veritatem
1647 422 1797 491 audaces;
1819 429 1848 482 et

134 512 225 565 ratur.
242 505 389 576 Vidiergo
404 506 661 580 cunctaquesub
677 507 838 579 solatium,
853 513 881 565 et
895 524 963 565 ecce
1018 512 1086 570 ideo
1098 513 1231 586 perversi
1252 512 1372 570 difficile
1403 513 1601 584 corriguntur,
1634 517 1663 569 et
1689 513 1846 570 stultorum

134 596 274 653 universa
286 595 402 653 vanitas
418 600 446 652 ct
460 595 580 653 afflietio
607 594 737 670 spiritus.
766 596 831 652 Vidi
858 602 886 653 et
907 597 964 654 hee
1018 601 1151 658 infinitus
1166 608 1210 659 est
1222 618 1376 659 numerus.
1392 603 1450 671 Vis,
1468 602 1572 676 inquit,
1586 602 1762 676 scirequam
1773 601 1848 658 diiii-

134 685 234 758 ipsum
247 701 362 743 vanum
373 685 463 742 luisse
476 686 559 760 quod
574 686 719 760 proposui
729 686 759 744 in
771 685 874 743 animo
885 701 963 754 meo,
1020 690 1073 747 cile
1084 691 1215 764 perversi
1230 691 1441 762 corrigantur?
1458 694 1536 765 Cape
1546 707 1604 748 me.
1617 693 1677 762 Ego
1691 691 1780 748 hodie
1796 690 1848 747 tibi

40 809 45 814 -
134 790 268 848 quaerere
282 779 310 831 et
337 774 514 847 investigare
540 775 689 848 sapienter
702 775 739 831 de
768 775 882 853 erraretis
897 791 964 848 quae
1020 779 1157 837 omnium
1171 779 1344 852 exemplum
1358 781 1441 837 liam.
1472 784 1547 837 Nam
1571 785 1669 851 elego
1684 779 1847 854 aliquando

134 863 212 921 fiunt
225 863 282 920 sub
297 863 367 920 sole.
384 863 448 919 Vidi
462 880 576 920 vanum
604 880 669 921 esse
683 864 766 938 quod
780 868 966 938 occupantur
1020 884 1178 942 perversus
1193 868 1234 925 lui
1248 874 1276 926 et
1303 885 1365 925 non
1379 869 1509 927 intellexi
1537 869 1599 942 ipse
1625 869 1847 943 perversitatem

135 951 354 1010 ssliihominum
365 953 561 1027 occupatione
572 955 703 1027 pessima
713 960 746 1012 ut
755 954 966 1012 distendantur
1019 973 1139 1027 meam;
1155 958 1208 1014 sed
1222 957 1324 1031 putavi
1339 974 1387 1016 me
1402 964 1516 1015 rectum
1530 974 1604 1027 esse,
1623 961 1651 1015 et
1665 961 1742 1015 recte
1760 973 1847 1027 agere

136 1042 167 1099 in
181 1057 234 1099 ea:
250 1047 279 1099 ct
293 1043 351 1099 hoc
364 1047 458 1100 totum
471 1043 532 1100 vidi
546 1060 616 1100 cum
627 1048 767 1117 expertus
775 1061 853 1112 sum,
866 1048 896 1100 et
904 1043 965 1099 vidi
1020 1047 1144 1121 quando
1154 1050 1301 1118 proposui
1314 1049 1345 1104 iu
1360 1050 1460 1105 areima
1476 1064 1538 1105 areo
1553 1064 1684 1122 quarere
1707 1054 1735 1105 et
1755 1050 1848 1104 inees-

135 1135 266 1206 qnantus
280 1131 367 1189 labor
381 1137 409 1189 et
421 1132 542 1190 aiilictio
562 1133 681 1207 spiritus
695 1137 772 1190 esset
786 1134 816 1189 in
831 1149 867 1190 eo
882 1133 966 1206 quod
1021 1137 1117 1208 ligare
1130 1138 1280 1208 sapienter
1290 1139 1326 1195 de
1336 1139 1451 1195 cernetis
1465 1155 1530 1210 qua
1538 1140 1617 1209 fiunt
1629 1139 1683 1195 snb
1698 1140 1759 1195 sote
1768 1153 1780 1209 ,¹
1793 1153 1848 1193 nec

136 1221 280 1296 proposui
293 1221 323 1278 in
339 1222 440 1279 animo
453 1240 530 1292 meo,
546 1239 680 1296 quaerere
691 1222 907 1295 etinvestigare
922 1238 966 1279 sa·
1021 1232 1083 1284 erat
1102 1231 1171 1283 tunc
1187 1226 1288 1300 aliqua
1301 1227 1498 1284 consideratio
1510 1228 1641 1285 veritatis
1655 1228 1686 1284 in
1707 1244 1765 1294 me,
1781 1243 1849 1299 quae

137 1311 301 1385 pienterde
316 1312 429 1368 cunetis
443 1329 511 1386 quae
523 1312 600 1369 fiunt
615 1313 672 1371 snb
685 1313 757 1370 sole.
774 1312 880 1369 Elvidi
895 1311 967 1386 quia
1021 1331 1069 1372 me
1084 1315 1243 1387 corrigeret
1256 1321 1284 1372 et
1298 1316 1466 1386 cohiberet;
1495 1332 1532 1373 ne
1548 1317 1691 1373 excedere
1705 1320 1850 1373 tentarem

136 1400 278 1457 universa
299 1401 416 1458 vanitas
431 1405 460 1458 ct
483 1401 604 1459 aiilictio
633 1402 753 1476 spiritus
767 1401 798 1458 in
825 1400 966 1458 omnibus
1021 1421 1196 1462 mensuram
1209 1422 1320 1476 meam,
1345 1421 1442 1479 neque
1465 1411 1605 1480 appetere
1634 1421 1849 1480 praesenseram

137 1489 294 1564 quatiunt
309 1490 366 1547 sub
382 1491 452 1548 sole.
482 1494 548 1548 riae
563 1507 635 1563 ergo
647 1491 718 1549 vidi.
747 1493 844 1558 Quare
866 1495 967 1547 autem
1021 1509 1089 1566 quae
1104 1509 1166 1550 non
1181 1493 1516 1551 suntdatahominibus
1530 1494 1604 1551 scire
1619 1493 1847 1563 etinvestigare.

138 1578 270 1636 similiter
287 1596 349 1637 non
364 1580 466 1638 vident
478 1596 584 1638 omnes
597 1580 650 1636 filii
664 1580 824 1638 hominum
839 1595 967 1651 occupa·
985 1600 1006 1656 B
1021 1582 1165 1639 uescendi
1180 1599 1251 1655 ergo
1278 1584 1307 1639 in
1336 1586 1559 1654 concenationem
1572 1585 1729 1656 pessimam
1757 1599 1850 1656 quarn

138 1669 249 1726 tionem
263 1670 436 1743 pessimam,
450 1688 544 1745 quam
567 1669 649 1727 dedit
662 1671 703 1726 eis
719 1672 797 1726 Deus
811 1672 844 1726 ut
857 1669 967 1725 disten·
1022 1672 1103 1729 dedit
1117 1675 1196 1730 Deus
1211 1674 1283 1744 filiis
1301 1673 1465 1747 dominam,
1481 1680 1515 1730 ut
1538 1673 1744 1730 distendantur
1758 1675 1789 1729 ia
1805 1689 1850 1741 ee,

138 1757 247 1815 dantur
259 1757 290 1815 in
305 1776 350 1827 ea,
364 1764 398 1816 ut
411 1759 575 1831 intelligant
588 1764 616 1815 et
629 1758 750 1814 videant
763 1757 927 1815 vanitatem
940 1761 969 1815 et
1022 1766 1051 1819 et
1062 1761 1189 1834 dispersi
1204 1762 1340 1820 animum
1350 1779 1453 1820 meum
1466 1763 1498 1821 in
1509 1763 1622 1832 omnia,
1635 1767 1661 1819 et
1674 1762 1852 1832 cogitatione

139 1845 330 1904 alllictionem
355 1847 484 1920 spiritus,
510 1847 542 1903 in
555 1845 696 1903 omnibus
709 1861 777 1918 quse
793 1844 870 1902 fiunt
884 1844 968 1902 sole?
1023 1851 1099 1924 coepi
1114 1857 1287 1925 perennata
1301 1853 1477 1922 discurrere,
1492 1858 1526 1911 ut
1538 1869 1705 1927 quaererem
1720 1857 1748 1909 et
1758 1852 1853 1908 inves-

140 1937 235 2002 Qnare
249 1934 387 1992 laborant
401 1939 429 1992 et
444 1951 505 1991 non
518 1935 663 2004 sentiunt;
675 1933 849 2005 affliguntur
859 1950 894 1991 ac
909 1934 968 1990 dis·
1024 1940 1148 2012 rigarem
1164 1940 1201 1997 de
1216 1942 1330 1998 cunctis
1358 1959 1427 2015 (μω),
1455 1941 1532 1998 fiunt
1560 1941 1616 1998 sul)
1644 1941 1722 1997 sole:
1747 1946 1777 1997 at
1792 1957 1853 1997 non

139 2023 294 2096 sipontus,
306 2028 335 2080 et
349 2024 560 2081 distenduntur
573 2023 604 2079 in
620 2023 816 2097 occupatione
824 2024 966 2097 pessima,
1022 2028 1112 2086 valui.
1129 2031 1163 2085 Et
1177 2029 1253 2102 coepi
1266 2029 1402 2086 laborare
1420 2034 1448 2086 et
1467 2030 1556 2086 taedio
1575 2030 1767 2086 vehementer
1782 2028 1855 2085 alili-

139 2125 167 2178 et
191 2135 252 2178 non
266 2120 435 2191 intelligunt
456 2121 620 2178 vanitatem
635 2137 722 2178 suam
736 2125 764 2178 et
776 2120 968 2179 afflictionem
1023 2117 1071 2187 gi;
1088 2121 1116 2174 et
1130 2116 1190 2174 vidi
1205 2118 1287 2191 quod
1297 2135 1383 2175 mens
1403 2135 1472 2175 mea
1486 2134 1647 2192 quocuque
1663 2134 1694 2173 se
1709 2117 1852 2186 vertebat,

140 2208 260 2282 spiritus
271 2209 302 2266 in
316 2210 458 2268 omnibus
472 2227 541 2285 quae
555 2210 632 2267 liunt
647 2211 703 2266 sub
719 2211 803 2268 sole?
824 2211 908 2279 Quin,
925 2211 969 2268 in·
1023 2207 1125 2264 dolore
1141 2211 1168 2265 et
1192 2208 1389 2265 amaritudine
1412 2212 1440 2265 et
1460 2208 1657 2265 sollicitudine
1672 2207 1851 2280 replebatur,

140 2298 213 2372 quit,
227 2298 359 2374 perversi
373 2299 492 2358 difficile
504 2300 702 2371 corriguntur.
711 2302 752 2357 lle
761 2316 822 2375 quo
832 2299 969 2358 dieamus
1024 2300 1052 2353 et
1065 2301 1128 2353 erat
1141 2294 1227 2352 labor
1252 2297 1407 2370 quaerendi
1432 2297 1608 2364 immensus,
1625 2301 1653 2353 et
1675 2295 1854 2352 inventionis

140 2387 237 2446 latius.
1023 2385 1136 2442 fructus
1152 2385 1287 2456 exiguus.
1304 2385 1404 2443 Flebat
1418 2402 1490 2457 ergo
1504 2391 1536 2443 ut
1554 2385 1675 2442 tandem
1690 2384 1854 2459 aliquando

1024 2490 1116 2548 poena
1128 2473 1195 2546 ipsa
1209 2478 1237 2530 et
1251 2473 1372 2530 afflictio
1383 2490 1504 2546 magna,
1520 2475 1697 2549 prudentem
1711 2490 1759 2530 me
1777 2473 1854 2529 face-

226 2568 310 2637 and
322 2571 457 2639 peremi
469 2570 594 2640 difficile
608 2555 812 2640 corrigentem,
830 2572 884 2625 etc.
1024 2567 1098 2621 rent.
1114 2564 1154 2620 Et
1166 2565 1229 2621 vidi
1241 2570 1350 2621 cuncto
1365 2580 1432 2636 aare
1446 2565 1500 2620 sub
1510 2566 1572 2621 sele
1580 2566 1658 2634 finiat
1672 2570 1701 2620 ct
1714 2578 1779 2619 cccc
1791 2565 1855 2618 cirti-

175 2657 315 2714 Pereer·si
328 2656 454 2727 difficile
468 2659 673 2728 corriguntur.
692 2657 803 2713 idcirco
825 2672 887 2713 non
900 2671 969 2729 pos·
1024 2666 1110 2708 verse
1125 2653 1243 2710 vanites
1258 2658 1285 2708 et
1311 2654 1438 2723 afflictio
1464 2654 1598 2723 spiritns.
1627 2651 1759 2720 Cognovi
1782 2666 1853 2718 ergo

141 2748 211 2802 sunt
224 2744 395 2815 intelligere,
407 2745 479 2818 quia
489 2745 620 2818 perversi
633 2745 823 2814 sunt,etideo
833 2744 972 2801 laborant
1024 2740 1188 2809 veritatem,
1201 2746 1229 2797 et
1238 2741 1397 2815 reprobavi
1408 2742 1579 2808 vanitatem,
1592 2739 1662 2812 quia
1673 2738 1753 2794 sensi
1763 2738 1855 2795 aillie-

142 2837 171 2890 et
182 2848 243 2891 non
270 2833 410 2902 sentiunt,
441 2837 469 2890 et
495 2833 679 2891 delectantur
704 2833 736 2890 in
750 2832 909 2890 aiilictione
925 2832 971 2889 sui
1025 2829 1146 2887 tionem.
1163 2833 1196 2887 Et
1213 2829 1338 2887 videbar
1349 2830 1413 2902 jam
1428 2830 1458 2885 in
1474 2831 1568 2886 totum
1584 2832 1733 2885 correctns
1748 2828 1786 2883 de
1804 2844 1855 2901 pe-

143 2921 208 2992 (Job
224 2921 302 2994 xxx),
317 2925 346 2978 et
358 2927 464 2995 putant
474 2922 550 2979 bene
575 2922 632 2978 sibi
646 2938 719 2991 esse,
736 2922 810 2978 dum
823 2921 901 2978 male
917 2925 969 2979 est.
992 2956 1012 3013 C
1026 2919 1162 2976 versitate
1173 2935 1241 2976 mea
1251 2937 1257 2988 ;
1268 2919 1320 2975 sed
1330 2921 1392 2975 erat
1402 2917 1591 2974 adhucaliud
1601 2917 1854 2986 involumentum

142 3013 174 3066 ln
190 3014 305 3068 tantum
318 3011 398 3068 enim
411 3011 543 3084 perversi
556 3016 633 3080 sunt,
651 3015 683 3068 ut
705 3010 852 3083 judicium
866 3011 972 3068 verita-
1027 3013 1055 3065 et
1065 3008 1177 3066 nescivi
1191 3008 1274 3082 quod
1288 3007 1417 3081 perversi
1427 3006 1545 3063 difficile
1557 3006 1755 3076 corriguntur.
1768 3009 1856 3062 Eram

142 3098 178 3156 tis
191 3115 253 3156 non
269 3099 350 3156 sitin
365 3100 407 3156 eis
423 3119 430 3170 3
456 3105 593 3174 putantes
609 3100 717 3157 bonurn
731 3116 795 3157 csse
815 3099 898 3174 quod
910 3088 972 3157 rno-
1024 3098 1088 3169 jam
1102 3101 1173 3154 tunc
1186 3101 1344 3164 correctus,
1369 3101 1401 3153 ut
1424 3097 1462 3153 de
1475 3096 1605 3153 vanitate
1619 3095 1771 3152 veritatem
1787 3111 1855 3165 eog-

144 3189 205 3244 lum
220 3191 273 3256 est,
290 3192 319 3244 et
332 3189 415 3262 quod
430 3189 539 3246 bearem
553 3193 598 3246 est
609 3191 723 3247 matam
735 3194 879 3260 porrectas
895 3195 972 3247 tene·
1025 3201 1189 3254 noscerem,
1207 3189 1234 3241 et
1249 3201 1309 3242 non
1322 3201 1405 3242 eram
1418 3190 1566 3242 correctus
1578 3184 1676 3241 adhuc
1687 3201 1725 3240 ne
1736 3185 1772 3241 dc
1783 3185 1856 3240 veri-

143 3276 212 3335 bras
234 3278 339 3351 lacent,
356 3283 384 3335 et
410 3280 504 3338 lucem
527 3278 683 3352 tenebrcs;
708 3279 971 3352 existimantesque
1025 3274 1092 3332 tatis
1107 3272 1274 3345 cognitione
1297 3273 1493 3348 superbirem.
1522 3276 1652 3330 Excussa
1665 3274 1729 3345 jam
1759 3273 1856 3329 inerat

142 3381 281 3424 umorum
291 3367 379 3425 dulce
388 3380 401 3440 ,·
412 3374 440 3426 et
455 3369 694 3426 dulcescentem
708 3369 777 3441 (lea.
793 3369 830 3441 v).
848 3367 971 3424 Delicias
1024 3379 1086 3420 una
1100 3363 1207 3420 erroris
1222 3363 1309 3437 palea
1324 3356 1352 3420 ct
1367 3363 1498 3420 restabat
1512 3363 1611 3419 adhuc
1628 3361 1685 3419 alia
1705 3362 1800 3432 magis
1816 3366 1855 3417 te-

142 3455 302 3513 animasse
330 3460 506 3530 computant
534 3457 591 3513 sub
618 3457 775 3526 sensibus;
805 3460 834 3514 et
861 3456 971 3513 idcirco
1024 3468 1085 3509 nex
1100 3457 1190 3526 atque
1204 3453 1353 3509 inhaerens
1367 3454 1454 3527 palca
1469 3451 1615 3508 elationis.
1638 3455 1710 3508 Tam
1735 3452 1855 3508 difficile

143 3547 247 3600 amant
261 3542 378 3600 dolores
394 3561 474 3614 suos,
490 3549 518 3601 et
536 3562 567 3602 se
580 3545 765 3603 voluntarios
778 3545 917 3616 ingerunt
933 3546 972 3602 ad
1025 3540 1106 3598 enim
1120 3541 1251 3614 perversi
1265 3542 1463 3612 corriguntur,
1477 3546 1510 3597 ut
1521 3540 1735 3598 correctionem
1746 3545 1774 3597 et
1788 3557 1855 3613 pur-

143 3631 371 3707 oecupationem
387 3633 549 3705 pessimam
561 3637 605 3690 ‘et
631 3633 842 3691 distenduntur
868 3634 898 3691 in
918 3650 970 3702 ea;
1026 3630 1176 3701 gailonem
1192 3634 1243 3687 aut
1256 3646 1317 3686 non
1332 3629 1490 3688 admittant
1501 3629 1634 3697 omnino,
1663 3631 1767 3687 autad
1791 3645 1855 3703 per-

143 3721 215 3796 quia
224 3721 298 3777 dum
310 3737 389 3778 eoeca
398 3725 496 3778 mente
504 3722 588 3795 quod
598 3721 673 3778 ialso
684 3722 831 3779 delectare
843 3723 970 3791 videtur,
1026 3721 1135 3777 lectum
1150 3735 1212 3776 non
1227 3720 1379 3793 recipiant.
1394 3722 1551 3793 Propterea
1575 3736 1646 3790 ergo
1659 3721 1722 3791 jam
1748 3720 1855 3791 corrigi

144 3814 298 3884 appetunt,
314 3810 398 3885 quod
412 3826 480 3867 vere
506 3811 618 3868 cruciat
632 3815 660 3867 et
675 3811 788 3881 aflligit,
805 3826 866 3868 non
881 3815 972 3869 atten-
1026 3825 1196 3882 emperam3
1213 3807 1265 3864 sed
1279 3808 1417 3866 nondum
1431 3809 1530 3866 adhuc
1556 3808 1684 3883 perfecte
1708 3814 1856 3866 correctus

144 3898 228 3956 dunt.
245 3901 405 3972 Propterea
418 3914 489 3969 crgo
503 3915 564 3955 non
592 3898 694 3956 vident
708 3899 870 3956 vanitatem
886 3916 972 3956 snam
1026 3914 1122 3966 eram;
1148 3902 1176 3954 et
1202 3895 1270 3954 idco
1299 3897 1427 3969 cognovi
1455 3898 1589 3955 laborem
1613 3898 1855 3972 praesumptionis

144 3989 173 4043 et
187 3986 378 4043 afflictionem
392 3986 512 4060 spiritus
539 3988 572 4043 in
585 3988 725 4045 omuibus
741 4005 809 4062 quae
824 3987 900 4046 liunt
916 3988 972 4045 sub
1027 4004 1111 4056 meac,
1124 3988 1176 4044 sed
1187 3987 1366 4044 inventionis
1378 4004 1453 4044 mere
1464 4005 1553 4044 usrnn
1564 4004 1624 4045 non
1637 3987 1772 4058 cognovi.
1784 3990 1856 4057 Cog-

144 4074 206 4131 sole
220 4093 227 4144 ;
243 4074 315 4148 quia
330 4075 459 4148 perversi
474 4080 544 4132 sunt
558 4080 586 4133 et
600 4075 718 4133 difficile
729 4076 926 4148 corriguntur.
940 4080 974 4134 Et
1026 4076 1097 4134 novi
1111 4092 1222 4132 vanam
1233 4093 1297 4132 esse
1312 4075 1514 4146 afflictionem,
1526 4093 1587 4133 non
1598 4077 1753 4149 profunda
1767 4076 1855 4132 saluti

144 4165 305 4221 stultorum
320 4167 456 4236 ircfinitus
470 4172 512 4224 est
526 4182 678 4224 nummus.
695 4170 758 4224 Non
781 4166 879 4223 solmn
893 4167 973 4224 enim
1027 4180 1176 4239 quaerere;
1193 4164 1246 4220 sed
1259 4166 1396 4222 nondum
1416 4167 1542 4238 cognovi
1554 4182 1666 4222 vanam
1680 4182 1744 4223 csse
1757 4165 1857 4224 clatio-

145 4253 240 4311 aversi
254 4259 332 4323 sunt,
350 4255 402 4311 sed
426 4256 516 4312 etiam
528 4256 670 4329 perversi.
699 4257 799 4313 aversi
814 4273 833 4314 a
847 4259 925 4326 be0;
942 4257 972 4313 in
1028 4271 1097 4312 nem
1113 4254 1150 4310 de
1165 4254 1292 4311 inventis
1306 4255 1469 4328 superbire.

145 4343 312 4417 semetipsis
326 4345 466 4418 perversi.
498 4348 531 4402 Et
545 4345 639 4403 aversi
667 4361 730 4403 non
744 4345 828 4403 facile
850 4362 972 4402 conver·
987 4308 1009 4364 D

442 2482 585 2538 HOMlthl
608 2482 664 2537 Vll.

145 4436 247 4490 tunm
293 4432 343 4489 uia
395 4434 488 4491 Nemi
503 4433 622 4491 difficile
638 4435 714 4491 com
779 4439 826 4492 mr
859 4438 933 4492 Nam
949 4434 973 4490 si
1062 4392 1417 4465 Propterealoentussam
1431 4394 1462 4448 ta
1478 4393 1637 4449 corderam
1651 4393 1857 4449 dissuadere

249 4450 292 4506 'q
357 4449 394 4506 pe
716 4451 777 4505 μω
828 4479 834 4492 ’
1026 4497 1154 4552 magicas
1164 4481 1285 4552 effectas
1299 4497 1374 4538 sura.
1390 4481 1503 4538 descivi
1514 4481 1604 4549 enim,
1616 4482 1761 4555 qnoniam
1771 4481 1856 4539 intla-

1027 4570 1106 4627 tione
1122 4574 1300 4637 tumueram,
1317 4574 1345 4626 et
1358 4570 1425 4626 ideo
1438 4586 1567 4641 magnus
1589 4571 1664 4627 mihi
1678 4570 1811 4640 videbar,
1828 4575 1858 4627 ct

1027 4659 1089 4716 dixi
1103 4659 1135 4716 in
1150 4659 1239 4717 corde
1254 4675 1322 4715 mco
1337 4678 1343 4715 ε
1362 4661 1434 4716 Ecce
1449 4676 1578 4730 magnus
1593 4659 1714 4717 effectus
1730 4676 1808 4716 sum.
1824 4664 1856 4717 ln

1028 4748 1116 4805 corde
1131 4749 1191 4804 dixi
1206 4768 1213 4806 :
1230 4751 1269 4805 be
1285 4749 1374 4805 corde
1389 4749 1469 4806 enim
1484 4749 1589 4818 tumui,
1601 4753 1629 4806 et
1643 4749 1710 4806 idco
1724 4749 1754 4805 in
1767 4750 1857 4806 corde

1028 4838 1108 4906 dixi;
1134 4838 1205 4912 quia
1220 4838 1251 4895 in
1266 4839 1355 4895 corde
1369 4839 1431 4895 vidi
1446 4840 1526 4896 unde
1542 4839 1646 4908 tmuui,
1679 4843 1711 4896 ut
1724 4839 1766 4895 ibi
1781 4844 1858 4897 esset

145 4521 176 4579 in
190 4522 356 4596 semetipsis
370 4523 595 4595 corrigerentur,
623 4539 677 4597 per
705 4525 880 4598 semetipsos
903 4541 973 4582 con·

144 4615 335 4669 verterentur.
363 4613 437 4678 Quia
465 4613 489 4669 si
519 4613 602 4685 prius
626 4614 774 4685 judicium
797 4614 927 4671 veritatis
942 4615 973 4670 in

146 4699 311 4772 semetipsis
338 4701 512 4773 reciperent,
555 4719 610 4758 suo
640 4703 835 4774 postmodmn
859 4704 973 4776 judicio

145 4789 307 4846 vanitatem
344 4789 519 4859 fugiendam
551 4795 580 4847 et
606 4791 760 4848 veritatem
788 4794 973 4866 sequendam

146 4894 210 4934 esse
224 4877 367 4934 viderent.
397 4881 480 4934 Nune
493 4883 593 4935 autem
607 4894 663 4936 nee
678 4881 775 4937 aversi
800 4881 902 4938 lumen
925 4898 974 4939 ve·

146 4966 239 5024 sitatis
250 4966 363 5036 vident,
374 4982 429 5023 nee
442 4968 574 5039 perversi
588 4985 642 5041 per
665 4970 767 5026 lumen
792 4971 921 5028 veritatis
932 4971 974 5028 vi-

146 5056 226 5126 dent,
252 5060 280 5114 et
292 5056 360 5113 ideo
385 5055 504 5113 difficile
520 5057 717 5128 corriguntur,
740 5059 811 5132 quia
826 5060 974 5117 rectitudi-

146 5161 216 5203 nem
229 5151 257 5206 ct
270 5147 425 5204 veritatem
448 5162 503 5204 nec
533 5147 687 5204 absentem
714 5164 846 5221 quaerere
866 5150 972 5218 sciunt,

146 5252 202 5293 nee
216 5242 394 5310 praesentem
408 5236 587 5310 approbare.
613 5237 681 5294 idco
695 5238 826 5311 perversi
854 5238 974 5295 difficile

147 5325 344 5395 corriguntur,
365 5331 394 5384 et
420 5326 577 5384 stultorum
605 5326 737 5383 inlinitus
762 5331 805 5383 est
819 5342 973 5385 numerus.

147 5415 219 5470 Tam
234 5414 318 5470 multi
329 5416 409 5473 enim
424 5432 485 5472 non
496 5421 594 5473 essent
608 5416 633 5472 si
643 5416 728 5472 facilc
743 5415 851 5487 corrigi
864 5417 975 5491 potuis-

148 5504 222 5557 sent.
239 5504 272 5558 Et
292 5503 323 5558 in
347 5503 404 5559 hoe
431 5505 585 5563 manifeste
613 5505 777 5562 ostenditur
791 5522 885 5579 quam
899 5505 976 5563 diiii·

149 5590 211 5649 cilis
226 5591 262 5651 sit
284 5608 493 5666 perversorum
519 5595 660 5657 eorrectio
687 5596 772 5671 qued
794 5595 910 5658 infinita
933 5600 977 5658 est

1028 4926 1125 4995 elati0,
1142 4926 1193 4983 ubi
1217 4932 1279 4985 erat
1305 4945 1397 4985 cansa
1425 4928 1568 4986 elationis.
1586 4931 1713 4986 Locutus
1733 4945 1801 4985 sum
1826 4929 1856 4986 in

1029 5015 1117 5072 corde
1132 5032 1219 5074 meo:
1236 5018 1309 5075 Ecce
1323 5033 1453 5090 magnus
1463 5018 1584 5076 etl'ectns
1598 5019 1784 5087 samonam
1794 5034 1857 5076 ma-

1029 5105 1121 5176 gnusl

1063 5242 1215 5316 Praecessi,
1234 5243 1282 5313 ait,
1304 5245 1452 5315 sapientia
1470 5259 1569 5301 ornnes
1581 5245 1770 5315 quiscerem
1787 5249 1858 5300 erate

1028 5346 1076 5389 mc
1085 5333 1116 5388 in
1129 5333 1329 5391 Hierusalem.
1350 5332 1494 5390 Paulatim
1509 5334 1641 5407 pergitur
1650 5333 1681 5390 in
1694 5338 1858 5406 corruptio·

1029 5435 1109 5488 nem,
1121 5425 1150 5478 et
1161 5437 1246 5477 mens
1257 5438 1351 5495 prava
1364 5427 1550 5480 excrescente
1562 5428 1677 5480 tumore
1688 5422 1718 5479 in
1728 5422 1857 5478 deterius

1030 5525 1149 5583 semper
1160 5510 1370 5583 praecipitatur.
1387 5511 1519 5568 Primum
1534 5512 1571 5568 de
1587 5528 1617 5569 se
1630 5512 1793 5586 plusquam
1807 5512 1858 5567 dc-

1029 5597 1104 5672 buit,
1111 5598 1203 5658 sensit
1214 5616 1221 5668 ;
1235 5598 1343 5658 deinde
1356 5616 1450 5675 usquc
1461 5600 1500 5661 ad
1511 5600 1638 5662 aliorum
1651 5604 1857 5675 mntemptum
