3832 6044
161 106 229 164 titt
339 103 492 161 nucouts
511 105 557 161 DE
577 106 606 160 S.
626 105 774 160 VlCTORE
794 106 868 161 OPP.
890 103 988 159 PARS.
1010 104 1030 160 1.
1050 127 1085 142 -·
1103 99 1306 156 annaurim.
1327 123 1361 138 -
1380 99 1414 154 ll.
1435 97 1470 153 IN
1488 95 1704 153 annuentis.
1812 98 1867 153 lidi

152 233 230 296 tere,
248 248 263 278 »
276 226 338 283 sive
352 226 491 295 tribuere,
507 249 522 276 α
538 229 569 283 in
584 230 777 285 conversione
792 228 989 284 ordinationis
1007 226 1133 291 avenis,
1151 222 1343 279 interioribus
1357 236 1418 277 non
1434 221 1593 288 conventu
1613 218 1704 292 quod
1717 222 1868 292 superiores

160 316 326 375 inconfuse
345 314 551 386 angelicorum
565 320 726 374 ornatuum
742 336 749 382 ;
768 340 781 367 i
808 320 880 391 quia
895 318 919 372 si
933 318 991 373 hoc
1046 313 1236 372 abundanter
1259 311 1382 383 habent,
1397 309 1547 384 quidquid
1572 308 1738 366 inferiores
1753 308 1869 376 babenb

161 405 302 473 iacerem,
318 406 522 461 converterem
538 405 600 459 sive
615 409 813 477 perverterem
830 405 991 462 ordinatio·
1045 403 1200 462 inferiores
1214 418 1285 458 vero
1306 400 1495 457 abundanter
1518 415 1580 455 non
1594 398 1718 454 habent
1739 397 1872 471 quidquid

161 509 232 552 nem
254 492 459 564 angelicorum
487 498 658 563 ornatuum,
683 511 751 567 quie
766 495 923 553 inconfusa
937 498 989 552 est.
1046 495 1213 566 superiores
1228 489 1350 549 habent.
1364 489 1442 556 Quid
1452 490 1533 545 enim
1545 492 1608 546 tam
1622 502 1783 558 magnum
1794 493 1872 560 potest

163 582 320 650 Quomodo
335 588 437 640 autem
458 582 617 640 inconfusa
631 585 668 639 sit
681 584 830 640 ordinatio
845 584 993 654 angelico·
1046 598 1110 639 esse
1126 581 1179 653 ibi,
1193 580 1276 653 quod
1290 581 1322 635 in
1338 579 1583 636 communionem
1595 579 1873 633 universorumnon

161 685 231 728 rum
250 675 421 739 ornatuum,
437 670 525 728 idest
546 671 750 744 angelicorum
765 673 906 730 ordinum
927 673 992 747 pul-
1047 674 1186 738 transeat,
1214 669 1257 725 ibi
1271 669 1400 726 charitas
1428 669 1598 725 communis
1626 669 1683 736 est,
1700 681 1776 738 qrrae
1793 666 1874 736 major

162 759 233 815 chre
246 760 309 816 sive
323 764 426 816 ornate
440 758 656 832 dispositorum
666 761 804 829 ostendit,
829 764 901 835 quia
916 762 992 818 scili·
1046 758 1189 817 omnibus
1204 757 1273 815 esti
1290 760 1365 830 Ergo
1380 759 1483 814 omnia
1495 760 1564 813 sunt
1584 758 1745 813 omnium.
1762 754 1820 811 Sed
1831 753 1876 810 bos

163 851 337 906 oetservant
348 848 558 905 discretionem
569 864 666 917 suam,
682 865 737 905 nee
752 866 783 906 se
797 852 994 908 commiscent
1047 848 1146 906 solum
1160 847 1317 920 proprium
1336 845 1377 901 ibi
1393 849 1446 913 est,
1471 844 1554 918 qnod
1576 844 1780 900 abundanter
1803 843 1876 899 aben

163 935 379 1011 superioribus,
408 952 539 1009 quorum
557 937 791 1009 proprietatibus
814 940 992 1012 participare
1047 942 1091 995 cst
1103 937 1187 1011 quod
1197 936 1339 994 omnibus
1351 951 1412 992 non
1423 939 1477 1002 est,
1490 937 1564 1008 quia
1573 935 1756 1008 superiores
1767 932 1877 1007 quiden

162 1040 225 1083 nou
237 1025 358 1083 habent.
374 1047 388 1076 α
403 1029 477 1098 ipsae
491 1024 616 1098 quidem
635 1025 850 1098 superfirmata
865 1027 993 1102 disposiss
1046 1029 1169 1085 virtutes
1184 1025 1360 1082 inferiorum
1369 1023 1576 1081 universaliter
1587 1027 1617 1079 et
1628 1022 1878 1080 abundantarha

163 1115 270 1182 tiones,
288 1135 302 1163 »
317 1112 349 1168 id
363 1116 407 1170 cst
421 1115 589 1186 superiores
605 1113 726 1171 ordines
743 1138 756 1165 n
772 1116 962 1175 abundanter
978 1141 992 1170 »
1046 1117 1119 1174 bent
1135 1135 1141 1184 ;
1159 1115 1313 1171 inferiores
1323 1117 1497 1171 autemnon
1512 1128 1597 1186 mque
1608 1113 1743 1169 virtutes
1760 1114 1879 1184 superio

163 1203 224 1258 sive
237 1200 324 1274 plene
338 1223 351 1253 κ
368 1201 479 1259 habent
491 1204 583 1260 ctiam
592 1206 993 1280 minorumsacrasproprie-
1041 1221 1115 1261 rum
1140 1203 1253 1261 habent
1267 1201 1482 1270 universaliter,
1505 1200 1536 1257 id
1558 1205 1611 1270 est,
1635 1199 1816 1257 seeundum
1830 1216 1878 1256 ons

163 1294 256 1359 tatcs;
283 1290 395 1348 irltimae
409 1307 481 1347 vero
492 1292 645 1364 majorum
659 1296 862 1367 superpositas
877 1299 995 1356 univer·
1047 1309 1117 1351 nem
1130 1291 1347 1365 plenitudinem
1367 1289 1641 1346 illuminationibus
1665 1289 1788 1346 divinis
1802 1311 1815 1338 e
1831 1293 1879 1346 tan-

164 1382 265 1439 sitates
280 1396 340 1438 non
352 1379 474 1439 habent.
491 1404 505 1433 >r
528 1384 670 1456 Superius
696 1384 917 1459 aliquantulum
929 1390 993 1460 jam
1049 1381 1205 1440 tummodo
1229 1379 1447 1454 particulariter
1472 1379 1571 1452 primo
1585 1379 1618 1434 in
1646 1394 1700 1435 aas
1717 1379 1879 1451 apparenti

164 1470 307 1538 diximus,
322 1471 477 1545 quomodo
488 1471 558 1542 illie,
572 1472 623 1529 ubi
634 1477 712 1531 Deus
723 1477 879 1534 estomnia
889 1480 920 1535 in
932 1496 994 1536 om·
1047 1473 1115 1530 bus.
1133 1495 1147 1522 »
1162 1475 1226 1527 Non
1240 1472 1270 1526 in
1285 1485 1337 1526 eas
1351 1471 1449 1541 primo
1464 1467 1694 1542 apparentibus,
1712 1467 1772 1523 sed
1798 1471 1881 1540 primo

163 1560 265 1629 nibus,
281 1559 396 1635 aliquid
422 1562 580 1635 proprium
593 1579 658 1619 esse
685 1567 781 1637 possit
794 1566 893 1636 alicui,
913 1569 997 1641 quod
1014 1586 1035 1641 p
1049 1560 1266 1635 particulariter
1281 1560 1312 1614 in
1324 1574 1385 1615 eas.
1401 1562 1476 1616 Nam
1489 1561 1521 1614 in
1534 1557 1620 1630 alias,
1638 1558 1745 1625 idest,
1763 1559 1796 1614 in
1812 1574 1881 1630 supe

164 1648 307 1705 omnibus
318 1665 479 1707 commune
493 1653 610 1708 nonsit.
624 1654 676 1708 llic
689 1669 810 1727 quoque
823 1671 884 1712 non
898 1660 995 1713 omni.
1048 1654 1141 1708 riores
1153 1650 1237 1725 prius
1251 1646 1624 1721 apparantuniversahter,
1639 1650 1670 1702 et
1691 1646 1813 1702 deinde
1828 1662 1882 1718 poe

164 1752 204 1795 no
214 1739 305 1796 tacuit
318 1744 432 1809 auctor,
448 1741 603 1814 quomodo
629 1742 661 1798 id
674 1742 901 1815 intelligendum
914 1749 995 1805 sitin
1049 1745 1096 1799 tea
1114 1756 1168 1814 per
1181 1741 1263 1812 ipsas
1277 1737 1391 1811 primas
1405 1735 1679 1811 proportionaliter,
1694 1737 1761 1792 hoc
1776 1741 1831 1803 est,
1848 1751 1881 1790 se

164 1842 211 1895 eo,
226 1826 309 1900 quod
319 1829 361 1885 ait
377 1846 383 1885 :
400 1850 414 1878 a
430 1828 625 1887 inundanter
636 1830 758 1888 habent,
774 1853 788 1881 »
804 1836 836 1888 ln
850 1834 907 1891 hoe
922 1851 993 1907 ergo
1047 1830 1183 1889 cundum
1208 1826 1444 1901 proportionem,
1468 1841 1529 1882 non
1557 1826 1735 1882 secundum
1770 1841 1881 1882 omnen

48 1976 50 1981 ,
163 1919 331 1991 proprietas
346 1918 539 1989 intelligenda
553 1923 606 1989 est,
617 1936 686 1992 quse
701 1922 907 1994 superioribus
923 1941 992 1982 con·
1046 1919 1264 1996 plenitudinem
1279 1917 1344 1989 ejus
1358 1915 1585 1974 distribuuntur.

819 2103 964 2161 TlTULUS
984 2101 1142 2160 usrrrutt
1161 2102 1215 2156 xit.

582 2187 680 2255 Quare
692 2190 854 2247 secundum
870 2191 1002 2250 homines
1012 2190 1190 2249 hierarchia
1204 2189 1308 2259 anpeli
1321 2191 1477 2245 vocantur.

505 2285 660 2344 LITTERA.
1050 2289 1196 2346 ctualium
1210 2292 1238 2342 et
1251 2285 1448 2343 rationalium
1463 2284 1504 2340 ad
1516 2285 1666 2341 unitatem
1680 2287 1762 2354 ejus,
1779 2291 1808 2342 et
1823 2301 1883 2357 pao

202 2372 356 2439 Quaritur
368 2377 467 2430 autem
491 2379 519 2431 et
542 2373 597 2431 hoc
610 2376 845 2447 cntettipiiitium
869 2381 997 2451 eloquio-
1051 2379 1206 2448 liscunque
1225 2377 1332 2443 virtus,
1351 2375 1561 2431 universaliter
1585 2375 1885 2446 convertionem

163 2476 233 2518 rum
247 2462 377 2518 studiose
400 2462 594 2520 intuentihus.
619 2464 655 2521 Si
671 2467 751 2522 enim
775 2469 997 2539 participantia
1050 2467 1274 2536 diuinasipsius
1299 2465 1545 2534 illuminationes,
1560 2469 1714 2534 quantum
1733 2466 1882 2534 possibile,

163 2550 361 2608 excelsiorum
383 2552 529 2608 virtutum
544 2553 775 2612 universitatum
789 2573 849 2613 non
868 2563 938 2614 sunt
951 2560 997 2614 ut-
1049 2553 1267 2612 incessabiliter
1293 2553 1466 2610 extenditur
1485 2553 1650 2608 secundum
1681 2556 1838 2624 uirtutem,
1862 2555 1883 2607 ri

163 2640 248 2712 tana,
276 2640 312 2696 oh
335 2656 424 2712 quarn
448 2656 570 2700 causam
591 2644 752 2702 secundum
779 2661 842 2718 nos,
865 2663 996 2705 summus
1046 2646 1165 2714 justum
1180 2644 1287 2711 dicere,
1301 2643 1405 2700 divina
1418 2641 1593 2708 imitatione,
1610 2645 1638 2698 et
1651 2643 1764 2699 divina
1788 2645 1880 2699 anim

162 2728 312 2798 sacerdos,
337 2731 464 2800 anpetus
486 2731 543 2788 Dei
569 2733 789 2806 omnipotentis,
811 2735 848 2791 ah
873 2738 996 2809 eloquiis
1052 2733 1273 2803 catmnedipna
1287 2731 1374 2801 sacta
1388 2736 1440 2788 est.

163 2819 340 2876 nominatur
354 2824 367 2875 t
383 2819 528 2887 (Malach.
541 2837 580 2888 113
595 2822 688 2891 Apac.
702 2823 744 2893 u.)
756 2824 810 2879 Est
823 2831 921 2882 autem
936 2843 997 2884 non
1340 2826 1342 2830 ’
1371 2820 1558 2878 EXPOSITIO·

164 2908 322 2962 contraria
345 2909 435 2978 ratio,
455 2914 489 2962 ut
509 2909 656 2980 existima,
682 2916 752 2968 ante
765 2912 905 2982 definitis.
918 2915 998 2973 Dici·
1018 2935 1038 2991 c
1088 2910 1263 2968 duodecimi
1277 2911 1385 2983 eapitis
1398 2909 1499 2966 titrrlus
1513 2914 1578 2964 est:
1604 2909 1707 2975 Quare
1720 2909 1876 2965 seeundum

162 3009 229 3051 mus
243 2995 332 3063 enin,
347 2994 427 3065 quod
436 2996 474 3053 ah
485 2996 659 3066 uniuersali,
671 3003 698 3056 et
710 3003 997 3076 superpositamajo-
1049 3000 1188 3057 homines
1201 2998 1377 3055 hierarchice
1392 2996 1489 3068 angeli
1503 3001 1660 3054 vocantur.
1679 2998 1875 3070 Cujussensus

163 3085 996 3157 rumornatuumvirtuterelinquunturuttirni.Mectiam
1051 3094 1115 3147 est:
1133 3090 1230 3156 Quare
1245 3087 1297 3156 illi,
1313 3088 1366 3160 qui
1382 3089 1451 3142 sunt
1472 3085 1660 3154 hierarchiae,
1690 3086 1790 3143 idest
1811 3087 1876 3142 sacri

164 3173 243 3228 enirn
268 3176 296 3228 et
306 3175 566 3242 proportionalem
585 3176 776 3246 participant
796 3181 891 3248 justa
906 3195 996 3236 unam
1050 3179 1202 3253 principes
1217 3175 1384 3232 secundum
1410 3175 1548 3232 homines
1562 3176 1624 3230 sive
1638 3176 1719 3231 inter
1736 3176 1876 3241 homines,

162 3261 254 3317 simut
269 3267 444 3320 cunctorum
458 3266 681 3334 conjunctivam
705 3267 872 3324 societatem
882 3285 894 3325 .·
907 3271 997 3340 quale
1050 3270 1127 3324 sicut
1139 3267 1333 3326 suntsummi
1348 3264 1514 3337 pontifices,
1528 3264 1575 3319 vel
1596 3263 1727 3337 quilibet
1750 3265 1877 3322 secanio

164 3355 217 3421 est,
232 3351 313 3421 quod
329 3358 502 3410 sanctorum
518 3353 671 3411 cherubim
684 3355 757 3412 ordo
771 3358 936 3428 participat
950 3373 996 3414 sa·
1050 3361 1094 3416 tes
1108 3361 1136 3414 et
1150 3356 1200 3412 elii
1216 3356 1346 3412 ministri
1367 3353 1451 3410 verbi
1466 3355 1528 3422 liei,
1542 3368 1636 3427 quare
1651 3353 1694 3409 illi
1712 3353 1826 3410 seilicet
1837 3369 1878 3410 an·

61 3472 64 3477 ·
160 3439 308 3508 pientiam
319 3445 346 3497 et
355 3442 511 3499 scientiam
525 3443 673 3500 altiorem.
685 3444 748 3500 Sub
758 3446 830 3515 ipsis
841 3451 941 3503 autem
955 3461 996 3503 es·
1051 3443 1108 3515 geli
1123 3447 1277 3516 vocantur,
1296 3459 1365 3499 eum
1379 3443 1493 3499 dictum
1513 3444 1552 3500 sit
1562 3443 1704 3516 superius
1718 3443 1804 3516 quod
1817 3442 1879 3497 into

163 3527 330 3585 sentiarum
343 3529 548 3599 dispositiones
552 3532 743 3601 participant
754 3533 872 3603 quidem
886 3539 913 3590 et
923 3535 996 3604 ipsa
1052 3533 1144 3589 riores
1159 3534 1235 3589 sicut
1260 3533 1450 3605 superiorum
1475 3533 1671 3605 proprietates
1687 3546 1752 3588 nou
1769 3532 1880 3605 partici-

164 3615 354 3689 sapientiam,
377 3626 405 3676 et
418 3620 583 3692 scientiam,
594 3623 816 3691 particularem
838 3628 934 3680 tamen
956 3622 997 3680 ad
1050 3625 1133 3695 pant,
1157 3621 1198 3680 ita
1211 3623 1302 3678 etiam
1316 3622 1441 3678 nomina
1454 3635 1607 3677 assumere
1626 3634 1688 3676 non
1703 3620 1827 3677 debent.
1854 3622 1878 3676 Si

163 3705 234 3762 illos
248 3709 277 3763 et
297 3706 471 3777 subjectam.
498 3709 538 3765 Et
552 3709 671 3781 quidem
684 3712 805 3768 omnino
829 3712 860 3767 in
871 3713 997 3781 portici·
1051 3711 1132 3767 enim
1147 3710 1221 3766 ordo
1234 3708 1411 3779 angelorum
1427 3711 1500 3782 quia
1514 3708 1637 3766 inferior
1647 3708 1811 3765 virtutibus
1830 3714 1878 3773 est,

160 3795 453 3866 pationesnpientioe
479 3812 540 3855 esse
566 3804 594 3855 et
616 3799 758 3866 scientia,
775 3813 929 3857 commuue
953 3806 996 3857 est
1050 3813 1161 3854 nomen
1182 3798 1317 3869 ipsarum
1342 3798 1509 3854 secundum
1537 3798 1754 3870 proprietatem
1779 3813 1877 3852 earum

164 3884 301 3942 omnibus
320 3886 514 3955 deiformibus
528 3887 737 3943 intellectibus.
753 3887 874 3944 Attente
885 3894 995 3959 aaran,
1050 3887 1228 3960 participare
1243 3902 1305 3942 non
1318 3891 1436 3959 potest;
1452 3903 1507 3943 nec
1520 3887 1659 3944 homines
1669 3886 1756 3960 (qrria
1767 3884 1878 3942 indubi-

165 3979 194 4030 et
203 3975 315 4043 primo,
326 3978 380 4030 aut
392 3974 531 4045 secundo,
547 3979 601 4029 aut
611 3976 706 4047 infra,
720 3991 910 4048 nequaquam
920 3994 997 4036 com-
1050 3980 1146 4033 untes
1159 3975 1274 4047 angelis
1296 3975 1451 4033 interiores
1464 3980 1544 4044 sunt)
1558 3991 1671 4033 nomen
1691 3978 1829 4049 ipsorum
1842 3991 1876 4031 se

164 4074 255 4117 mune
268 4072 280 4130 ;
293 4059 345 4118 sed
364 4061 441 4117 sicut
455 4062 617 4134 unicuique
630 4069 700 4121 ante
710 4067 840 4135 propria
855 4066 998 4136 definitur
1050 4066 1185 4122 eundum
1204 4067 1417 4139 proprietatem
1446 4081 1549 4122 eorum
1578 4080 1729 4138 usurpare
1750 4070 1874 4141 possunt

164 4149 319 4219 analogia.
334 4150 399 4206 Hoc
414 4155 513 4208 autem
527 4155 556 4208 et
570 4151 607 4209 de
620 4154 755 4210 omnibus
768 4156 878 4213 diuinis
893 4159 997 4214 menti·
1052 4154 1110 4212 Sed
1123 4156 1187 4211 haec
1201 4155 1328 4227 quaestio
1343 4156 1375 4211 in
1388 4169 1423 4210 eo
1437 4153 1569 4222 solvitur,
1585 4153 1671 4226 quod
1694 4170 1791 4228 supra
1812 4153 1874 4210 dixi·

108 4257 120 4273 ·
165 4236 220 4294 hus
234 4254 295 4295 non
307 4240 447 4308 fortassis
464 4241 529 4313 quis
544 4257 651 4299 araus
675 4243 804 4313 definiet.
825 4246 944 4303 Etenim
959 4249 996 4303 si·
1016 4258 1130 4344 Dmus,
1145 4242 1309 4316 qinadona
1324 4243 1426 4313 panae
1437 4241 1609 4316 spiritualis,
1623 4258 1694 4315 quae
1709 4244 1742 4300 in
1755 4258 1875 4300 eommu-

165 4333 217 4384 cut
232 4330 329 4398 primi
345 4329 548 4388 abundantius
563 4331 673 4389 hahent
699 4335 848 4390 minorum
862 4342 992 4408 sanctas,
1050 4333 1173 4388 nionem
1188 4332 1327 4388 omnium
1342 4334 1506 4398 transeunt,
1518 4329 1758 4404 appellationem
1767 4345 1874 4407 quoquc

159 4417 367 4490 pulchrasque
386 4421 598 4490 proprietates,
627 4423 670 4478 sic
698 4421 807 4479 hahent
831 4426 994 4482 uttimr'eas
1049 4422 1081 4476 in
1114 4422 1378 4494 participationem
1411 4423 1622 4477 universorum
1655 4421 1831 4479 deducunt:
1854 4423 1876 4474 et

159 4507 327 4580 priorum;
348 4514 523 4568 nontamen
546 4511 694 4583 similiter,
716 4511 767 4569 sed
789 4513 884 4583 infru.
908 4514 994 4570 Nihil
1048 4512 1188 4584 quamvis
1202 4527 1238 4567 eo
1253 4511 1336 4584 quod
1359 4510 1549 4581 singulariter
1561 4525 1615 4583 per
1634 4510 1843 4568 excellentiam
1863 4525 1877 4563 a

165 4613 246 4668 erpo,
274 4604 307 4655 ut
331 4600 478 4672 existimo,
507 4601 724 4673 inordinatam,
750 4604 777 4658 st
790 4609 817 4660 et
831 4605 994 4661 secunaum
1048 4599 1234 4672 quibusdam
1248 4600 1449 4673 possidentur,
1465 4599 1626 4655 diser-etam
1651 4599 1877 4672 appellationem

164 4702 377 4745 nonsummum
390 4690 572 4747 sacertotem
586 4691 993 4766 cupetumtheolopr'auecnt,
1049 4688 1162 4745 faciunt
1178 4707 1185 4757 ;
1202 4704 1237 4745 eo
1251 4693 1351 4745 tamen
1375 4688 1459 4761 quod
1484 4687 1652 4746 secundum
1671 4687 1808 4762 aliquem
1827 4703 1877 4744 mo

159 4774 565 4847 justaeirtutemprcpriom
576 4780 753 4848 angelorum
759 4782 994 4851 participantem
1048 4778 1123 4833 dum
1139 4779 1314 4834 communia
1329 4780 1408 4839 sunt.
1428 4779 1554 4833 nomina
1577 4792 1701 4849 quoque
1720 4777 1878 4852 aliquando

161 4860 339 4932 prophetica
360 4867 558 4938 proprietate,
574 4872 600 4924 et
616 4867 658 4923 ad
677 4869 932 4938 manifestativam
951 4885 995 4926 eo·
1050 4867 1217 4925 secundum
1238 4869 1419 4938 exigentiam
1445 4883 1606 4923 causarum
1625 4867 1667 4924 ad
1689 4883 1878 4926 communem

162 4965 233 5007 rum
247 4951 482 5024 similitudinem,
498 4959 644 5025 quantum
662 4956 804 5024 passibile
816 4957 993 5025 horninibus,
1049 4954 1282 5029 appellationem
1297 4955 1460 5013 deducunt.

163 5044 327 5098 autentum.
350 5041 485 5097 Invenies
506 5047 616 5114 autern,
631 5045 711 5114 quad
725 5051 752 5102 et
763 5046 830 5102 deos
846 5047 994 5117 theologia
1085 5067 1098 5092 «
1115 5045 1262 5110 Quaeritur
1272 5048 1372 5100 autem
1387 5047 1416 5100 et
1431 5044 1488 5100 hoc
1503 5041 1740 5113 intelligibilium
1755 5046 1881 5119 eloqsrio

163 5135 262 5197 vocat,
277 5133 306 5186 et
316 5131 448 5208 ¹cristestes
467 5146 560 5201 supra
574 5147 627 5188 nos
642 5136 793 5205 essentias,
808 5139 836 5191 et
848 5135 931 5204 opust
942 5149 995 5191 nos
1049 5150 1118 5190 rum
1130 5132 1263 5191 studiose
1275 5132 1468 5190 intuentibus.
1480 5155 1494 5184 s
1506 5132 1672 5189 Astudiose
1685 5134 1880 5199 intuentibus,

163 5218 432 5288 amicissimosDei,
444 5225 473 5278 et
492 5220 645 5278 mirabiles
660 5222 749 5278 viros.
765 5221 806 5276 Et
818 5223 936 5292 quidem
951 5222 995 5278 di-
1047 5224 1105 5280 hoc
1120 5228 1174 5292 est,
1190 5240 1208 5280 a
1223 5224 1367 5280 studiosis
1383 5221 1632 5297 inspectatoribus
1648 5222 1882 5296 intelligibilium

162 5307 267 5364 vinum
280 5313 426 5366 secretum
444 5310 731 5380 superessentialiter
757 5309 848 5364 simut
860 5309 994 5366 omnihus
1049 5311 1249 5384 eloquiorum,
1268 5312 1299 5366 id
1323 5315 1367 5366 est
1388 5312 1562 5367 divinorum
1587 5310 1803 5384 eloquiorum:
1821 5329 1882 5387 qus

163 5400 192 5451 et
205 5403 361 5468 remotum,
386 5404 415 5456 et
432 5400 713 5471 supercollocatum,
728 5405 755 5454 et
777 5399 895 5456 nullum
910 5401 937 5455 ei
951 5415 995 5456 eo-
1049 5405 1118 5457 sunt
1130 5400 1338 5471 intelligibilia,
1350 5401 1382 5457 id
1397 5405 1441 5459 ast
1460 5400 1626 5476 spiritualia
1641 5407 1670 5458 et
1684 5403 1842 5475 profunda
1851 5403 1882 5459 dc

162 5494 243 5553 rum,
258 5501 326 5556 qna
340 5489 377 5545 ab
394 5504 427 5546 eo
439 5494 519 5561 sunt,
530 5489 627 5546 simite
648 5488 802 5546 naminari
811 5489 944 5560 proprie,
967 5493 994 5545 et
1049 5489 1141 5547 rebus
1152 5488 1358 5561 intelligilibus
1371 5489 1469 5549 iacta:
1492 5492 1646 5564 queritur,
1662 5490 1745 5562 dico,
1760 5493 1822 5550 hoe
1834 5495 1883 5549 sci·

163 5572 284 5649 omnino
301 5580 391 5635 valet.
420 5579 627 5638 Verumtamen
646 5585 829 5650 quacunque
838 5584 865 5636 ct
880 5578 995 5659 intelle·
1048 5577 1116 5638 licet
1129 5594 1222 5654 quare
1234 5579 1373 5639 homines
1387 5579 1502 5654 prelati
1517 5579 1595 5654 aliis,
1610 5580 1712 5654 angeli
1724 5587 1882 5642 vecanam
