3832 6044
63 128 113 180 aar

491 132 697 189 aetermam:
718 134 750 187 ts
770 131 890 188 NOVUM
907 133 1169 190 restauremus.
1189 165 1224 174 -
1243 136 1306 193 tra.
1327 139 1348 192 l.

1721 147 1773 200 aaa

63 250 193 305 tractum
209 249 312 317 aliast,
329 252 409 323 quia
423 252 497 310 sient
507 253 536 309 in
552 255 609 311 alia
620 255 765 327 parabola
777 254 893 321 dicitur,
906 263 928 314 Α
949 257 989 326 git
1003 274 1080 330 quos
1094 258 1199 325 trahat,
1210 259 1281 332 quia
1291 264 1317 315 et
1329 260 1520 335 quoseligerc
1532 262 1636 336 possit,
1646 263 1772 332 ignorat.

63 339 125 394 sive
142 338 337 406 trigesimum,
355 342 415 397 sire
438 344 668 410 sexagesimum,
699 343 758 400 sire
773 345 895 400 centesi-

63 444 148 483 mum
164 428 283 499 praerat.
302 430 369 501 nn),
388 430 573 486 sicennam
601 431 630 486 in
653 437 761 488 terram
782 433 893 489 cadens

63 531 117 588 per
131 515 360 574 lnnnanitatem.
376 516 431 573 lert
446 518 585 583 ¹fructum
610 520 739 575 multum
763 521 892 577 moriens

62 620 117 677 per
131 602 312 676 passionem.
324 605 398 660 bibit
411 622 544 679 rraurqne
559 608 646 663 nabis
657 609 740 665 ricrsei
754 609 893 667 contulis-

63 699 117 761 set,
132 693 188 748 nisi
202 694 358 749 moriendo
371 712 427 751 nos
451 697 595 754 redimere
610 700 763 772 potuisset.
781 704 820 757 lle
835 703 892 759 boc

62 783 170 848 fructu,
186 787 213 837 et
229 783 363 854 prolecta
376 801 429 858 per
441 786 627 843 psalmistam
642 789 682 845 ait
699 808 705 845 ι
721 791 891 861 Sirrqrrlart-

63 877 181 926 tersum
198 873 353 941 spartanae
369 879 519 930 transeam
535 877 628 942 (l’snt.
641 883 715 943 ιιι).
734 879 891 946 Singulari-

64 965 106 1016 ter
120 960 199 1016 enirn
214 961 278 1029 tait,
294 962 389 1017 «larice
406 964 535 1033 transiit,
556 966 637 1038 (laia,
654 967 749 1024 clance
764 974 891 1025 mortem

63 1051 201 1119 gustarit,
220 1051 347 1106 tractmu
363 1053 503 1109 britanne
518 1055 731 1128 redemptionis
751 1075 812 1113 non
827 1074 892 1131 per·

63 1139 140 1195 iecit.
158 1139 213 1196 Sed
241 1141 397 1197 moriendo
424 1142 552 1200 fraretum
568 1162 604 1200 ex
629 1163 660 1200 se
675 1148 889 1220 multiplicarit,

61 1229 134 1301 qnia
150 1245 254 1284 amnes
283 1230 323 1285 ad
337 1230 429 1287 ritam
445 1236 586 1290 eternam
607 1235 832 1307 praedestinatos
848 1254 891 1292 re-

61 1318 164 1374 demit.
186 1321 238 1373 l¹er
266 1319 345 1374 laune
374 1320 502 1393 deniqne
529 1323 668 1391 fructum,
697 1324 891 1391 designantur

61 1406 249 1480 patriarchae,
265 1408 428 1480 prophetae,
445 1410 644 1482 evangeliste,
657 1412 794 1484 apostoli,
814 1430 892 1468 mar-

949 349 1014 402 ltrec
1028 351 1128 402 aldem
1144 347 1268 419 piscatio
1297 354 1365 422 past
1388 351 1505 407 Domini
1529 351 1774 409 resurrectionem

948 434 1034 502 facta,
1051 436 1080 491 ιιι
1097 436 1191 492 solam
1206 437 1359 495 dexteram
1369 440 1461 497 missa
1474 446 1528 508 est,
1542 441 1614 514 quia
1624 440 1774 497 adriden-

946 524 1021 580 dum
1041 524 1179 583 claritatis
1194 528 1258 599 ejus
1273 528 1408 597 gloriam,
1426 528 1488 586 sola
1503 529 1665 587 electorum
1680 529 1776 587 Eccle-

947 610 990 666 sia
1004 613 1160 684 pertinget,
1175 631 1242 687 quie
1257 616 1295 671 de
1310 616 1427 673 sinistro
1442 634 1531 691 opere
1553 618 1626 674 nihil
1639 618 1773 677 babebit.

947 703 977 755 tu
992 700 1041 757 illa
1057 702 1229 774 piscatione,
1260 721 1320 777 pne
1350 706 1538 763 multitudine
1562 707 1690 780 piscium
1713 711 1774 764 rete

945 789 1103 862 rumpitur,
1119 791 1190 864 quia
1203 809 1283 847 rrune
1307 794 1344 849 ad
1360 794 1579 852 contessionem
1593 796 1662 853 fidei
1684 796 1774 854 etiam
1817 849 1820 855 ,

946 896 1015 934 crim
1030 879 1128 935 electis
1154 881 1273 952 reprobi
1301 887 1363 938 tam
1389 883 1474 939 multi
1488 883 1607 951 intrant,
1631 889 1663 942 ut
1676 885 1773 958 ipsam

945 984 1066 1040 quoque
1083 969 1244 1025 Ecclesiam
1258 971 1422 1027 lueresibus
1438 972 1583 1028 scindant.
1595 978 1626 1028 tn
1636 973 1693 1029 ista
1703 990 1774 1030 vero

947 1057 1108 1129 piscatione
1135 1059 1260 1115 etmulti
1274 1059 1382 1132 pisces,
1399 1066 1427 1116 et
1442 1060 1545 1131 magni
1560 1061 1728 1133 capiuntur,
1746 1067 1775 1118 et

945 1151 1004 1201 rete
1020 1163 1080 1202 non
1096 1148 1253 1220 rumpitur,
1269 1149 1341 1221 quia
1356 1154 1459 1207 saneta
1469 1149 1631 1206 electarum
1646 1149 1774 1207 Ecclesia

945 1235 974 1290 in
989 1236 1130 1292 continua
1144 1238 1273 1293 auctoris
1286 1239 1331 1294 sui
1355 1256 1428 1312 paee
1458 1239 1656 1312 requiescens,
1684 1239 1774 1295 trullis

942 1324 1007 1396 jam
1017 1325 1249 1382 dissentionibus
1264 1327 1433 1385 dilaniatur.
1443 1330 1589 1385 illiserunt
1600 1343 1670 1399 erpo
1684 1329 1771 1397 retia,

944 1413 1046 1480 etjam
1063 1428 1123 1467 ιιοιι
1138 1413 1275 1469 calebant
1292 1413 1412 1471 trabere
1423 1430 1488 1484 prae
1502 1414 1695 1470 multitudine
1711 1415 1772 1483 pis-

62 1501 151 1569 tgres,
169 1496 361 1563 consessores,
376 1498 890 1567 rirginesetomneseleetrecratinae,
945 1501 1032 1556 earm.
1048 1501 1162 1570 afferte
1189 1502 1226 1557 de
1236 1503 1368 1572 piscibus
1383 1518 1455 1574 qaas
1470 1502 1667 1572 prendidistis
1680 1516 1770 1557 nanc.

60 1590 210 1659 quotquot
220 1585 338 1642 fuerunt
348 1586 387 1643 ab
400 1587 481 1643 initio
492 1589 690 1660 justitieandre
699 1608 753 1663 per
763 1591 891 1659 gratiam
910 1615 929 1667 ῃ
944 1585 1085 1640 Ascendit
1107 1585 1210 1642 Sarrae
1232 1587 1351 1659 Pelliti,
1365 1591 1392 1643 ⁰²
1406 1588 1512 1657 ‘ra-vll,
1526 1591 1588 1642 '⁰2⁸2
1602 1587 1633 1641 ²⁸⁹2
1648 1591 1771 1654 femme

60 1674 284 1747 redemptionis,
301 1680 329 1731 et
342 1682 490 1750 quotquot
505 1683 591 1735 erum
604 1679 633 1735 in
644 1679 704 1735 sme
718 1679 890 1736 beatifican-
941 1675 1066 1742 pteanm
1101 1677 1217 1744 arcanis
1237 1677 1370 1745 piscibus
1406 1683 1524 1733 centron
1550 1676 1772 1747 arciaqaagiata

60 1762 109 1818 dre
124 1779 177 1835 per
191 1762 317 1832 gloriam
342 1766 599 1823 remunerationis.
629 1770 753 1824 Sanctus
768 1785 890 1841 quoque
944 1763 1048 1819 tribus.
1071 1767 1095 1818 A
1120 1779 1232 1833 magno
1247 1764 1389 1837 mysterio
1413 1780 1556 1821 numerus
1583 1780 1645 1821 non
1669 1767 1771 1834 vacat3

60 1855 190 1907 loannes
205 1854 387 1921 evangelista
401 1855 481 1912 bunc
508 1856 636 1913 fraretum
663 1857 811 1930 exprimit,
838 1857 889 1913 ubi
944 1852 997 1906 sed
1011 1851 1138 1909 intentos
1151 1869 1207 1910 nos
1221 1853 1293 1909 tanti
1308 1853 1441 1925 mysterii
1449 1853 1638 1926 profunditas
1651 1869 1773 1926 exspec-

60 1945 102 1996 ιιι
119 1959 124 1996 :
141 1941 255 1998 Audivi
267 1946 617 2016 narneramsignatornar
632 1947 890 2017 centarrrqaadra-
943 1944 994 1997 tat.
1022 1944 1120 2014 Neque
1135 1942 1216 1998 enim
1244 1941 1417 2015 quantitatis
1433 1957 1584 1998 summam
1606 1947 1668 1998 tam
1683 1941 1772 1998 solae

59 2031 146 2100 pinta
161 2037 292 2102 qrcatuar
305 2034 402 2088 ratttr'a
416 2035 889 2105 sr'pnatr'caanmitritmftiarran
945 2037 987 2087 ter
1004 2032 1186 2101 evangebsta
1197 2032 1385 2104 exprimeret,
1411 2031 1467 2087 nisi
1491 2031 1569 2087 hane
1584 2034 1772 2101 saepemento

60 2119 159 2173 Israel
173 2117 889 2194 (Apoc.r11r.atdcinccps:resumentem-aem
943 2120 1065 2192 plenam
1086 2136 1150 2176 esse
1163 2120 1335 2192 Judieasset.
1365 2119 1447 2178 Scitis
1475 2133 1618 2192 namque,
1644 2117 1772 2192 quadiu

61 2223 216 2277 treuguam,
229 2225 319 2279 quam
335 2210 625 2268 ctiarrmerareaerno
635 2218 816 2282 paternam*
830 2230 889 2267 am-
943 2208 1036 2264 Veteri
1050 2212 1246 2276 Testamenta,
1274 2208 1372 2266 omnis
1400 2207 1534 2282 operatio
1552 2224 1605 2280 per
1634 2205 1771 2276 decalogi
1851 2278 1856 2287 ἱ

60 2297 147 2351 adae
162 2297 308 2365 tattaeus,
324 2304 350 2354 et
361 2300 494 2370 papalis,
510 2305 538 2355 et
554 2302 674 2371 linquis,
690 2305 802 2357 stantes
819 2307 889 2357 arrtc
943 2298 1086 2354 mandata
1096 2297 1275 2371 precipitur.
1293 2302 1325 2354 ln
1337 2301 1417 2354 Nova
1430 2300 1542 2364 autem,
1554 2295 1691 2368 ejusdem
1702 2310 1772 2368 ope-

60 2385 889 2463 tttroman.Pereentumnamqnequadragintaquatuor
942 2387 1064 2444 rationis
1089 2388 1180 2445 virtus
1206 2404 1259 2460 per
1281 2386 1485 2461 septilormem
1515 2385 1642 2456 gratiam
1673 2383 1771 2442 Sancti

59 2474 152 2530 millia
167 2474 353 2544 signatorum
369 2493 405 2532 ex
429 2477 512 2533 omni
536 2477 615 2533 tribu
633 2477 763 2533 filiormn
789 2478 886 2545 israel,
943 2475 1631 2550 spiritusmidtiptieatisfidelibusdatnr,quem
1641 2473 1771 2546 prophe·

59 2563 225 2633 designarit
239 2580 290 2620 eos
305 2582 382 2637 qnos
404 2565 507 2622 divina
520 2566 708 2623 Providentia
732 2567 771 2623 ad
795 2567 887 2623 ritant
943 2571 972 2622 ta
986 2566 1176 2634 ‹lenuntiana
1191 2566 1253 2622 ait:
1282 2567 1414 2635 Spiritus
1439 2566 1592 2636 sapientia
1606 2569 1634 2621 et
1657 2563 1772 2619 intelte-

59 2652 286 2725 priedestinatos
310 2658 377 2710 ante
406 2655 569 2712 adrentum
595 2656 810 2729 Redemptoris,
835 2672 888 2729 per
943 2656 1150 2725 etnaspc'rr'tns
1161 2656 1279 2711 consilii
1289 2661 1316 2711 et
1329 2654 1530 2725 fortitudinis,
1542 2653 1666 2722 spiritns
1678 2652 1770 2708 scien·

58 2741 257 2814 praecedentia
271 2748 458 2800 sacramenta
472 2744 684 2818 redemptionis
700 2744 739 2800 ad
761 2745 887 2801 saltitem
943 2745 993 2801 tice
1007 2751 1034 2800 et
1054 2745 1193 2814 pietatis:
1216 2749 1242 2800 et
1267 2745 1392 2813 replevit
1413 2758 1480 2799 earn
1503 2742 1627 2812 spiratus
1657 2741 1771 2796 timoris

58 2830 319 2903 praeparavisse·
339 2831 457 2888 turbam
486 2837 586 2889 alitem
613 2849 768 2905 maguam,
794 2849 887 2906 quam
942 2834 1063 2890 Daradrai
1077 2835 1148 2901 (lea.
1164 2837 1215 2897 ιιι),
1231 2832 1287 2890 Sed
1302 2830 1350 2889 illa
1363 2832 1394 2887 in
1416 2831 1475 2888 hoc
1505 2829 1609 2903 spiritu
1625 2826 1771 2902 operatio·

58 2918 249 2975 dinumerare
262 2937 352 2976 tremo
367 2925 491 2993 poterat,
505 2938 598 2995 qnam
614 2922 683 2978 riclit
696 2939 731 2978 ex
746 2922 888 2978 omnibus
903 2969 924 3022 C
942 2942 1012 2981 nem
1028 2924 1162 2999 percipit,
1178 2924 1230 2997 qui
1245 2924 1338 2981 tidem
1352 2922 1498 2981 trinitatis
1526 2920 1670 2993 agnoscit,
1697 2922 1772 2977 utet

59 3007 197 3063 tribubus
212 3013 240 3064 et
253 3008 372 3080 linguis,
386 3016 414 3067 et
429 3011 557 3083 papulis,
567 3011 632 3067 illos
640 3011 800 3067 insinuarit
811 3027 888 3084 alnas
943 3017 1067 3083 Patrem,
1082 3019 1111 3070 et
1125 3013 1239 3086 Filium,
1253 3018 1282 3070 et
1307 3013 1447 3069 eumdem
1468 3011 1609 3084 Spiritum
1633 3014 1771 3066 sanetum

59 3100 129 3168 post
143 3097 304 3154 aclrantum
317 3099 521 3172 Redemptoris
534 3099 628 3167 gnatia
641 3115 771 3172 snpcrna
783 3099 889 3171 justiti·
942 3103 1030 3158 unius
1044 3102 1158 3159 intutis
1173 3103 1282 3170 eredat,
1299 3102 1388 3158 unius
1403 3099 1576 3156 substantiae
1602 3114 1667 3154 esse
1680 3098 1770 3154 fatea-

60 3189 110 3240 eat
125 3189 152 3240 et
167 3186 282 3244 salvat:
307 3189 344 3244 de
365 3205 427 3261 qua
456 3188 765 3257 turbarectedicitur,
794 3204 887 3261 quam
942 3196 999 3248 tur.
1014 3192 1087 3257 Quia
1099 3191 1188 3260 igitur
1203 3195 1327 3262 septem,
1340 3206 1408 3263 quie
1419 3187 1556 3260 superius
1566 3186 1707 3253 diximus,
1717 3201 1771 3259 per

58 3273 249 3332 dinumerare
259 3278 556 3351 nemepoter·at,quia
564 3277 654 3351 pauci
662 3281 745 3333 erant
755 3276 808 3350 qui
819 3281 887 3333 ante
943 3283 1057 3337 Novum
1072 3282 1293 3335 Testamentum
1304 3277 1392 3334 latius
1403 3277 1473 3333 data
1484 3279 1553 3330 sunt
1561 3274 1652 3342 dona,
1664 3272 1769 3352 decem

59 3363 223 3419 adrentum
238 3365 341 3420 Christi
354 3365 596 3435 justificabantur
624 3366 662 3422 ad
691 3365 888 3438 comparatio-
942 3385 1012 3425 rere
1027 3385 1080 3441 per
1096 3371 1181 3423 Vetus
1196 3372 1356 3440 praecepta,
1372 3365 1471 3422 omnis
1496 3368 1599 3421 nestra
1622 3362 1726 3430 virtus,
1741 3365 1772 3418 et

58 3467 129 3507 nem
144 3469 258 3520 eormn,
275 3453 326 3526 qm
342 3460 408 3526 past
421 3455 584 3510 adrentum
599 3455 663 3525 ejus
676 3453 886 3526 justificantur.
942 3457 1084 3531 operatio,
1096 3473 1150 3530 par
1174 3457 1320 3513 decernet
1347 3460 1461 3528 septem
1474 3457 1572 3529 potest
1587 3452 1674 3526 plene
1689 3466 1770 3507 com·

58 3541 303 3597 itateadventum
318 3542 426 3598 etenim
440 3543 604 3613 ejusuotus
617 3540 888 3598 tarrtnmintudaea
941 3541 1095 3615 prehendi.
1124 3545 1274 3599 [lucemus
1289 3540 1378 3611 igitur
1405 3555 1459 3612 per
1487 3538 1638 3609 trigonum
1664 3536 1770 3593 decem

59 3632 146 3686 lteris.
157 3630 241 3686 itodo
252 3647 322 3687 vero
339 3647 444 3686 onmes
456 3636 557 3701 gentes
573 3631 722 3704 plaudunt
736 3629 886 3695 manibus,
942 3635 971 3686 et
998 3635 1121 3704 septem,
1151 3636 1180 3688 et
1206 3630 1330 3687 veniunt
1358 3646 1452 3685 unum
1481 3632 1509 3684 et
1539 3625 1768 3701 quinquaginta.

56 3718 255 3790 jubilantDea
278 3721 388 3776 irteaee
409 3722 616 3776 eesrrltatr'oais
637 3721 731 3788 (Psat.
746 3722 841 3786 mir).
865 3719 889 3774 0
943 3721 998 3787 Qui
1023 3721 1155 3794 protecto
1181 3737 1335 3789 numerus,
1365 3736 1383 3776 a
1407 3734 1518 3789 magno
1542 3716 1685 3790 mysterio
1708 3731 1770 3771 non

59 3823 150 3879 ᾳιιιιιι
158 3809 419 3876 mirabilettl'sat.
429 3809 504 3881 ιιι).
517 3809 597 3866 tstud
608 3815 651 3866 est
664 3809 889 3883 grannm,quod
941 3817 1037 3880 vacat,
1052 3811 1124 3885 quia
1142 3811 1172 3867 in
1200 3814 1387 3868 Testamenta
1414 3807 1508 3866 Veteri
1533 3806 1659 3877 legimus
1686 3803 1770 3877 quod

59 3895 130 3951 tacit
141 3896 268 3953 irrretum
292 3897 478 3967 trigesimum
496 3898 525 3953 in
539 3898 706 3969 conjugatis
719 3916 725 3964 ;
742 3897 888 3966 sexagesi-
942 3918 1040 3959 annus
1053 3901 1323 3976 quinquagesimus
1336 3899 1474 3972 jubilens
1484 3895 1585 3954 vocari
1596 3895 1699 3967 jussus
1714 3896 1768 3960 est,

58 4001 145 4040 mum
159 3985 188 4040 in
204 3985 442 4053 continentibus,
457 3986 652 4043 centesimum
666 3986 696 4042 in
712 3984 887 4056 virginibus.
942 3991 971 4046 in
987 4008 1048 4064 quo
1061 3991 1198 4048 videlieet
1222 3989 1353 4065 populus
1367 3992 1491 4046 cunctus
1506 3986 1546 4044 ab
1560 3983 1644 4044 omni
1667 3997 1770 4057 opera-

645 4072 650 4077 ’
941 4080 1020 4137 tione
1032 4081 1205 4153 quiesceret.
1223 4079 1280 4136 Sed
1306 4095 1376 4135 vera
1401 4077 1519 4150 requies
1543 4075 1572 4133 in
1589 4075 1700 4133 unitate
1715 4074 1768 4128 est.

942 4169 1038 4226 Dividi
1049 4169 1162 4242 quippe
1174 4184 1270 4224 unum
1284 4183 1345 4223 non
1357 4170 1454 4240 potest
1465 4186 1471 4223 :
1484 4165 1535 4222 ubi
1546 4166 1626 4222 enim
1641 4164 1770 4221 scissura

95 4254 179 4309 Dr'eit
189 4256 273 4311 Jesus
283 4256 438 4326 discipulis
458 4257 540 4311 stris:
557 4256 667 4311 Mittite
681 4257 712 4311 ia
733 4255 886 4311 dexteram
942 4258 1095 4315 divisionis
1121 4261 1174 4318 est.
1194 4272 1265 4313 vera
1293 4255 1410 4328 requies
1437 4270 1501 4311 non
1528 4259 1593 4311 est:
1621 4253 1770 4309 ducamus

58 4346 175 4414 ancipit
188 4351 258 4415 rete,
272 4352 299 4403 et
315 4347 468 4403 invenietis
484 4348 581 4414 (Jaarr.
597 4350 667 4415 nn).
680 4344 726 4401 Bis
738 4345 767 4400 in
784 4349 887 4401 saneto
905 4317 927 4371 D
942 4364 1013 4419 ergo
1027 4364 1081 4422 per
1100 4346 1250 4417 trigonum
1277 4343 1496 4419 quinquaginta
1521 4347 1549 4398 et
1572 4356 1678 4407 unum,
1693 4339 1770 4396 flunt

59 4434 888 4508 Evangeliolegitarqnodbominusjussitutadpisean-
942 4435 1296 4511 centumquinquaginta
1317 4433 1473 4499 t1ia.Quia
1500 4430 1590 4501 igitur
1616 4433 1645 4485 et
1671 4427 1770 4484 omnis

58 4522 134 4577 dnm
145 4522 418 4597 retiamitterentar,
428 4527 495 4581 ante
505 4523 654 4597 passionis
664 4523 745 4578 diem
753 4523 888 4579 videlieet
942 4527 1074 4600 operatio
1087 4529 1198 4593 nostra,
1210 4529 1239 4580 et
1253 4523 1344 4580 virtus
1358 4522 1389 4578 in
1401 4522 1461 4578 fide
1474 4518 1619 4578 Trinitatis
1627 4516 1768 4586 exhibitu,

59 4616 88 4666 et
103 4615 170 4683 post
180 4612 435 4670 resurrectionem.
448 4613 504 4670 Sed
518 4613 695 4686 priusquam
710 4611 888 4685 Redemptor
942 4617 981 4673 ιιι
994 4616 1127 4688 requiem
1142 4614 1235 4671 tendit
1250 4631 1257 4670 :
1275 4616 1389 4686 septem
1403 4616 1433 4669 et
1445 4611 1551 4669 decem
1562 4614 1605 4668 ter
1618 4608 1768 4676 ducimus

57 4704 161 4755 noster
174 4704 203 4756 et
216 4706 374 4774 pateretur,
389 4707 417 4758 et
428 4707 604 4773 resurgeret,
620 4701 695 4757 mitti
718 4705 778 4757 rete
791 4700 830 4757 ad
844 4700 888 4773 pi·
942 4711 974 4762 ut
987 4706 1026 4762 ad
1039 4702 1259 4779 qninquaginta
1284 4706 1312 4759 et
1339 4718 1435 4760 unum
1459 4701 1560 4759 venire
1583 4699 1768 4767 debeamus;

58 4788 207 4845 scandum
219 4790 305 4860 jubel
316 4808 322 4846 :
335 4791 387 4846 Sffll
402 4795 502 4847 ullum
517 4791 547 4846 in
561 4791 707 4857 (lethem,
723 4806 762 4846 an
774 4789 804 4845 in
820 4789 888 4846 sini·
942 4799 970 4851 et
983 4810 1054 4851 rere
1068 4798 1170 4850 nostra
1184 4792 1301 4866 requies
1317 4796 1388 4849 tunc
1401 4797 1454 4862 est,
1484 4807 1553 4849 eum
1581 4790 1680 4865 ipsam
1704 4788 1769 4861 jam

58 4883 152 4933 stram
167 4878 241 4936 mitti
252 4880 412 4948 debuisset,
428 4895 488 4936 non
500 4880 604 4951 jubet;
620 4883 688 4953 post
701 4880 888 4936 resunectio-
942 4884 1104 4942 claritatem
1119 4882 1266 4945 Trinitatis
1286 4882 1489 4953 agnoscimus,
1505 4898 1600 4957 quam
1613 4881 1643 4937 in
1657 4877 1769 4936 unitate

57 4983 129 5022 nem
138 4984 208 5025 rere
217 4969 371 5042 discipulis
385 4986 544 5043 apparens,
555 4970 629 5026 mitti
640 4970 671 5025 in
680 4970 817 5029 dextram
828 4974 887 5026 rete
941 4974 1102 5031 divinitatis
1115 4990 1178 5030 esse
1194 4978 1308 5030 cenum
1329 4976 1475 5031 tenemus.
1505 4969 1726 5062 Quinquaginta
1741 4968 1770 5020 et

55 5056 152 5129 jubet
162 5061 194 5114 ln
204 5058 254 5114 illa
264 5058 428 5131 piscatione
441 5062 483 5115 tot
492 5063 521 5115 et
531 5059 603 5115 tanti
611 5059 707 5131 pisces
718 5059 796 5131 capti
807 5063 885 5127 srrnt,
941 5063 1090 5115 nnumter
1103 5059 1252 5123 ducimus,
1269 5062 1297 5115 ct
1310 5057 1472 5115 electorum
1501 5069 1654 5113 summam
1676 5064 1769 5148 mtsu·

57 5145 413 5222 utretiarumperentur;
429 5147 459 5204 in
474 5148 529 5204 ista
545 5152 694 5215 autemst
708 5147 793 5204 multi
808 5148 887 5221 eapti
940 5166 1034 5223 perna
1049 5149 1154 5223 patria,
1170 5149 1256 5223 quasi
1269 5152 1390 5204 centum
1405 5144 1624 5220 quinquaginta
1638 5141 1768 5238 et‘tnum

57 5241 138 5304 srmt,
155 5241 183 5294 et
196 5238 269 5295 retia
280 5243 437 5312 ruptanon
455 5242 532 5294 sant.
550 5238 620 5305 Quis
630 5254 700 5294 vera
714 5236 887 5294 neseiatbo-
940 5240 1068 5314 piscium
1088 5256 1248 5297 numerum
1267 5243 1414 5293 tenemus.
1429 5238 1498 5289 Post
1522 5232 1768 5327 resurrectionem

56 5326 115 5382 nas
129 5326 242 5395 (lextra,
257 5332 285 5384 et
299 5327 395 5384 malos
411 5327 529 5383 sinistra
542 5326 687 5398 figurari?
701 5327 752 5384 llla
762 5344 833 5396 crgo
844 5327 887 5400 pi-
940 5346 1010 5386 vero
1025 5329 1142 5386 Domini
1155 5328 1280 5384 missum
1302 5329 1362 5379 rete
1386 5323 1512 5390 dignum
1541 5318 1605 5385 ierit,
1621 5319 1654 5372 ut
1670 5318 1714 5372 tot
1726 5331 1769 5389 pr-

57 5416 161 5484 scati0‚
179 5416 208 5472 in
226 5434 287 5490 qua
302 5416 467 5490 specialiter
481 5418 511 5472 in
521 5433 614 5489 qnam
626 5422 742 5490 partem
752 5417 827 5474 mitti
837 5417 886 5473 de-

160 4126 239 4187 Car.
255 4126 310 4188 XI.
329 4125 373 4187 lle
387 4129 541 4187 ernessrime
559 4127 632 4187 retr's
648 4127 679 4185 ιἰι
692 4146 785 4187 reare.

941 5435 1005 5474 sees
1020 5420 1147 5490 caperet,
1160 5417 1234 5486 quot
1248 5410 1438 5467 solummodo
1453 5409 1561 5464 electos
1573 5406 1652 5463 circs
1667 5421 1769 5479 super-

56 5505 129 5562 beat
143 5510 213 5575 rete,
227 5522 289 5563 non
301 5506 432 5578 iubetur,
450 5512 626 5577 presentem
638 5507 798 5563 Ecclesiam
811 5505 887 5562 desi·
940 5517 987 5557 nce
1002 5501 1104 5574 patriae
1119 5497 1319 5563 designarent.
1336 5497 1452 5550 Etcum
1475 5492 1549 5550 tanti
1569 5495 1677 5561 esseut,
1706 5507 1769 5548 uon

59 5595 172 5664 gncrvit,
184 5612 252 5668 qaas
265 5596 363 5652 bonos
378 5599 407 5651 ct
421 5594 517 5650 malos
531 5594 619 5650 simul
634 5594 753 5664 colligit,
768 5611 823 5650 nec
838 5593 886 5648 eli·
940 5596 984 5648 est
996 5590 1122 5646 scissum
1137 5589 1206 5642 rete.
1226 5587 1259 5641 lit
1273 5583 1381 5654 adiecit
1396 5581 1577 5655 evangelista
1591 5599 1655 5639 rem
1669 5597 1769 5639 neces-
