3832 6044
162 127 210 191 Sil
471 130 623 191 hunonis
646 136 691 189 DE
711 136 739 191 S.
764 122 912 189 VICTORE
932 125 1007 189 OPP.
1027 121 1116 188 PhiiS
1137 133 1155 187 1.
1177 163 1211 171 -
1237 126 1430 188 alrannus
1450 132 1565 186 hubin.
1827 128 1881 187 811

162 258 298 325 mitteret,
314 255 370 312 nisi
385 255 489 313 daret?
504 259 539 312 Et
557 256 711 330 quomodo
726 256 819 324 daret,
845 254 901 312 uisi
918 270 989 311 suns
1008 260 1031 312 h
1080 257 1155 312 Here
1166 257 1196 312 in
1217 257 1382 325 proverbiis
1406 257 1521 312 torretes
1547 271 1612 310 som
1626 255 1716 324 vobis,
1748 255 1808 312 hoc
1825 260 1880 325 est,

162 347 369 412 essetiQuare
394 344 532 413 dicimus,
547 345 629 418 quod
656 344 810 418 utriusque
825 348 878 413 est,
899 349 928 401 01
950 344 989 400 01)
1045 346 1155 402 obcurc
1170 350 1318 419 quantum
1341 346 1380 402 ad
1396 361 1520 419 parram
1534 360 1637 401 corum
1666 344 1880 417 capacitatem,

162 440 288 509 utroque
298 432 441 508 procedit.
457 436 514 489 h'ec
533 437 634 490 tamen
658 433 738 489 aliud
753 432 903 500 addimus,
918 432 990 505 quia
1044 451 1137 508 quam
1174 440 1245 490 tunc
1280 435 1442 500 habehant,
1473 433 1553 490 unde
1592 438 1620 490 et
1648 433 1759 506 Spiritu
1787 435 1882 491 adve-

161 524 234 581 nrhil
248 523 430 598 oppositum.
448 523 494 580 Sic
508 522 589 579 enim
602 521 746 595 accipitur
757 521 854 589 aliud3
867 526 896 577 et
907 521 990 594 apud
1043 523 1151 593 niente,
1167 525 1232 581 haec
1248 540 1308 581 non
1322 524 1491 598 proverbia,
1508 523 1560 579 sed
1574 522 1666 580 rerba
1679 523 1881 595 intelligibilia

160 613 300 670 Paulum:
319 613 354 669 Si
366 614 432 684 qais
447 612 526 670 vobis
541 613 627 669 atiud
639 613 897 689 annominaverit,
918 626 991 667 aaa·
1044 611 1134 669 10010.
1859 617 1861 621 ’

161 703 261 760 themo
274 703 312 758 sit
324 702 437 773 (Galat.
449 702 479 772 1).
495 702 539 757 De
551 717 614 758 roeo
625 702 761 771 accipiet,
777 704 832 756 etc.
845 699 916 755 Hinc
926 699 990 755 vult
1078 703 1153 758 Hier
1164 703 1279 757 iocatus
1287 706 1328 757 est
1342 702 1427 758 iesus
1453 705 1480 757 et
1507 701 1667 757 subtractis
1696 701 1805 772 ceretis,
1820 705 1877 757 etc.

160 793 316 850 haereticus
330 791 441 848 habere
454 791 536 863 quod
560 790 683 863 Spiritus
698 794 819 846 sanetus
840 789 939 845 minor
953 788 989 846 sit
1044 792 1141 857 (iacet.
1157 795 1235 852 sur).
1250 790 1300 847 Hic
1315 791 1491 847 terminatur
1503 805 1601 846 sermo
1616 789 1786 846 secundum
1800 806 1879 863 quo·

54 924 56 929 ,
161 882 241 951 11110,
257 880 329 954 quia
342 879 490 952 accipiens
504 879 603 935 minor
615 883 658 935 cst
672 879 762 935 dante
778 897 784 934 :
798 879 881 951 quod
895 878 988 933 deter-
1044 880 1140 948 sdam,
1157 885 1186 937 ct
1194 878 1298 953 incipit
1310 879 1413 936 oratio.
1424 882 1518 936 Pater
1534 880 1680 949 clarifica,
1704 883 1762 936 etc.
1776 879 1878 936 Proxi-

159 972 291 1028 minatur
304 986 357 1043 per
370 970 427 1025 hoc
449 969 532 1041 quod
547 968 654 1024 dicitur
668 968 706 1024 de
732 984 811 1036 meo,
826 968 884 1023 hoc
912 971 956 1024 cst
970 984 988 1023 a
1042 985 1093 1025 ma
1107 969 1247 1042 passione
1262 973 1327 1025 orat
1346 969 1489 1025 hominus
1500 968 1690 1025 audientibus
1705 967 1876 1042 discipulis,

106 1120 117 1133 ‚
159 1064 252 1128 Patre,
267 1075 356 1132 aquo
365 1063 394 1115 et
408 1057 504 1114 Filius.
515 1059 596 1114 Unde
609 1058 709 1130 potius
719 1062 798 1130 patet
813 1057 913 1130 ipsum
923 1072 988 1112 csso
1043 1059 1147 1115 utillos
1161 1060 1288 1116 instante
1298 1058 1485 1116 tribulatione
1498 1059 1695 1116 adorandum
1710 1058 1876 1129 coningere

158 1149 316 1223 aqualem,
336 1164 430 1221 quam
444 1147 623 1203 inferiorem.

196 1285 302 1340 tirnaio
316 1298 498 1355 qrraeonqoe
524 1282 730 1349 horrerem,
747 1295 812 1337 inea
833 1286 913 1337 serrat.
931 1280 988 1336 Sed

157 1378 242 1432 Pater
253 1373 311 1429 hoo
325 1373 425 1441 hahet,
441 1372 523 1446 quod
539 1371 640 1442 genuit
655 1371 769 1437 libum,
794 1374 822 1426 et
841 1369 988 1426 110110111-

157 1465 446 1522 hum:n0nta1ncn
476 1461 563 1518 Filius
591 1461 648 1517 hoc
663 1460 762 1516 habet.
792 1462 825 1515 Et
848 1458 985 1528 dicimus,

157 1555 241 1629 quod
254 1569 344 1610 omne
355 1552 471 1608 honum
481 1550 573 1608 Panis
587 1555 630 1607 cst
639 1551 754 1607 bonum
768 1549 839 1606 11111.
862 1548 944 1605 Unde
960 1553 988 1605 et

157 1644 214 1701 hoc
229 1643 344 1699 honum
358 1641 450 1697 Patris
461 1639 579 1709 seilicet,
594 1640 677 1713 quod
695 1639 759 1712 ipso
772 1642 856 1695 Pater
875 1641 927 1705 est,
941 1638 987 1694 vol

157 1733 273 1791 habens
287 1731 401 1799 Filium,
420 1734 464 1787 cst
488 1730 603 1787 honum
626 1728 695 1794 Filii.
726 1727 826 1784 Dicere
854 1744 986 1801 namque

157 1822 239 1896 quod
255 1820 342 1878 Filius
356 1821 413 1877 hoc
427 1819 526 1888 habet,
543 1818 625 1892 quod
641 1818 705 1890 ipse
722 1821 805 1874 Pater
819 1821 863 1873 est
877 1820 961 1873 Pater
977 1835 983 1873 :

156 1911 231 1969 nihil
245 1916 298 1968 est.

192 2045 352 2115 Moenum,
369 2045 472 2113 etjam
488 2059 547 2099 noo
570 2042 704 2099 ridebitis
729 2058 784 2114 me,
800 2047 855 2099 etc.
873 2042 901 2100 Si
927 2043 985 2101 hoc

157 2133 310 2193 modicum
336 2132 480 2189 adtotum
508 2136 627 2206 tempus
650 2131 741 2204 hujus
755 2131 822 2188 vitea
849 2132 982 2201 refertur,

156 2222 311 2299 quomodo
324 2223 381 2279 hoc
393 2221 473 2289 dicit,
489 2221 573 2295 qnod
587 2237 648 2277 non
658 2220 803 2278 videbunt
821 2239 900 2290 eum,
915 2239 983 2278 cnm

155 2312 242 2371 multi
251 2312 396 2381 fidelium,
412 2310 523 2384 quihus
537 2311 594 2367 hoc
609 2310 680 2367 dicit
693 2316 761 2385 post
778 2312 984 2369 ascensionem

156 2393 226 2461 eum
240 2402 375 2470 viderint,
391 2406 424 2458 ut
437 2400 555 2470 Paulus,
568 2405 596 2458 ct
615 2402 792 2476 Stephanus,
805 2406 833 2458 ct
845 2402 912 2458 ahi:
927 2403 984 2458 hoc

157 2497 257 2551 autem
272 2509 333 2550 uno
347 2491 438 2548 verbo
451 2491 675 2560 determinatur,
690 2491 762 2564 quio
774 2508 836 2548 non
846 2491 985 2547 viderunt

155 2599 225 2640 eum
238 2582 359 2639 adterius
373 2580 539 2637 mortalem.
560 2582 656 2652 Usque
668 2582 753 2638 inodo
765 2597 824 2637 non
839 2580 983 2651 petivistis

155 2674 317 2743 quidquam
333 2672 364 2726 in
379 2671 498 2727 nornine
512 2685 585 2741 roeo,
601 2674 655 2725 etc.
667 2668 743 2725 n'ihil
757 2669 903 2742 petierant
913 2685 984 2742 apo-

155 2759 221 2817 stoli
231 2760 262 2815 iu
276 2759 397 2815 nominc
413 2758 541 2829 Domini,
556 2758 603 2814 vel
613 2757 643 2813 in
653 2758 774 2814 nomine
784 2761 853 2820 tesu
863 2757 983 2815 creden-

154 2855 198 2907 tes
212 2847 374 2919 diligcndo,
389 2847 472 2921 quod
485 2848 516 2902 in
530 2846 587 2902 hoc
602 2846 723 2903 nomine
737 2849 821 2903 iesus
836 2847 983 2917 significa·

154 2944 211 3008 tur,
225 2937 270 2994 vel
285 2937 316 2994 in
329 2937 460 3005 nominc,
475 2935 532 2992 hoc
544 2935 628 2992 estin
642 2935 693 2992 illa
704 2937 823 3009 puriore
838 2936 942 2994 notitia
955 2942 983 2994 ct
1001 2971 1021 3027 C

153 3026 284 3084 firmiore
299 3025 477 3097 cognitione,
506 3041 598 3099 qnam
611 3029 715 3098 postca
742 3025 864 3097 abjectis
878 3025 985 3096 imagi·

153 3116 324 3174 nationibus
338 3114 493 3171 delusoriis
511 3114 641 3171 habituri
655 3121 749 3184 erant,
765 3115 858 3171 misso
873 3114 983 3188 Spiritu

92 3281 96 3284 ,
153 3212 266 3264 sancto.
280 3205 362 3261 Prius
377 3203 457 3261 enim
483 3209 567 3262 erant
594 3204 749 3274 animales,
765 3210 794 3262 et
806 3204 893 3278 quasi
907 3209 983 3261 vete-

152 3312 209 3366 res,
224 3294 336 3369 quibus
349 3294 518 3368 importune
545 3311 659 3351 novum
674 3295 778 3352 vinum
802 3295 979 3352 crederetur.

154 3389 228 3443 Sunt
241 3389 341 3442 autam
369 3383 553 3453 imaginariae
578 3400 739 3457 corporum
763 3383 979 3454 similitudines,

151 3471 276 3546 quando
286 3471 453 3526 secundum
468 3471 601 3543 aliquam
616 3471 746 3528 formam
761 3489 931 3546 corporum,
948 3476 981 3528 ut

151 3559 231 3616 velut
255 3557 357 3614 radius
368 3557 437 3613 solis
463 3562 599 3630 penetrat
620 3575 699 3627 aera,
716 3559 756 3616 sic
770 3563 847 3616 Deus
861 3564 981 3633 putetur

151 3649 306 3720 penetrare
317 3643 465 3700 univorsa.
482 3646 541 3714 Vel,
558 3645 633 3703 sicut
647 3662 727 3720 aqua
753 3663 858 3703 omnes
882 3664 980 3705 caver-

97 3786 99 3792 .
151 3751 207 3792 nas
233 3735 261 3790 ct
286 3748 377 3806 poros
387 3731 521 3804 spongiae
534 3732 648 3805 implet,
664 3734 705 3790 sic
718 3734 782 3806 ipse
797 3734 980 3792 existimetur

151 3823 274 3896 implere
288 3820 401 3889 omnia,
417 3820 584 3876 secundum
597 3821 681 3893 quod
700 3821 763 3894 ipse
777 3827 877 3893 partes
889 3822 980 3879 hahe-

151 3916 195 3968 rct
209 3915 238 3968 et
258 3910 358 3980 majus
383 3913 411 3964 01
437 3907 538 3963 minus
562 3907 718 3980 reciperet.»
744 3908 788 3964 hd
813 3909 870 3965 hoc
896 3925 977 3981 ergo,

151 4000 233 4075 quod
258 4001 335 4054 Deus
364 4014 438 4070 pure
453 3997 599 4067 videatur,
615 4002 731 4071 oportet
758 4015 863 4056 omnes
877 4000 979 4071 hujus-

59 4101 64 4111 ·
127 4159 128 4162 ¹
150 4086 233 4145 modi
244 4086 475 4158 imaginationes
502 4085 658 4160 expellere,
673 4092 702 4145 et
715 4089 934 4158 transcendere,
951 4093 980 4145 ct

1042 1150 1170 1206 doceret.
1187 1149 1363 1206 clarificatio
1380 1149 1440 1205 11111
1455 1165 1473 1205 0
1487 1152 1570 1205 Patre
1586 1149 1662 1205 iacta
1676 1152 1721 1204 est
1740 1149 1874 1205 maxime

1041 1238 1072 1295 in
1086 1239 1300 1297 resurreetione
1319 1256 1430 1313 :quam
1444 1238 1537 1295 fidem
1562 1238 1649 1294 Filius
1664 1243 1809 1311 operatus
1832 1243 1875 1295 est

1042 1345 1110 1385 eum
1126 1332 1218 1386 Patre.
1236 1329 1293 1387 Sed
1310 1329 1349 1385 ad
1363 1329 1582 1385 distinctionem
1601 1344 1739 1402 personae
1755 1329 1873 1386 Patrisa

1040 1435 1170 1492 persona
1181 1418 1241 1475 Filii
1255 1418 1363 1475 dicitur
1375 1421 1460 1475 Pater
1490 1418 1592 1475 Filimn
1608 1434 1626 1474 a
1640 1418 1768 1475 mortuis
1797 1418 1873 1474 exci-

1041 1513 1129 1565 tasse.
1143 1507 1320 1566 clarificatio
1331 1524 1403 1564 vcro
1416 1509 1507 1565 Patris
1522 1525 1576 1581 per
1591 1508 1695 1565 Filium
1709 1508 1790 1567 facta
1817 1515 1869 1577 est,

1006 1598 1164 1670 gquando
1180 1597 1272 1654 misso
1289 1598 1395 1671 Spiritu
1412 1602 1515 1654 sancto
1530 1597 1621 1654 fidem
1635 1596 1758 1654 firmam
1780 1599 1871 1655 habe-

1040 1687 1124 1755 bant,
1136 1686 1208 1760 quia
1222 1690 1316 1743 licum
1327 1687 1486 1755 Christum,
1502 1690 1531 1743 et
1543 1686 1648 1743 Filium
1659 1687 1719 1755 1101,
1732 1687 1809 1744 Patri
1825 1704 1870 1744 co

1040 1775 1188 1848 aqualem
1200 1775 1371 1832 credebant.
1388 1778 1421 1832 Et
1436 1775 1477 1832 sic
1498 1791 1551 1849 per
1563 1775 1667 1832 Filium
1679 1774 1870 1833 incarnatum

1039 1867 1245 1924 manifestatus
1257 1871 1301 1923 est
1315 1868 1430 1924 mundo
1449 1869 1542 1925 Pater.
1563 1870 1628 1923 llaec
1653 1872 1756 1924 autem
1771 1868 1871 1938 cogui-

1039 1955 1079 2012 110
1087 1955 1176 2029 plena
1185 1972 1247 2012 non
1260 1960 1313 2024 est,
1323 1956 1491 2029 perficietur
1503 1959 1603 2012 autern
1615 1955 1645 2011 in
1656 1955 1870 2030 iutur0,qnan·

1038 2044 1078 2101 do
1088 2045 1154 2117 ipsa
1168 2044 1222 2101 erit
1236 2061 1356 2101 summa
1365 2045 1529 2102 beatitudo

1074 2133 1217 2197 Quaeritur
1232 2137 1332 2189 autem
1347 2133 1384 2189 de
1397 2150 1442 2202 cc,
1454 2133 1537 2207 quod
1550 2133 1671 2194 dicitur:
1690 2134 1871 2190 1101110110ιί-

1039 2221 1073 2278 lei
1085 2227 1262 2292 potestatem
1276 2223 1371 2278 ornnes
1382 2223 1482 2278 carreis
1495 2237 1506 2278 .·
1527 2221 1693 2278 seeundum
1708 2238 1805 2295 quam
1821 2238 1873 2279 na·

1038 2315 1136 2367 turam
1150 2310 1229 2367 hanc
1257 2315 1433 2382 potestatem
1461 2310 1617 2384 acceperit,
1642 2311 1726 2385 quod
1755 2312 1871 2368 salvare

1037 2403 1143 2472 potest,
1164 2398 1297 2455 etvitam
1313 2404 1455 2456 aeternam
1480 2400 1562 2456 darc.
1589 2399 1695 2456 Dicunt
1720 2404 1869 2470 auctores,

1037 2488 1120 2561 qood
1137 2488 1304 2544 secundum
1319 2488 1485 2545 humanam
1500 2493 1640 2546 naturam
1654 2488 1872 2563 hancpotcsta-

1036 2581 1098 2635 tem
1112 2578 1267 2650 acceperit,
1284 2582 1313 2635 ct
1338 2578 1459 2647 habeat,
1487 2578 1600 2635 sicutet
1623 2577 1685 2651 ipsc
1707 2594 1871 2650 resurgens

1037 2665 1128 2723 dicit:
1144 2668 1281 2724 Dataest
1311 2668 1386 2725 mihi
1399 2669 1494 2725 orante
1514 2674 1655 2741 potestas,
1672 2672 1728 2725 etc.
1746 2669 1869 2740 (Motth.

1037 2755 1145 2827 anun).
1164 2755 1209 2813 Sic
1221 2756 1311 2812 etiam
1326 2756 1464 2824 dicimus,
1480 2756 1564 2830 quod
1579 2755 1746 2814 secundum
1761 2758 1871 2814 huma-

1035 2859 1107 2900 nam
1120 2848 1260 2901 naturam
1275 2845 1454 2919 Redemptor
1467 2848 1567 2903 noster
1583 2848 1636 2913 est,
1653 2848 1681 2902 et
1709 2845 1868 2914 Dominus,

1036 2936 1064 2989 et
1075 2932 1258 2989 adorandus,
1270 2932 1336 3002 Sed,
1353 2933 1376 2989 si
1391 2934 1469 2990 hane
1495 2937 1672 3007 potestatem
1695 2934 1867 2990 secundum

1035 3022 1201 3078 humanam
1220 3026 1360 3078 naturam
1387 3023 1488 3092 hahet,
1504 3028 1574 3080 tunc
1602 3023 1772 3080 secundnm
1784 3024 1868 3081 hanc

1034 3109 1204 3167 inferiorem
1223 3115 1363 3168 naturam
1389 3115 1449 3168 Deo
1472 3111 1660 3184 aqualisest,
1688 3112 1774 3184 quod
1800 3129 1866 3168 esse

1034 3216 1096 3257 non
1110 3203 1215 3267 potest.
1228 3203 1262 3256 Et
1268 3200 1406 3268 dicimus,
1421 3200 1504 3273 quod
1515 3200 1681 3257 secundum
1694 3200 1868 3258 inferiorem

1034 3294 1174 3346 naturam
1186 3290 1265 3346 hanc
1278 3294 1466 3363 potestatem,
1478 3289 1615 3347 videlieet
1635 3290 1783 3360 salvandi,
1800 3307 1870 3364 pec·

1034 3377 1289 3447 cataremittendi,
1317 3378 1508 3435 excellentius
1531 3379 1625 3435 mrdto
1652 3395 1745 3452 quam
1769 3379 1869 3436 caeteri

1034 3472 1323 3541 soampotcstatem,
1352 3467 1472 3537 haheat,
1502 3469 1574 3541 quia
1600 3484 1686 3525 exeo
1712 3469 1798 3542 quod
1824 3473 1869 3526 est
1905 3474 1910 3482 '

1033 3557 1134 3614 unitus
1150 3557 1219 3614 Filio
1232 3557 1282 3614 Dei
1292 3557 1322 3613 in
1336 3574 1429 3614 unam
1443 3574 1615 3631 personam.
1632 3561 1691 3614 1100
1702 3562 1869 3615 tamarim

1033 3649 1109 3701 tetur
1119 3645 1201 3719 quod
1215 3646 1391 3715 secundum,
1407 3645 1590 3720 quandoque
1601 3645 1642 3702 sic
1653 3647 1787 3719 positum
1797 3663 1868 3704 cau-

1033 3750 1098 3791 sam
1111 3738 1203 3803 notat,
1216 3739 1248 3790 ut
1263 3734 1288 3790 si
1300 3734 1399 3790 dicam
1407 3735 1574 3792 seeundum
1587 3733 1809 3793 humanitatem
1822 3739 1867 3794 est

1032 3822 1131 3878 minor
1144 3824 1237 3890 Patre,
1258 3822 1305 3878 vel
1329 3839 1455 3896 passus;
1471 3823 1655 3898 quandoque
1683 3839 1817 3899 persona
1834 3824 1864 3881 in

1031 3912 1082 3968 illa
1100 3915 1208 3968 natura
1217 3910 1401 3982 designatur,
1413 3918 1447 3969 ut
1460 3929 1531 3969 cum
1544 3913 1612 3970 dico
1629 3913 1800 3970 seeundum
1810 3915 1864 3970 hu-

1031 4017 1155 4057 manam
1185 4001 1365 4075 Redemptor
1379 4006 1432 4071 est,
1446 4002 1493 4058 vel
1521 4007 1697 4075 potestatem
1726 4001 1863 4060 salvandi
1900 4029 1902 4033 ⁷

1031 4091 1131 4148 hahet.
1148 4092 1208 4147 1100
1222 4095 1266 4148 est
1280 4091 1385 4165 ipsein
1399 4091 1652 4150 humananatura
1671 4091 1802 4150 existens
1817 4091 1863 4149 vel

150 4177 251 4251 ipsum
265 4179 360 4231 Deum
374 4176 403 4231 in
418 4191 449 4231 se
463 4191 525 4231 non
539 4174 716 4246 imaginaria
727 4175 914 4260 cogitatione,
926 4176 979 4233 sed
1031 4179 1094 4253 ipse
1109 4181 1211 4249 homo,
1227 4180 1284 4236 hoc
1292 4184 1393 4237 tamen
1403 4185 1522 4238 notatur
1536 4182 1618 4255 quod
1631 4182 1862 4255 perhumanum
1899 4186 1902 4191 '

148 4282 226 4341 pura
253 4265 445 4336 intelligentia
478 4264 683 4339 contemplari.
709 4269 778 4332 Quae
806 4271 907 4324 1011100
930 4267 978 4324 hic
1027 4254 1170 4323 =naturam
1182 4266 1308 4323 redemit
1321 4267 1442 4341 etquod
1451 4268 1618 4325 secundum
1632 4269 1802 4326 humanam
1812 4284 1862 4326 na·
1898 4284 1901 4289 ·

76 4349 82 4359 ⁸
148 4357 252 4415 habita
278 4355 387 4412 umbra
409 4353 551 4428 quadam
580 4359 774 4428 estrespectu
800 4355 878 4412 illius
891 4356 978 4412 visio·
993 4320 1016 4377 ὓ
1032 4359 1131 4412 turam
1144 4354 1267 4428 accepit.
1284 4355 1402 4412 Homini
1428 4355 1509 4412 enim
1523 4357 1581 4413 hoc
1599 4357 1744 4414 collatum
1758 4362 1814 4427 est,
1830 4361 1862 4414 ut
1896 4396 1901 4403 .

148 4446 196 4503 nis
224 4445 328 4501 futurae
354 4444 477 4517 quando
505 4447 600 4501 Deum
614 4443 785 4500 immediate
810 4445 977 4501 videbimus
1032 4445 1133 4502 unitus
1144 4444 1240 4500 Verbo
1255 4450 1332 4503 esset
1346 4445 1394 4502 illc
1407 4445 1459 4518 qui
1473 4446 1609 4515 redemit,
1620 4446 1672 4520 qui
1686 4447 1781 4504 vitam
1792 4462 1861 4505 con·

150 4529 236 4586 sicuti
249 4532 302 4586 est.
318 4530 407 4586 Nona
430 4528 511 4585 enim
525 4529 657 4586 oidernas
683 4544 738 4599 per
765 4530 919 4599 speratam
945 4531 977 4586 io
1031 4536 1087 4592 fert
1101 4540 1253 4592 semmam.

150 4622 308 4690 oerriprnote
323 4631 333 4687 ,·
348 4624 419 4674 tone
432 4623 531 4674 nectem
544 4619 706 4675 ridebimus
719 4620 799 4690 sarie
815 4621 856 4675 od
868 4621 977 4691 sociem
1066 4626 1374 4695 tiarifestooinomeo
1388 4632 1471 4682 trram
1483 4627 1660 4696 haeriditas,
1669 4644 1742 4699 qnos
1752 4629 1863 4686 dedisti
1904 4624 1908 4631 ’

107 4736 111 4744 =
149 4708 179 4779 (I
189 4709 257 4764 Cor.
274 4706 333 4776 xri).
347 4709 410 4761 Non
422 4709 522 4761 tamen
532 4706 600 4763 dico
615 4707 688 4780 quin
711 4709 839 4778 cognitio
854 4709 892 4764 de
918 4713 977 4766 1100
1030 4715 1446 4785 mihidemuododtcnhoc,
1463 4717 1546 4789 quod
1565 4720 1860 4774 DeusetPaterom-
1904 4706 1907 4713 ’

149 4795 198 4853 hic
212 4792 327 4850 habitat
342 4796 443 4863 surgat
457 4793 494 4850 de
505 4794 672 4852 visibilibus
686 4796 758 4854 istis.
783 4800 835 4853 Per
850 4797 978 4856 visibiHa
1029 4803 1124 4872 nium,
1139 4804 1192 4860 sed
1206 4819 1260 4876 per
1275 4803 1554 4878 creationem‚qnod
1568 4809 1652 4862 Pater
1663 4823 1751 4864 meus
1765 4823 1860 4881 esper

150 4886 230 4945 enim
253 4883 411 4941 invisibilia
434 4885 658 4960 conspiciuntur
672 4889 765 4961 (Ram.
780 4889 809 4961 1),
840 4890 892 4946 sed
919 4891 976 4947 hoc
1031 4891 1263 4963 generationem.
1279 4895 1360 4949 lianc
1375 4893 1454 4950 cuim
1477 4911 1674 4968 personarum
1697 4896 1861 4954 distinctio-
1905 4889 1908 4894 ’

149 4977 217 5033 (1100
231 4974 315 5049 quod
328 4973 410 5031 nulla
424 4974 522 5032 forma
534 4992 634 5033 rerum
648 4978 810 5035 visdrilium
825 4983 885 5036 1100
900 4981 977 5037 attri-
1030 4995 1099 5038 nem
1115 4980 1304 5053 ipsemundo
1319 4983 1528 5041 manifestavit.
1547 4984 1724 5042 Paterenim
1753 4985 1860 5042 Filium
1905 4973 1910 4987 ⁵

147 5062 272 5126 bucnda
286 5068 338 5122 cst.
356 5068 388 5121 ln
403 5064 453 5122 tali
467 5080 538 5136 crgo
552 5067 655 5124 notitia
669 5073 783 5141 petens,
798 5070 976 5143 qnodestin
1030 5070 1067 5126 de
1092 5069 1258 5127 substantia
1287 5087 1341 5127 sua
1368 5071 1423 5127 sihi
1445 5073 1593 5147 aequalem
1619 5073 1738 5144 gennit:
1764 5075 1860 5131 alium

149 5156 272 5213 nomine
285 5154 363 5211 illius
376 5159 484 5227 petere,
499 5154 599 5211 nullus
611 5156 714 5228 repelli
733 5161 838 5230 potest.
854 5157 881 5215 Si
896 5159 976 5216 enim
1029 5159 1153 5232 quidem
1163 5159 1193 5216 in
1206 5175 1354 5232 perseua3
1369 5160 1449 5219 idem
1462 5167 1561 5219 tamen
1581 5168 1625 5221 est
1638 5167 1715 5221 Deus
1743 5164 1774 5220 in
1790 5165 1861 5222 suh

149 5248 254 5316 petens
268 5242 376 5312 solum,
392 5243 475 5315 qnod
489 5243 529 5299 ad
550 5243 675 5300 salutem
691 5245 746 5301 sibi
760 5251 812 5314 est,
827 5247 907 5320 petit,
921 5263 976 5303 ncc
1031 5248 1138 5305 stantia
1154 5248 1309 5320 :ejusdem
1336 5249 1416 5306 enim
1438 5250 1612 5308 substantia
1633 5258 1702 5310 sunt
1722 5257 1808 5310 Pater
1831 5258 1861 5310 et

150 5331 260 5391 fallitur
272 5334 301 5389 in
318 5334 367 5389 tali
395 5334 553 5405 petitione:
569 5336 745 5403 Spiritnotis
773 5336 852 5391 enirn
876 5339 976 5392 cronio
1031 5337 1127 5392 Filius.
1698 5335 1703 5341 ’

92 5438 96 5449 =
150 5420 308 5488 dejudicat,
324 5428 351 5476 et
365 5438 383 5478 a
398 5422 677 5490 rrernr'nejrrdtootro·
687 5424 713 5495 (l
722 5425 790 5480 Cor.
800 5427 839 5496 a).
857 5428 976 5480 Forten-
1066 5427 1103 5480 Et
1119 5442 1183 5482 roeo
1194 5430 1293 5484 orrrrrio
1321 5434 1374 5484 too
1389 5437 1468 5486 saort.
1491 5432 1631 5503 Superius
1646 5432 1728 5499 dixit,
1755 5433 1860 5490 omnia

150 5509 210 5562 tam
224 5505 325 5578 petitio
338 5509 402 5564 hice
417 5510 600 5583 quandoque
616 5511 734 5582 affectu,
750 5513 933 5586 quandoque
949 5518 977 5570 et
1030 5531 1098 5588 quea
1111 5518 1194 5572 Potcr
1208 5515 1308 5588 hahet,
1320 5534 1387 5573 mea
1401 5524 1478 5587 sunt,
1501 5520 1538 5575 de
1552 5520 1598 5575 his
1625 5521 1707 5590 dixit,
1722 5536 1791 5595 quae
1819 5521 1860 5580 nd

149 5608 231 5652 voce.
1032 5606 1173 5663 deitatem
1183 5607 1340 5680 pertinent,
1351 5608 1399 5667 hic
1409 5626 1480 5666 vero
1494 5610 1596 5668 omnia
1609 5628 1664 5668 sua
1684 5612 1777 5668 Patris
1791 5628 1859 5669 esse
