3832 6044
116 124 181 164 cm

840 109 1107 166 PROLEGOMENA.

1756 136 1830 177 cun

115 230 153 286 sis
170 230 246 302 (til)
260 230 509 301 Hugonem,dum
522 233 609 288 morti
620 231 735 288 vicinus
746 231 984 289 lectodeoum·a
1003 232 1094 287 raetis
1114 232 1248 287 erunibus
1262 235 1330 303 jam
1347 236 1491 292 illuxerat
1507 237 1579 308 dics,
1593 244 1619 293 et
1642 240 1754 308 fratres
1774 245 1830 299 cir-

114 300 206 371 beret,
222 318 287 358 non
297 306 502 358 consecratam
512 304 661 375 respuisse
672 304 882 376 hostiamque
893 319 947 375 pro

113 373 223 430 viatico
234 374 446 446 porrigeretur.
464 373 519 429 Sed
540 375 623 446 quod
638 374 769 431 Mauritio
792 373 946 430 aurisensi

113 446 260 516 episcopo
271 445 402 501 lacobus
410 444 447 499 de
455 444 578 501 Vitriaoo
593 445 947 517 clauseriussynctuoiu

114 521 202 570 testes
209 520 238 571 et
245 514 370 587 aliquod
380 515 620 588 manuscriptum
631 531 762 583 carmon,
769 516 800 571 id
809 516 840 572 in
848 519 947 596 ssago-

113 602 182 641 nem
197 591 338 642 nostrum
345 601 504 658 perperam
517 587 707 642 transierunt.
717 587 767 642 His
776 586 890 643 accedit
904 602 946 641 rn-

112 656 191 712 edita
206 657 245 713 de
256 657 364 713 morbo
375 656 493 713 ctohitu
505 657 638 727 Hugonis
651 657 881 731 epistola,quam
889 658 946 712 lra-

112 733 153 782 ter
166 728 315 784 osbertus
331 727 539 784 valetudinarii
551 728 709 800 praefeotus
719 728 759 784 ad
769 727 890 785 fratrem
900 730 946 783 lo-

112 814 223 854 aunem
232 798 412 854 familiarem
420 799 574 854 suumscri
597 798 945 855 sit.Eaautemsieseha·

111 868 158 923 bct
173 888 180 924 :
196 871 316 926 Dilecto
329 870 388 925 sibi
401 871 432 925 in
443 871 563 926 Cbristo
599 869 944 940 ‚loanni,srater0slrer·-

112 945 155 994 tus
168 942 201 995 in
211 942 342 996 Domino
350 942 778 1010 semperrralerePiopostulas
787 941 942 1004 desiderio,

110 1010 944 1082 clarissimesr·ater·,anatenusdetransitudilectit-uiui·

110 1082 217 1138 delicet
233 1083 276 1137 Μ.
290 1083 427 1153 [luponis
443 1082 560 1153 aliquid
573 1083 626 1138 tibi
639 1084 780 1148 scribam,
799 1088 831 1137 ut
843 1097 945 1138 securr-

110 1153 179 1208 dum
192 1156 350 1209 ueritatem
358 1155 533 1222 scirepossis
544 1154 688 1225 perorando
694 1170 724 1210 se
731 1154 836 1209 babuit
846 1154 878 1208 in
888 1154 944 1209 illa

110 1240 161 1278 sua
175 1230 314 1280 extrenra
322 1224 509 1295 apritudiue.
521 1224 733 1294 Accipeipitnr
742 1225 822 1296 qnod
830 1225 942 1280 deside-

110 1310 167 1357 ras,
184 1301 302 1364 sancte,
314 1297 375 1363 pie,
388 1301 415 1351 et
424 1297 507 1364 Juste
523 1311 579 1365 per
598 1296 724 1365 amnia;
747 1296 797 1351 scd
813 1297 944 1365 sortasse

111 1382 165 1419 nan
179 1368 224 1420 uis
235 1382 283 1422 me
295 1372 356 1421 tarn
370 1367 451 1421 breui
465 1367 587 1436 lanuini
591 1368 713 1436 plenius
724 1368 831 1422 audire
839 1367 876 1422 de
883 1369 944 1434 tine

112 1437 943 1507 illiusdesiderasb'onorrrniaexplicarepossurnpaaca

1003 304 1218 359 cirenaenierrtes
1236 306 1316 361 circa
1333 321 1398 361 eum
1408 308 1546 377 fecerant
1559 324 1616 378 pro
1634 325 1714 367 marc
1729 314 1829 369 visita-

1003 374 1110 430 tionem
1122 391 1188 430 curu
1198 377 1324 443 psalmis
1335 383 1362 433 et
1373 381 1567 435 orationibus.
1586 379 1776 451 Orraeaplela
1786 385 1829 440 in-

1003 447 1154 515 terrapavi
1163 461 1228 501 cunr
1239 462 1278 502 an
1290 449 1376 503 vellet
1388 457 1569 520 erspectare,
1585 452 1678 510 donec
1692 453 1829 510 dominus
1891 499 1899 507 .

1002 514 1092 571 abbas
1110 518 1244 581 eenir·et,·
1262 535 1321 573 non
1340 521 1416 574 enirn
1439 526 1510 575 trine
1527 537 1659 590 presens
1680 529 1755 595 erat,
1778 527 1830 582 sed

1000 588 1177 666 mandatum
1185 589 1288 658 scierat
1299 589 1357 658 illi,
1367 597 1399 644 ut
1408 592 1544 647 celeriter
1552 595 1651 650 uenire
1659 585 1830 652 deberetlt

1001 657 1053 711 rlle
1062 658 1137 713 milti
1149 660 1328 727 respondeas
1343 677 1354 716 .·
1366 683 1379 708 u
1391 662 1502 731 Facite,
1515 664 1630 736 inquid,
1641 666 1721 734 quod
1728 667 1829 736 factu·

1000 728 1029 781 ri
1038 730 1117 798 estis,
1125 731 1448 801 quarreloquidenrDeus
1457 748 1505 785 uos
1516 737 1717 804 conprepanil.
1730 758 1743 785 r
1753 737 1828 794 Con·

1000 806 1142 854 uerterant
1153 801 1229 855 eninr
1250 802 1290 855 ad
1300 816 1366 856 eura
1380 803 1469 857 multi
1486 806 1667 861 uenerabiles
1683 807 1826 880 rellpiosi,

999 870 1149 938 rnouaebi,
1158 873 1296 926 etrrtoutci
1306 874 1460 942 reputares
1473 888 1508 928 ac
1515 875 1685 944 presbyteri
1691 883 1718 932 ct
1726 881 1829 934 crateri

999 940 1111 1009 clerici,
1129 941 1274 997 laicorum
1285 944 1374 998 etiarn
1386 960 1445 999 nan
1457 944 1552 1013 defrui
1561 947 1655 1014 copia.
1670 947 1827 1007 Celebrala

998 1011 1093 1079 initur
1107 1013 1256 1082 unctione,
1278 1014 1402 1085 qrrresiei
1421 1016 1458 1069 ab
1475 1016 1536 1084 ipso
1554 1016 1580 1070 si
1594 1017 1681 1072 vellet
1693 1020 1827 1088 accipere

999 1096 1105 1162 corpus
1113 1084 1242 1153 Dorrn'ni,
1252 1100 1310 1139 nan
1319 1087 1397 1140 enim
1404 1093 1548 1154 paratum
1558 1092 1622 1142 erat
1633 1088 1664 1142 in
1670 1092 1825 1162 prasenti,

999 1167 1069 1222 qrrra
1080 1155 1189 1209 rrudius
1202 1157 1307 1210 tertius
1315 1158 1594 1213 communicaverat.
1605 1158 1645 1213 At
1653 1159 1706 1215 ille
1716 1176 1826 1231 maana

998 1238 1064 1277 earu
1079 1225 1282 1293 irra'epatiarrc
1304 1228 1455 1296 respondit
1480 1229 1554 1284 rnilri
1564 1244 1576 1283 .·
1597 1252 1609 1277 «
1626 1231 1705 1285 Deus
1720 1236 1824 1289 mens!

997 1296 1105 1363 arteris
1114 1297 1140 1349 si
1151 1297 1238 1351 uelim
1245 1298 1338 1352 Deum
1347 1302 1559 1354 meumlearre
1567 1301 1624 1354 eila
1633 1302 1663 1355 in
1672 1302 1824 1360 ecclesiam

997 1369 1023 1418 et
1033 1365 1110 1433 affer
1120 1368 1177 1421 cito
1188 1382 1294 1436 carpus
1304 1370 1425 1423 Domini
1437 1370 1502 1424 inei.
1519 1389 1533 1421 »
1548 1370 1633 1436 erod
1646 1386 1723 1442 curn,
1730 1379 1824 1440 prout
1839 1423 1841 1426 ,

991 1436 1136 1504 jusserat,
1150 1440 1295 1506 fecissem,
1316 1440 1384 1494 veru
1403 1445 1472 1495 arcte
1486 1440 1592 1496 lectum
1609 1443 1710 1510 ejnset
1721 1449 1823 1501 tenens

111 1513 208 1563 tarnerr
219 1523 428 1578 qrraeproesens
439 1509 511 1577 vidi,
520 1510 630 1577 accipe.
642 1510 708 1564 Hoc
718 1511 806 1578 enirn,
817 1509 941 1577 nis-isal-
992 1521 1102 1573 panem
1113 1514 1250 1565 sanctum
1262 1512 1331 1564 vitre
1340 1517 1459 1567 aterna
1469 1511 1606 1566 manibus
1616 1514 1705 1569 areis:
1718 1535 1732 1562 «
1743 1513 1823 1571 Ado-

111 1580 164 1641 tar,
177 1581 208 1633 in
222 1581 369 1647 petitione
381 1585 480 1634 uestra
491 1581 605 1649 snit,ut
614 1580 691 1634 nibil
704 1581 759 1634 tibi
773 1580 940 1651 scriberem,
957 1585 977 1638 B
996 1592 1042 1647 ra,
1055 1579 1167 1648 inquio,
1179 1585 1205 1635 et
1221 1595 1361 1650 copriasce
1371 1597 1478 1651 corpus
1489 1583 1609 1638 Domini
1621 1586 1725 1639 nostri.
1739 1608 1752 1633 r
1764 1587 1823 1644 Ille

118 1652 175 1704 rn'si
184 1651 243 1703 illa
255 1666 348 1722 quaa
359 1650 458 1705 rneuel
474 1651 537 1705 uisa
548 1651 595 1706 ael
607 1651 712 1705 audita
720 1651 866 1719 fuissent,¹
882 1666 941 1706 non
995 1661 1063 1702 uero
1074 1650 1188 1719 eriperis
1196 1665 1235 1721 se,
1244 1657 1389 1720 (putantum
1400 1653 1527 1722 ualebat,
1538 1659 1564 1709 et
1572 1655 1717 1711 extollens
1728 1660 1822 1713 utras·

111 1722 172 1775 dieo
187 1723 225 1776 de
236 1737 331 1791 pura,
346 1722 438 1790 plena
457 1723 627 1790 elpersecta
646 1722 839 1791 consessione,
852 1738 941 1792 quam
994 1734 1164 1787 prcerrranns
1174 1737 1243 1777 stills
1254 1723 1294 1777 ed
1303 1728 1407 1778 sancta
1419 1725 1474 1778 illa
1483 1739 1494 1778 .·
1505 1747 1518 1772 υ
1530 1725 1642 1793 Actora,
1657 1727 1765 1797 inquit,
1776 1743 1821 1785 co-

111 1794 228 1847 rlaruiuo
240 1793 344 1847 abbati
357 1798 383 1847 et
394 1793 470 1847 milri
482 1792 553 1847 satis
563 1793 734 1862 dilipeuter,
750 1798 777 1847 et
794 1793 876 1847 ultra
887 1794 941 1849 bu-
994 1805 1059 1845 rarn
1077 1794 1212 1847 amitibus
1229 1793 1308 1848 vobis
1323 1795 1481 1849 Dominum
1493 1811 1599 1864 rneurn,
1613 1802 1639 1852 et
1656 1799 1770 1867 accipio
1787 1805 1821 1855 ut

111 1880 229 1918 rutarum
239 1864 360 1918 raedam
369 1865 502 1933 profusis
513 1864 742 1933 lacrymiscnm
753 1878 863 1932 rrrapna
874 1880 939 1928 cor·
993 1862 1119 1918 salntem
1127 1879 1232 1919 meam.
1243 1887 1256 1912 »
1266 1865 1388 1929 Deinde,
1397 1871 1464 1933 pasl
1472 1869 1674 1922 comestionem
1686 1871 1820 1938 corporis

110 1935 151 1988 rtis
162 1935 346 1990 contritione
352 1936 437 2004 serit,
444 1950 503 1990 non
510 1949 676 2006 prosequor·
686 1936 940 2005 crebrampratia·

109 2022 172 2059 rum
190 2007 351 2075 actionem,
365 2020 455 2077 quam
467 2021 524 2075 pro
543 2007 749 2075 suaprancnti
758 2007 939 2075 aptitudine

109 2092 150 2131 rae
161 2078 308 2131 audiente
326 2077 433 2146 apebat
448 2078 574 2132 Domino
596 2083 697 2131 nostra
713 2078 784 2131 lesu
805 2078 936 2146 Christe,

109 2149 193 2202 illurn
211 2149 364 2216 psalmum
385 2163 463 2217 sape
477 2147 622 2204 iteraretis
639 2149 839 2204 ecsrrltatione
852 2164 936 2204 eruc-

108 2226 172 2274 tans
182 2235 194 2273 .·
205 2219 386 2274 Benedictio
396 2219 539 2274 Dominus
559 2220 636 2274 Dens
648 2234 727 2274 rueres
739 2221 769 2273 ia
779 2225 934 2275 (eternum.

107 2290 170 2344 Nan
193 2291 225 2344 in
238 2290 284 2344 liis
297 2291 448 2344 immoror.
465 2289 513 2344 Ad
531 2291 586 2345 illa
599 2306 664 2360 qua
676 2291 757 2344 eirea
766 2291 855 2358 tinem
867 2292 936 2346 uita

106 2377 165 2416 sna
174 2362 269 2431 elicit,
280 2361 327 2416 nel
338 2361 424 2430 fecit.
438 2361 715 2416 centumpaulinis
731 2361 813 2416 nobis
824 2361 880 2416 erit
895 2377 935 2415 se-

107 2448 196 2502 quens
211 2447 319 2487 sermo
333 2431 439 2486 Pridie
456 2446 546 2502 quarn
566 2431 603 2486 dc
621 2431 678 2487 bac
696 2433 759 2487 cita
780 2432 932 2500 transiret,

107 2517 190 2558 ruane
201 2503 350 2558 ueniente
360 2503 446 2557 illurn
457 2507 484 2557 et
494 2503 619 2584 quierint
628 2503 736 2571 abipso
745 2503 889 2572 utromodo
904 2519 934 2558 se

106 2575 282 2630 abactae
291 2589 359 2629 curn
368 2575 566 2641 respondisset
577 2574 647 2628 bene
656 2574 818 2643 sibisoreet
827 2575 859 2628 in
870 2575 933 2628 ani·

105 2660 148 2700 nro
159 2650 188 2701 et
198 2645 232 2699 in
243 2644 460 2713 corpore,dieit
471 2645 547 2699 mibi
556 2659 567 2698 .·
578 2645 694 2699 «Estne
704 2644 933 2715 aliquisprater

105 2717 238 2771 aosduas
249 2719 265 2770 'l
276 2737 289 2763 r
304 2721 391 2784 clepo
402 2729 413 2768 .·
425 2736 438 2763 n
448 2716 528 2782 Non,
540 2736 553 2763 n
566 2716 699 2786 inquam.
713 2715 753 2769 Ar
763 2715 817 2770 ille
826 2731 836 2769 .·
851 2737 864 2763 «
877 2716 931 2771 Ce-

105 2787 358 2857 lebrasti,inqait,
373 2786 460 2841 bodie
468 2787 588 2841 missurn
599 2790 613 2840 ἱ)
626 2807 640 2835 »
651 2792 677 2840 et
690 2801 755 2840 curn
766 2787 932 2855 respondis-

104 2873 158 2912 san
175 2858 233 2913 boc
246 2858 420 2926 prefecisse,
440 2877 455 2905 r
466 2858 582 2925 accede,
597 2857 694 2928 inquit
712 2863 738 2912 ct
759 2857 884 2925 insuffla
899 2858 931 2912 in

990 1932 1070 1998 lesu,
1082 1936 1187 2002 petiuit
1199 1941 1231 1988 ut
1242 1935 1368 1990 daretur·
1381 1936 1439 1990 sibi
1456 1952 1542 2002 erar,
1554 1953 1620 2006 quse
1639 1937 1680 1992 ibi
1688 1954 1819 2007 presens

991 2008 1065 2058 erat.
1075 2006 1167 2071 (tuma
1177 2021 1242 2060 curn
1252 2007 1407 2074 accepisset
1417 2008 1448 2061 in
1457 2009 1704 2078 manassipnaeit
1713 2025 1743 2065 se
1751 2026 1819 2067 curn

991 2075 1092 2129 caetera
1105 2091 1201 2143 cruce,
1213 2082 1407 2148 etpostquarn
1417 2079 1545 2133 nndturn
1556 2079 1658 2135 deuote
1667 2082 1819 2138 osculatus

990 2150 1031 2198 est
1048 2161 1121 2213 earn,
1136 2148 1251 2216 accurit
1260 2150 1351 2216 perles
1367 2150 1507 2217 crncifixi
1520 2151 1550 2203 in
1565 2166 1596 2205 os
1610 2165 1707 2217 serum,
1724 2157 1752 2208 et
1773 2154 1816 2209 sic

989 2215 1041 2269 dia
1056 2221 1156 2272 tenens
1168 2219 1256 2286 pedes
1275 2220 1306 2273 in
1316 2235 1367 2274 are
1377 2235 1440 2286 scre,
1457 2222 1642 2290 sanquinem,
1658 2224 1712 2292 qui
1723 2223 1759 2279 rle
1768 2240 1817 2294 pe-

988 2285 1073 2340 dibus
1087 2293 1152 2342 arte
1162 2289 1287 2356 pictoris
1298 2304 1422 2345 manare
1437 2291 1602 2355 virlebatur,
1618 2294 1706 2349 retusi
1715 2294 1816 2362 infans

988 2358 1603 2431 adelberarnatrisobartr'slacrprnissunit.
1632 2363 1814 2429 redibileest,

987 2429 1057 2498 auia
1072 2429 1149 2483 sient
1159 2445 1258 2484 cararn
1270 2431 1437 2485 astantibus
1455 2430 1537 2486 nabis
1548 2448 1667 2487 carnem
1677 2434 1751 2489 Filii
1767 2435 1815 2491 lto-

987 2500 1075 2553 minis
1085 2501 1376 2566 manducaacr·at,ita
1384 2502 1431 2557 vir
1439 2503 1557 2571 sapiens
1568 2508 1639 2558 tuuc
1649 2505 1737 2561 etiam
1745 2521 1816 2575 arto·

986 2569 1143 2625 dammodo
1157 2572 1333 2640 sanquinem
1353 2575 1417 2640 ejus
1432 2573 1588 2628 visibiliter
1607 2573 1704 2631 bibere
1717 2577 1815 2633 volue-

985 2642 1228 2711 ratl’areapost
1244 2643 1307 2698 lroec
1323 2644 1476 2712 interjecta
1492 2645 1678 2712 spoliarum
1697 2661 1814 2717 sappes·

985 2711 1084 2766 sissenr
1095 2714 1123 2768 ei
1129 2718 1161 2766 at
1172 2713 1282 2769 diceret
1293 2729 1409 2770 versiam
1423 2714 1508 2769 illurn
1519 2730 1530 2770 .·
1542 2737 1555 2762 e
1567 2716 1602 2770 In
1615 2731 1722 2772 manus
1733 2724 1811 2786 tuas,

983 2783 1117 2849 Danaae,
1138 2785 1308 2840 comprenda
1327 2786 1466 2853 spuitnrn
1486 2801 1580 2841 rneara
1599 2786 1686 2857 (Psal.
1704 2789 1782 2860 xxx),
1798 2812 1812 2840 >r

984 2853 1037 2908 ille
1053 2855 1204 2922 respondit
1215 2871 1226 2910 .·
1239 2877 1253 2903 κ
1269 2854 1363 2911 Credo
1388 2856 1468 2926 arrad
1487 2858 1637 2913 existimas
1655 2860 1812 2928 nefacere

102 2929 209 2998 facian
221 2943 317 2984 meam
330 2929 361 2983 in
370 2928 490 2983 modum
500 2933 612 2983 sanctie
623 2928 730 2997 crucis,
742 2933 770 2983 ct
784 2928 930 2996 accipiam
949 2930 969 2985 C
984 2926 1219 2993 preastionernrle
1229 2927 1328 2982 eodem
1338 2941 1435 2982 uersu.
1445 2949 1458 2974 u
1469 2929 1509 2982 Et
1521 2929 1596 2984 aelle
1606 2928 1683 2985 abeo
1693 2931 1812 2987 solertia

104 3002 250 3069 Spiritum
266 3004 412 3054 sarratam.
428 3021 442 3047 »
458 2998 552 3068 erod,
561 3014 626 3054 cerm
632 3004 724 3067 praed
730 3001 863 3067 jusserat
882 3001 929 3068 se·

104 3070 467 3141 cnsen,ipseDanidicnrn
479 3070 558 3124 illud
567 3070 620 3124 snb
630 3071 726 3124 'trualt
737 3085 747 3124 .·
761 3090 773 3119 ι
786 3070 823 3124 Os
833 3085 929 3125 meran

105 3143 209 3212 aperta
227 3147 255 3197 et
265 3142 384 3197 attraxi
393 3141 533 3209 spiritum
551 3087 635 3210 (Psoi.
650 3140 755 3211 currit),
773 3163 787 3188 u
800 3140 930 3208 fideliter

105 3214 274 3284 intellipens
284 3217 311 3268 et
324 3212 472 3281 apostotos
482 3227 520 3267 ea
533 3213 653 3266 Domini
662 3212 732 3266 lesu
750 3213 929 3280 insustlatio·

104 3301 137 3341 ne
147 3284 299 3354 Spiritum
311 3288 448 3338 sanctum
456 3284 601 3351 accepisse
611 3283 743 3352 credens,
754 3288 857 3351 aperto
867 3297 928 3354 ore,

103 3357 186 3428 quasi
195 3354 357 3411 nauriebat
367 3355 514 3422 Spiritum
523 3353 559 3409 de
566 3353 687 3422 spiritu,
703 3357 729 3408 et
741 3354 812 3423 auia
818 3354 929 3409 sciebat

102 3427 263 3484 secundum
278 3425 399 3480 Domini
408 3425 584 3480 sententiam
595 3424 696 3480 arania
704 3423 859 3492 possibilia
870 3439 929 3480 esse

101 3499 244 3567 aedani,
253 3497 292 3553 ab
301 3495 507 3564 bomineposse
515 3496 649 3564 accipere
657 3494 794 3550 credebat
802 3495 881 3564 arrad
891 3496 928 3551 ab

101 3571 220 3625 tramine
229 3583 289 3623 non
299 3573 374 3623 erat.
391 3567 524 3623 Ovirum
533 3581 590 3634 per·
605 3567 705 3621 onrrria
716 3565 903 3621 Catbolicum
918 3570 928 3621 t

99 3642 224 3713 puijarn
232 3640 265 3694 in
274 3639 413 3695 extremis
418 3637 716 3707 positasasacerdotc
721 3641 930 3706 proptermps-

100 3713 207 3769 terium
224 3715 250 3766 et
263 3710 497 3766 camnrunionem
512 3708 662 3763 Darninici
671 3708 804 3776 corporis
818 3712 844 3762 et
862 3722 929 3763 san·

98 3783 210 3855 pranis,
222 3796 311 3851 posse
324 3780 380 3835 sibi
396 3780 544 3850 Spiritum
562 3784 698 3834 sanctum
715 3779 786 3833 duri
798 3778 929 3846 fideliter

99 3854 239 3922 aedidit,
250 3857 280 3909 et
289 3851 461 3907 tamdevote
471 3850 602 3920 expetiit.
616 3849 929 3905 Turrcstatimeabila·

98 3922 493 3996 ratas,credo,SpirituDei
502 3923 699 3991 carisortatus,
715 3920 747 3975 in
764 3921 828 3977 trac
838 3922 928 3976 uerba

100 3995 293 4054 letabundus
312 3993 431 4063 erupit:
445 4014 459 4042 ιι
472 3992 572 4062 Modo,
589 3992 697 4062 lnquit,
717 4007 837 4046 securus
851 4007 926 4061 serra,

99 4084 178 4124 nurrc
186 4067 221 4122 in
229 4065 355 4122 neritme
363 4069 391 4120 et
397 4063 534 4134 puritate
543 4062 674 4132 ambulo,
685 4063 770 4118 modo
778 4062 927 4131 fundatus

98 4155 160 4195 snm
169 4137 512 4208 suprabnnarnpetram
521 4138 547 4190 ct
556 4148 741 4202 nonpossunr
749 4134 927 4189 maneriam·

93 4211 177 4280 plius
188 4227 196 4264 :
209 4222 293 4265 nunc
303 4207 372 4264 licet
381 4210 460 4262 totus
469 4206 598 4260 mundus
606 4220 673 4260 curn
683 4205 927 4260 delectationibus

984 3009 1050 3050 nern
1061 2997 1299 3052 arretircdiar't.—
1309 3018 1322 3045 «
1332 2998 1485 3063 Dominus,
1498 3000 1604 3069 iuquit,
1616 3001 1701 3056 lesus
1711 3002 1811 3058 Caris-

985 3072 1032 3119 tns
1042 3068 1177 3121 cariturus
1187 3067 1224 3122 de
1234 3066 1289 3122 lroc
1304 3069 1414 3122 rnurrdo
1424 3069 1503 3124 airu
1515 3069 1569 3124 boc
1577 3085 1588 3124 .·
1596 3070 1699 3139 Pater,
1711 3073 1742 3127 in
1752 3088 1812 3129 rna-

984 3152 1040 3191 nus
1051 3143 1117 3191 tuas
1126 3139 1296 3193 commendo
1305 3138 1547 3206 spiritumrneurn
1563 3155 1647 3208 quem
1657 3143 1811 3198 tradidisti

983 3209 1066 3273 anibi,
1078 3214 1104 3262 ct
1116 3223 1134 3262 a
1145 3210 1289 3276 leaecepi.
1304 3208 1366 3274 Ouo
1376 3209 1465 3272 elicto,
1476 3209 1570 3273 siluit,
1580 3216 1606 3264 et
1618 3212 1751 3268 irruente
1761 3213 1810 3268 lto·

983 3292 1019 3333 ra
1029 3279 1132 3332 martis
1142 3279 1183 3333 ad
1192 3279 1338 3334 modicum
1348 3278 1430 3347 loqui
1435 3294 1495 3333 nan
1504 3280 1605 3334 ualens
1613 3285 1640 3334 ct
1651 3282 1811 3349 ipsePaler

982 3350 1110 3417 suscepit
1122 3349 1218 3403 illurn.
1231 3370 1245 3397 »
1256 3349 1305 3403 Aa
1316 3364 1401 3419 quern
1416 3363 1477 3418 epo.
1490 3380 1524 3387 -
1543 3371 1557 3397 «
1567 3351 1606 3404 Et
1618 3356 1660 3418 tu,
1674 3353 1807 3423 inquam,

1004 3420 1035 3473 ni
1044 3421 1181 3475 editurus
1195 3435 1223 3475 es
1242 3420 1278 3475 de
1297 3420 1352 3475 boc
1368 3420 1488 3487 mundo,
1507 3419 1591 3476 debes
1610 3422 1642 3475 iel
1660 3423 1758 3479 elicere
1776 3430 1810 3480 ut

982 3437 1060 3545 iteres
1067 3492 1211 3560 suscipiat
1220 3492 1358 3560 spiritum
1367 3496 1461 3546 tutan.
1472 3513 1485 3539 »
1496 3492 1628 3548 Proinde
1636 3493 1687 3550 illc
1693 3494 1809 3563 paulis·

980 3577 1036 3630 per·
1045 3577 1142 3617 secura
1153 3563 1281 3617 earisteus
1291 3567 1317 3617 et
1329 3563 1393 3617 alta
1404 3562 1513 3618 ducens
1521 3564 1662 3632 suspiria,
1674 3566 1808 3622 omnibns

983 3632 1065 3689 trabis
1080 3632 1279 3699 audientibus,
1296 3633 1416 3689 tandem
1428 3635 1457 3687 in
1475 3633 1536 3689 trac
1545 3635 1634 3691 verba
1643 3638 1784 3706 prorupit
1797 3653 1809 3694 .·

983 3724 997 3751 «
1010 3704 1048 3757 In
1058 3718 1150 3758 mana
1162 3705 1267 3774 inanit,
1288 3711 1316 3760 et
1326 3706 1355 3759 in
1374 3704 1552 3760 tortitudine
1567 3711 1619 3760 tua
1638 3709 1808 3764 commendo

981 3774 1131 3843 spiritum,
1143 3776 1369 3845 aonrnrequem
1381 3776 1535 3831 tradidisti
1544 3776 1619 3832 milri
1627 3783 1654 3831 et
1665 3784 1719 3834 ate
1729 3793 1809 3835 eccc-

978 3845 1022 3914 pi.
1035 3867 1048 3893 »
1061 3844 1123 3911 (trra
1133 3846 1212 3901 dicto
1222 3846 1306 3900 siluit
1316 3852 1343 3901 et
1354 3847 1487 3902 irruente
1498 3846 1693 3914 baramortis,
1702 3849 1743 3904 ad
1750 3865 1809 3906 mo·

981 3915 1080 3971 cluam
1089 3916 1238 3987 laquinon
1249 3916 1361 3984 ualens,
1372 3917 1480 3973 iterum
1491 3917 1588 3981 rediit,
1600 3924 1639 3988 et,
1658 3926 1808 3990 resumpto

980 3988 1206 4056 spiritu,nescio
1216 3988 1290 4057 quid
1299 4003 1396 4042 secrrm
1406 3989 1608 4058 decernerent,
1618 3995 1645 4045 et
1655 4005 1722 4047 carn
1751 4007 1808 4047 rra-

980 4059 1080 4114 sissem
1090 4058 1127 4113 ab
1136 4060 1198 4128 ipso
1206 4059 1279 4129 quid
1287 4060 1407 4125 diceret,
1419 4064 1526 4128 aperta
1534 4075 1602 4116 rroce
1610 4076 1715 4131 respon
1738 4063 1771 4132 it,
1780 4069 1809 4120 et

981 4130 1023 4184 ait
1033 4144 1045 4184 .·
1056 4152 1070 4178 κ
1082 4129 1262 4186 Consecutus
1276 4145 1351 4185 sura.
1368 4151 1382 4180 n
1392 4130 1431 4185 Et
1442 4145 1513 4201 epa:
1537 4153 1551 4180 «ι
1565 4132 1651 4199 (inid,
1673 4134 1808 4206 inquam,

981 4206 1151 4257 consecutus
1165 4205 1215 4257 es?
1231 4223 1244 4250 r
1256 4207 1287 4256 at
1305 4202 1430 4270 illeprte
1450 4202 1543 4257 nimia
1559 4205 1700 4272 arrprrstia
1715 4206 1809 4274 plena

97 4284 157 4337 ntis
165 4281 283 4337 ueniret
292 4292 393 4333 coram
405 4292 460 4347 me,
473 4277 621 4347 quasipro
629 4275 725 4331 nibilo
735 4276 832 4346 ipsum
840 4291 925 4344 repa·
942 4276 964 4330 D
981 4272 1068 4328 verba
1077 4274 1216 4342 prolerre
1226 4273 1400 4341 rronpotuit,
1412 4277 1439 4328 et
1449 4274 1631 4329 camiletum
1642 4275 1808 4347 interranu-

99 4359 204 4423 tarem,
217 4365 271 4407 trec
278 4364 336 4419 pra
350 4349 414 4418 ipso
428 4353 489 4403 tota
499 4347 617 4419 aliquid
627 4352 732 4402 contra
743 4347 836 4402 Deam
844 4347 925 4416 face-

99 4439 168 4480 rem.
188 4422 281 4479 blodo
294 4421 447 4490 precipue
460 4433 603 4489 capnosco
623 4418 856 4473 misericordiam
872 4418 927 4472 Dei

99 4495 301 4564 arcananii
312 4497 343 4548 ut
354 4490 535 4549 rteomnibus
546 4504 612 4563 pure
625 4489 698 4560 fecit
713 4488 787 4543 mibi
800 4489 878 4544 Dens
892 4489 924 4542 iu

99 4573 160 4622 tota
170 4567 235 4622 nita
245 4579 310 4620 mea
321 4577 413 4634 usque
422 4561 463 4618 ad
472 4561 548 4616 diem
559 4560 647 4629 banc,
657 4560 734 4615 nibil
748 4559 853 4614 barura
864 4566 925 4614 tarn

100 4644 232 4707 aratura,
241 4641 303 4692 tam
313 4649 415 4703 suane,
426 4638 487 4688 tarn
498 4638 650 4702 accepturu
664 4631 740 4687 mibi
749 4645 808 4686 esse
817 4635 924 4700 potest,

100 4723 188 4779 quarn
196 4708 264 4777 boc,
275 4705 355 4777 parad
363 4705 396 4760 in
407 4705 551 4774 prasenti
560 4717 673 4759 mecum
683 4704 786 4771 facere
794 4702 873 4758 Deus
883 4702 926 4757 di·

101 4785 209 4849 pnatus
220 4784 272 4834 est.
282 4775 461 4833 Benedictus
471 4775 614 4830 Dominus
624 4775 702 4829 Deus
712 4788 793 4829 ruens
802 4773 832 4827 ln
844 4778 926 4828 teter*-

102 4867 181 4907 nrnn.
191 4871 206 4900 s
224 4850 281 4905 His
289 4849 376 4904 dictis
386 4847 539 4902 lumiliter·
546 4846 634 4915 petiit
650 4850 682 4899 ut
699 4844 878 4900 absolverem
889 4844 926 4899 ab

102 4920 235 4978 omnibus
245 4923 425 4991 puntentur
434 4917 744 5041 Deamsecerafflinc
754 4915 926 4971 dimisieurn

102 4995 259 5064 quiescere,
266 4993 352 5061 sacta
359 4989 446 5059 prius
456 4987 526 5044 abso
542 4988 734 5056 ulianeprout
741 4987 880 5056 petierat,
900 4991 927 5041 et

102 5063 361 5121 sicrecessialccto
371 5061 475 5130 ipsius.
487 5059 632 5114 Proxima
642 5073 711 5114 vero
721 5059 854 5127 sequenti
864 5073 927 5113 noe-

103 5141 129 5194 te
138 5136 219 5191 circa
229 5133 308 5205 palli
314 5137 436 5188 cantum
446 5131 534 5200 capit
547 5130 690 5201 praviter,
699 5134 726 5185 et
737 5130 831 5201 mapis
840 5129 927 5185 salita

101 5203 479 5275 infirmari,utoccurrenti
487 5200 929 5271 mibiadeum,statimutloqui

102 5284 241 5347 cepnae,
251 5278 367 5332 locutus
381 5278 423 5329 est
434 5273 509 5329 milri
517 5272 554 5328 de
565 5272 663 5327 salute
672 5273 781 5327 aalma
790 5286 861 5327 serre.
873 5273 928 5326 De-

103 5349 171 5404 binr
180 5365 247 5403 cunr
256 5347 461 5403 absolveretur·
469 5343 648 5414 asratribus
658 5345 709 5414 qui
719 5343 927 5412 ader-antsan-

101 5423 176 5490 pessi
189 5422 219 5476 ci
233 5421 270 5475 de
283 5417 455 5487 recipienda
471 5430 558 5471 sacra
576 5416 723 5469 unctione.
743 5415 782 5468 At
797 5415 849 5468 ille
861 5430 925 5468 eam

101 5493 210 5561 pendia
220 5490 385 5560 suscipiens
394 5487 526 5559 uerbum,
532 5487 677 5556 pracepit
686 5484 769 5540 nobis
778 5491 809 5540 nt
818 5500 852 5541 ea
862 5501 927 5556 que

102 5564 267 5621 necessaria
275 5561 498 5633 sorenlparare
513 5572 573 5614 non
584 5557 783 5615 tardaremus.
794 5557 867 5614 lade
876 5571 927 5627 pe-

979 4348 1064 4398 retur
1078 4344 1109 4398 in
1133 4349 1279 4414 errantum
1299 4343 1468 4412 intellipere
1479 4345 1641 4412 poterimus,
1655 4346 1709 4415 qui
1726 4347 1808 4402 circa

979 4430 1044 4472 eura
1053 4413 1258 4481 stetirnus,lroc
1270 4414 1420 4482 respondit
1433 4431 1439 4467 :
1452 4436 1465 4462 «
1477 4414 1620 4483 Accipiet,
1632 4415 1739 4483 iuquit,
1751 4417 1809 4485 spi-

979 4488 1069 4542 ritum
1080 4500 1186 4541 rrrerrnr.
1196 4507 1209 4533 r
1218 4484 1329 4539 Deinde
1333 4485 1461 4552 propria
1472 4499 1563 4539 rauna
1568 4489 1672 4551 pectus
1680 4487 1808 4542 tundens

980 4558 1129 4613 irrnocaait
1149 4556 1327 4610 beatarnDei
1337 4555 1516 4610 Genitricern
1533 4555 1633 4610 rlr'cerrs
1642 4570 1654 4611 .·
1667 4558 1807 4615 «Sancta

979 4629 1089 4694 Maria,
1107 4641 1161 4681 ora
1177 4641 1234 4694 pro
1254 4640 1307 4680 rue.
1330 4625 1655 4695 »llcsunrptospiritu:
1672 4629 1808 4688 «Sancte

979 4700 1077 4765 Petre,
1095 4698 1201 4768 inquit,
1212 4711 1265 4752 ora
1274 4713 1331 4766 pro
1341 4711 1396 4752 ure.
1408 4719 1422 4745 >r
1441 4697 1481 4752 la't
1494 4704 1562 4768 past
1571 4699 1718 4768 pusillam
1730 4702 1809 4758 loerr-

982 4775 1028 4826 tus
1039 4774 1079 4826 est
1090 4769 1165 4824 nribi
1173 4784 1184 4823 .·
1192 4789 1205 4817 «
1220 4768 1319 4835 (tuear,
1332 4769 1439 4839 inquit,
1453 4769 1489 4825 de
1497 4771 1608 4826 sanclis
1619 4773 1749 4840 amplius
1760 4774 1807 4829 in·

981 4840 1114 4898 vocabo?
1136 4841 1176 4895 Et
1187 4856 1252 4895 curn
1272 4840 1468 4896 norninassem
1488 4848 1625 4898 sanctum
1651 4844 1805 4911 Victorem,

982 4936 995 4962 α
1010 4913 1118 4969 Sancte
1137 4912 1244 4977 Victor,
1256 4912 1362 4983 inquit,
1380 4927 1433 4967 ora
1442 4928 1499 4982 pro
1510 4928 1564 4969 nte.
1575 4937 1588 4962 u
1602 4915 1677 4971 Herc
1687 4915 1765 4970 elicit
1780 4921 1808 4973 et

981 4985 1063 5040 siluit
1075 4989 1101 5039 et
1115 4985 1225 5052 osjustr
1237 4984 1371 5038 clausum
1384 4988 1436 5046 est,
1452 4985 1531 5054 arrad
1549 4987 1726 5054 sapientiam
1738 5002 1808 5056 par

982 5057 1276 5111 lurirecousueeerat
1294 5060 1342 5109 :et
1360 5056 1464 5124 linqua
1479 5057 1629 5125 sapientis,
1646 5072 1734 5128 arram
1750 5072 1808 5114 rne-

983 5129 1040 5183 lius
1071 5126 1233 5182 secundum
1268 5126 1422 5184 scientiam
1460 5133 1630 5192 orrracerat,
1664 5127 1806 5209 [oucibus

982 5198 1118 5256 adhesit.
1137 5199 1208 5252 Post
1226 5196 1289 5253 lutee
1309 5198 1396 5268 acrasi
1403 5212 1458 5265 per
1472 5199 1601 5264 spatium
1615 5212 1703 5251 rrnrus
1724 5196 1807 5256 luoroe

982 5270 1158 5338 strperuiait.
1167 5269 1206 5322 llt
1217 5270 1258 5321 sie
1269 5268 1435 5323 astantibus
1450 5274 1476 5322 el
1487 5267 1640 5321 orantibus
1656 5269 1807 5336 fratribus

982 5340 1112 5395 reddidit
1125 5341 1262 5407 spirit-ran
1276 5341 1305 5393 in
1321 5354 1427 5393 rannus
1446 5339 1519 5403 ejus.
1541 5342 1572 5389 ut
1584 5338 1740 5405 eredita-trs,
1757 5343 1807 5396 eui

983 5412 1068 5466 illurn
1094 5412 1207 5464 rtrulurn
1227 5410 1404 5467 tradirlerut,
1429 5413 1455 5460 et
1472 5409 1502 5461 in
1527 5408 1808 5477 eujusfortr'truline

982 5485 1079 5553 ipsura
1106 5481 1238 5539 eumdem
1263 5483 1402 5552 spiritura
1428 5480 1695 5538 corrrnrendauerat.
1713 5484 1806 5539 Tran-

982 5555 1050 5612 sinit
1076 5559 1175 5611 autern
1203 5548 1380 5609 uenerabilis
1406 5553 1434 5607 et
1457 5549 1674 5610 eruditissimus
1702 5554 1807 5612 doctor

134 5661 205 5737 (art)
220 5663 255 5719 ln
275 5674 332 5718 sao
345 5655 518 5717 Memoriali
530 5652 735 5729 butoriarnm,
747 5654 786 5714 ad
801 5667 916 5714 annum
931 5649 1009 5714 tlte.
1047 5720 1050 5729 ,
