3832 6044
51 72 57 79 ’
95 121 147 174 ιιι
411 116 563 174 aaronis
582 117 628 171 aa
648 115 676 171 s.
696 112 844 170 vroroaa
864 114 939 172 orr.
960 114 1048 172 raas
1068 114 1347 171 1.-rxraarrca
1366 113 1485 202 nunrr.
1758 112 1813 169 rao

96 238 240 296 ennuchis
255 239 325 308 suis,
341 245 374 295 ut
384 239 609 295 introducerent
624 239 770 310 reginam,
786 232 927 294 ut‘osten-
942 241 966 295 h
980 241 1060 296 Hanc
1074 239 1166 296 nutrit
1178 239 1382 298 Mardochaeus
1406 235 1576 311 spiritualis,
1602 239 1630 292 et
1643 235 1768 309 adoptat
1782 234 1815 292 in

96 327 178 387 deret
187 331 301 386 cunctis
307 328 439 399 populis,
452 332 479 384 ct
487 327 687 398 prindptoas,
699 327 782 383 illius
789 326 927 398 pulchri·
979 328 1073 386 filiam
1089 349 1095 387 :
1122 331 1173 402 qui
1194 334 1237 386 est
1250 330 1355 386 doctor
1370 329 1503 400 gentium
1516 327 1548 382 in
1560 326 1628 396 tide,
1645 330 1672 382 et
1687 325 1816 383 ueritate

97 418 240 476 tudinem.
267 417 397 490 Septimo
412 416 469 485 die,
484 416 514 472 id
541 419 585 472 est
596 418 731 490 tempore
740 415 926 474 revelationis
980 416 1009 490 (I
1022 421 1095 476 Tim.
1106 423 1137 487 ιι)
1155 438 1161 490 ;
1178 423 1207 477 et
1220 422 1264 476 est
1276 419 1313 475 de
1325 417 1414 492 stirpe
1424 415 1541 484 lamini,
1557 415 1614 472 hoc
1629 418 1681 483 cst,
1697 413 1735 471 do
1750 413 1817 471 stir-

45 560 49 566 .
97 505 276 580 septiformis
291 503 402 574 gratie,
419 503 634 577 quandovenit
648 503 801 577 plenitudo
816 508 929 578 tempo·
980 523 1017 582 pe
1038 508 1201 580 Beniamin.
1230 512 1310 565 Hanc
1338 505 1616 565 Nabuchodonosor
1641 502 1814 578 spiritualis,

97 594 148 663 ris,
163 598 193 650 et
210 585 287 649 Ile'us
310 592 415 650 Filium
438 609 528 649 suum
549 592 628 650 misit
649 592 680 650 in
696 597 797 663 terras,
813 597 841 650 et
854 593 928 664 legis
980 601 1009 653 et
1022 612 1075 654 rex
1101 596 1294 666 contusionis,
1312 613 1329 653 a
1347 593 1476 652 naturali
1499 594 1564 664 lege
1581 597 1610 650 et
1623 592 1704 649 cultu
1723 591 1816 649 unius

98 683 248 757 mysteria,
266 682 376 757 qtribus
398 691 466 742 ante
492 683 596 740 fideles
623 689 756 757 paverat,
771 684 929 741 abundan·
982 687 1032 745 ilai
1048 685 1078 743 in
1093 685 1300 743 confusionem
1314 682 1489 743 idololatriae
1500 681 1666 752 transtulit;
1683 682 1736 739 sed
1753 680 1816 755 pie-

97 770 163 830 tiori
189 770 283 843 gratia
305 773 513 829 manifestavit.
544 776 625 829 Tunc
649 774 789 847 praecepit
815 777 928 847 septem
983 775 1138 832 tasdivina
1153 774 1282 832 odviam
1296 773 1425 831 veritatis
1438 789 1492 847 per
1506 771 1716 846 predicatores
1730 785 1815 826 reso

97 860 252 929 eunuchis,
268 861 299 917 id
313 866 357 918 est
371 861 617 935 predicatoribus
632 862 795 935 septiformi
820 861 929 936 Spiritu
982 864 1068 921 cavit.
1078 865 1199 922 Placuit
1212 865 1322 921 Esther
1336 865 1410 936 regi,
1423 869 1449 921 et
1465 863 1537 920 doto
1549 866 1618 918 surtt
1633 862 1660 918 ei
1674 860 1715 917 od
1727 875 1814 916 usum

96 949 225 1022 repletis,
241 949 337 1023 quise
352 955 557 1007 castraverunt
568 954 689 1025 propter
700 966 828 1023 regnum
842 951 930 1008 coelo·
982 955 1149 1012 necessario
1162 969 1176 1026 ,·
1187 957 1216 1010 et
1230 952 1344 1011 Christo
1356 951 1468 1027 placuit
1482 950 1620 1018 Ecclesia,
1645 953 1674 1007 et
1686 949 1759 1006 data
1770 952 1817 1005 est

97 1055 176 1107 rum,
199 1043 232 1094 ut
247 1039 345 1095 vasthi
361 1040 506 1111 reginam,
533 1039 563 1096 id
584 1044 628 1096 est
642 1040 760 1114 plebem
773 1040 929 1096 iudaicam
983 1043 1009 1099 ei
1023 1042 1159 1100 doctrina
1187 1059 1272 1112 sana,
1288 1042 1507 1116 scripturarum
1530 1039 1661 1108 scientia,
1685 1037 1814 1096 litabo

98 1127 318 1186 introducerent
342 1144 395 1202 per
410 1128 593 1203 spiritualcm
608 1129 842 1200 intelligentiam,
859 1129 930 1203 quia
983 1135 1077 1190 nesta.
1094 1131 1197 1188 Esther
1210 1131 1324 1206 accepit
1348 1132 1378 1188 in
1392 1130 1573 1205 obsequium
1598 1144 1688 1185 suum
1700 1131 1815 1203 septem

99 1217 199 1274 adhuc
213 1221 277 1274 erat
291 1217 362 1275 ioris
377 1234 430 1292 per
453 1217 526 1289 legis
541 1218 679 1276 litteram.
706 1222 741 1276 llt
763 1218 932 1277 ostenderet
983 1219 1099 1294 puellas
1114 1219 1360 1293 speciosissimas,
1382 1224 1411 1276 et
1432 1218 1561 1275 Ecclesia
1574 1215 1678 1274 fideles
1698 1214 1816 1273 animm

99 1306 240 1365 omnibus
263 1306 340 1364 illius
355 1308 618 1383 pulchritudinem,
646 1309 678 1366 id
693 1314 736 1367 est
747 1314 778 1366 ut
789 1308 930 1367 omnibus
985 1309 1109 1382 Spiritus
1124 1308 1218 1365 sancti
1232 1309 1327 1380 gratia
1339 1311 1540 1380 regeneratas,
1560 1310 1649 1379 atqua
1662 1303 1815 1373 delicatas,

100 1401 179 1455 esset
200 1398 373 1472 exemplum
395 1399 434 1455 ad
460 1398 553 1455 iidem
576 1403 604 1455 ct
619 1400 732 1457 bonam
761 1399 930 1467 actionem3
983 1415 1051 1472 quie
1067 1398 1132 1471 ejus
1145 1402 1311 1472 sequuntur
1322 1396 1448 1470 vestigia
1462 1396 1533 1466 fide,
1549 1394 1695 1464 doctrina,
1712 1409 1816 1468 opera-

100 1494 166 1547 erat
180 1493 281 1546 autem
292 1472 410 1560 potina
423 1490 512 1546 nnnis
526 1505 538 1547 .·
553 1493 673 1564 propter
690 1489 931 1563 praerogativam,
984 1488 1064 1545 tione
1076 1487 1168 1556 bona,
1184 1487 1221 1544 dc
1248 1487 1358 1562 quibus
1371 1486 1478 1544 dicitur
1492 1504 1499 1543 :
1513 1484 1752 1543 Adolescentule
1773 1483 1817 1539 di·

100 1574 374 1651 videlicatpatrum‚
388 1576 658 1650 etsoicntiamlegis
669 1579 931 1653 etprophetarum.
951 1598 972 1652 p
987 1579 1126 1659 lecerunt
1140 1582 1168 1634 te
1182 1579 1270 1634 nimis
1281 1576 1380 1650 (Cant.
1404 1576 1434 1649 ι).
1451 1575 1553 1632 Esther
1575 1573 1671 1632 noluit
1684 1572 1816 1630 indicare

100 1665 242 1739 Praecepit
253 1670 286 1723 ut
298 1666 520 1725 introducerent
532 1685 609 1737 eam,
626 1667 722 1742 posito
737 1683 828 1741 super
842 1670 933 1740 caput
985 1665 1113 1739 patriam
1129 1681 1216 1722 suam
1230 1665 1303 1737 regi,
1319 1669 1347 1722 et
1360 1667 1463 1722 sancta
1477 1663 1606 1720 Ecclesia
1620 1660 1709 1719 bouis
1723 1659 1818 1736 operi·

102 1754 168 1826 ejus
180 1755 360 1829 diademate,
369 1756 400 1813 id
413 1762 458 1815 est
468 1757 618 1828 religionis
626 1758 822 1815 honorc.Sed
828 1758 933 1829 regine
984 1755 1043 1812 bus
1058 1755 1129 1826 tegit
1150 1771 1252 1813 coram
1281 1759 1341 1813 ileo
1369 1754 1490 1829 culpam
1516 1753 1682 1827 antiquam.
1709 1754 1817 1810 Curam

108 1843 215 1902 vasthi
227 1846 344 1903 intrare
358 1848 468 1915 renuit,
485 1846 556 1919 quia
569 1845 655 1919 plebs
668 1846 792 1903 ludaico
806 1847 933 1918 gratiam
986 1843 1089 1901 salutis
1113 1843 1215 1901 Esther
1230 1843 1289 1914 egit
1312 1843 1525 1911 Mardochreus,
1543 1846 1571 1898 et
1596 1855 1700 1897 curam
1715 1838 1817 1896 solutis

104 1931 156 1988 bei
166 1948 321 2006 respuens,
337 1934 492 2008 perfidam
502 1933 602 1990 venire
617 1936 804 2007 contempsit.
815 1937 933 2009 Septem
987 1933 1122 1991 Ecclesioe
1138 1932 1200 2004 agit
1220 1949 1274 2007 per
1287 1932 1455 1990 doctrinam
1476 1947 1563 1990 suam
1579 1929 1734 2004 apostolus
1746 1932 1819 1986 Pau·

103 2019 182 2091 regis
196 2021 344 2094 sapientes
355 2026 424 2079 sunt
437 2022 567 2080 universi
579 2024 715 2081 doctores
730 2029 758 2082 et
770 2025 934 2099 septiformi
987 2023 1044 2093 lus,
1057 2026 1086 2080 et
1100 2023 1237 2080 omnium
1251 2023 1409 2081 doctorum
1422 2027 1525 2079 coetus.
1540 2021 1692 2092 Bagathan
1705 2025 1735 2078 et
1746 2019 1819 2078 lha-

105 2107 199 2179 gratia
214 2109 327 2182 repleti,
344 2115 371 2168 et
382 2127 436 2185 per
450 2112 548 2186 ipsam
562 2113 601 2169 ad
616 2113 718 2171 omnia
732 2114 851 2186 agenda
864 2114 935 2171 divi-
987 2129 1034 2170 res
1049 2114 1110 2171 duo
1124 2113 1254 2171 enuuchi
1276 2112 1364 2185 regis,
1386 2112 1440 2187 qui
1457 2112 1600 2184 janitores
1621 2113 1716 2179 crant,
1740 2112 1769 2167 et
1788 2108 1820 2165 in

104 2197 184 2255 nitus
197 2197 303 2258 edocti.
319 2201 474 2259 Mamucha
486 2203 666 2260 novissimus
681 2204 871 2278 sapientium,
882 2204 935 2277 qui
987 2197 1086 2272 primo
1101 2197 1201 2271 palatii
1215 2198 1317 2255 limina
1332 2197 1542 2271 praesidebant,
1559 2194 1718 2252 voluerunt
1729 2193 1762 2250 iu
1776 2208 1820 2250 ¹⁸0·

106 2288 283 2347 sententiam
310 2291 521 2365 promulgarit,
545 2296 578 2350 ut
599 2293 700 2350 vasthi
727 2294 935 2367 deponeretur,
989 2301 1058 2358 gem
1086 2286 1238 2359 insurgere
1253 2291 1282 2344 et
1308 2285 1466 2344 occidere:
1491 2284 1575 2361 quod
1600 2283 1821 2342 Mardochoeum

106 2381 135 2435 ct
147 2377 205 2436 alia
219 2379 250 2435 iu
267 2381 332 2453 ejus
346 2381 412 2438 loco
427 2382 663 2440 substitueretur.
686 2383 810 2441 Paulum
826 2383 938 2455 signiti-
988 2392 1050 2433 11011
1065 2375 1150 2433 latuit
1166 2394 1173 2446 3
1189 2377 1348 2450 statimque
1375 2374 1556 2432 renuntiavit
1568 2373 1679 2444 reilinffi
1706 2372 1819 2440 Esther,

107 2465 164 2530 cat,
191 2463 245 2536 qui
269 2464 365 2524 dixit:
390 2467 455 2539 Epo
486 2471 708 2536 summittimus
734 2469 937 2540 apostolorum
990 2471 1018 2524 et
1031 2466 1082 2524 illa
1095 2466 1158 2538 regi
1173 2483 1210 2524 ex
1232 2466 1354 2522 nourine
1378 2464 1565 2537 hardochaei,
1591 2462 1644 2538 qui
1657 2463 1697 2519 nd
1712 2479 1821 2519 serem

107 2550 136 2624 (I
144 2552 213 2613 Cor.
230 2559 288 2625 xv),
305 2561 333 2613 et
345 2557 618 2615 contradicentibus
632 2559 741 2615 iudeis
754 2559 938 2632 predicatio·
990 2556 1144 2614 detulerat.
1159 2556 1322 2624 Quiesitum
1338 2560 1382 2612 cst
1396 2559 1425 2612 et
1436 2555 1601 2627 inuentum,
1615 2557 1644 2610 et
1667 2568 1822 2627 appensus

105 2639 137 2696 ni
150 2640 190 2698 ait
206 2661 212 2698 :
230 2644 306 2711 Quin
320 2645 459 2716 indignos
474 2648 674 2716 oosjudicotis
688 2663 780 2719 regno
792 2649 857 2721 Dei,
872 2663 938 2705 ecce
990 2650 1114 2721 uterquc
1128 2644 1160 2703 in
1185 2646 1329 2720 patibulo.
1356 2647 1483 2702 Possunt
1496 2643 1526 2699 in
1539 2643 1659 2699 duobus
1674 2640 1822 2699 eunuchis

107 2733 310 2788 convertimur
321 2734 474 2804 adgentes
488 2734 567 2804 (Act.
581 2735 651 2806 ιιιι),
991 2735 1169 2792 schismatici
1183 2740 1211 2792 et
1224 2735 1353 2792 lueretici
1366 2733 1462 2791 notari
1479 2752 1485 2803 ;
1501 2732 1553 2807 qrri
1568 2731 1681 2789 fraudis
1694 2736 1723 2788 et
1735 2729 1822 2788 meli-

141 2819 311 2888 Repudiato
330 2821 441 2890 Vosthi,
455 2825 669 2893 quoesitoesemt
682 2826 937 2895 prcellespece'osce
990 2826 1038 2881 lice
1063 2841 1212 2881 uenenum
1236 2824 1325 2882 corde
1353 2828 1512 2895 gestantes,
1540 2828 1643 2879 contra
1668 2820 1821 2879 vamtatem

107 2908 181 2978 regi,
197 2912 225 2964 et
240 2909 360 2965 traditos
374 2910 428 2965 sule
450 2927 541 2968 rreunu
555 2913 641 2983 Egel
659 2913 798 2986 eunuchi,
814 2919 847 2970 ut
861 2916 937 2971 acci·
951 2958 971 3013 C
990 2913 1193 2982 consiliantur,
1208 2919 1240 2970 ut
1254 2931 1322 2971 eam
1335 2913 1523 2970 credentibus
1539 2911 1685 2979 auferant,
1701 2914 1729 2966 et
1742 2907 1822 2967 umi-

102 3000 210 3065 nuent
224 2996 261 3053 oh
285 3013 317 3054 eo
334 3013 418 3056 usum
446 3003 644 3058 trecenarium
668 3001 788 3075 (Esther
810 3002 937 3077 11),quia
990 3008 1079 3072 stum,
1095 3003 1125 3059 id
1141 3007 1185 3059 est
1198 3002 1290 3059 fidem
1305 3002 1410 3060 Christi
1421 3001 1453 3059 in
1472 3001 1544 3074 ipsis
1556 2999 1697 3056 fidelibus
1708 2997 1818 3055 interti-

105 3085 264 3158 rcpudiata
279 3088 392 3157 Judoea,
408 3089 563 3147 diversior
576 3091 936 3166 diversispartibusmun·
989 3091 1077 3148 ciant.
1093 3091 1150 3149 Sed
1165 3108 1269 3148 corum
1282 3090 1468 3165 iniquitatem
1490 3088 1584 3147 sancti
1597 3088 1735 3145 doctores
1754 3102 1818 3143 ma-

105 3173 137 3230 di
151 3174 190 3232 ad
206 3175 376 3235 societatem
390 3179 479 3250 regin
496 3180 647 3251 dignitatis
659 3197 713 3255 per
726 3181 936 3256 praedicatores
988 3180 1137 3249 niiestant,
1154 3186 1187 3237 ut
1198 3180 1370 3238 innocentcs
1382 3179 1540 3247 salientum,
1556 3176 1633 3236 atilli
1641 3176 1722 3249 justa
1731 3173 1818 3234 ultio·

105 3263 307 3337 adducuntur,
329 3268 457 3326 verbum
485 3269 536 3326 Dei
563 3269 815 3340 administrantes,
836 3276 864 3328 et
878 3271 935 3328 sub
988 3285 1026 3327 ne
1040 3269 1212 3344 puniantur.

105 3369 200 3411 mauu
214 3358 292 3425 Egaai
308 3357 371 3430 (qui
396 3359 524 3429 festivus
539 3360 757 3435 interpretatur,
787 3367 815 3418 et
836 3365 935 3418 custos

106 3445 149 3499 est
162 3444 313 3513 regiarum
328 3446 498 3519 mulierum)
511 3449 678 3519 traduntur,
693 3450 725 3507 id
744 3455 788 3507 est
799 3451 934 3508 commit-

105 3534 208 3588 tuntur
220 3535 401 3613 pastoribus,
413 3537 523 3609 quibus
537 3537 672 3595 fidelium
686 3539 858 3597 animarum
870 3558 935 3598 cus-

104 3621 187 3679 todia
200 3621 297 3691 datur,
314 3628 347 3680 ut
367 3624 459 3681 verbo
475 3629 503 3682 et
513 3628 651 3700 exemplo
664 3628 832 3686 ministrant
849 3630 935 3703 quid·

105 3709 179 3783 quid
192 3711 231 3768 ad
244 3711 356 3769 cultum
368 3713 484 3788 pietatis
497 3717 700 3773 necessarium
713 3717 849 3776 viderint.
866 3719 933 3785 eri·

106 3815 226 3874 cuuque
239 3807 319 3859 recta
337 3801 407 3871 tide,
424 3807 452 3859 et
465 3804 646 3863 conscicntia
664 3822 741 3880 pura
754 3808 816 3878 regi
831 3808 934 3864 altissi-

106 3905 157 3947 mo
171 3889 325 3964 placuerit,
338 3892 377 3948 ad
391 3892 492 3966 ipsum
501 3894 683 3964 ingredietur
697 3896 853 3969 repudiata
864 3899 934 3954 Vas-

106 3978 160 4036 thi.
171 3978 266 4037 llullae
287 3980 394 4053 puellm
410 3987 479 4039 sunt
492 3983 633 4056 quoesitoe,
649 3985 751 4042 multe
766 3986 805 4043 ad
820 3987 933 4044 curiam

105 4068 184 4140 regis
203 4067 350 4138 auduom,
365 4071 418 4128 sed
436 4088 496 4130 una
520 4072 646 4144 eligitur,
670 4091 730 4132 uua
744 4075 775 4133 in
799 4077 934 4148 reginam

106 4160 275 4226 coronatur,
288 4158 359 4231 quia
384 4161 529 4218 universae
545 4162 679 4220 Ecclesiae
695 4165 843 4236 fidelibus,
873 4182 934 4225 une

104 4245 188 4320 fides,
203 4262 295 4304 unum
320 4249 477 4324 baptisma,
504 4267 581 4308 unus
594 4254 682 4323 Deus,
699 4261 726 4312 et
745 4271 822 4312 unus
844 4262 934 4327 poter

106 4337 237 4393 omnium
258 4337 376 4409 (Ephes.
393 4344 442 4404 ιι).
470 4342 651 4400 Ornameuta
665 4345 833 4417 puellarum
852 4346 935 4420 spiri-

106 4424 198 4483 tualia
212 4425 381 4499 significant
403 4436 580 4489 ornamenta
594 4431 728 4490 lidclium
751 4435 932 4493 animarum.

109 4515 184 4573 Erat
198 4517 246 4573 vir
259 4519 384 4576 Juduus
399 4521 430 4576 in
456 4520 539 4578 Susis
554 4508 675 4581 orbitate
697 4524 840 4583 oocohnlo
854 4526 936 4583 Mor·

107 4604 255 4679 dachus,
268 4608 352 4676 filius
369 4609 437 4665 Jair
455 4611 516 4679 filit
529 4611 632 4681 Semel,
645 4613 706 4682 filii
729 4614 778 4671 Cis
792 4614 828 4671 cle
842 4616 936 4686 stnme

106 4693 224 4764 demini,
241 4697 295 4765 qui
307 4699 474 4754 translatus
497 4700 601 4769 suerat
627 4702 663 4759 de
685 4704 875 4760 Hierusalem
903 4720 935 4761 eo

109 4785 247 4853 tempore,
264 4799 321 4854 quo
334 4785 508 4845 iechcniam
523 4806 621 4861 regem
644 4792 726 4847 Jredo
740 4793 937 4850 Neebuchodo-

107 4885 198 4927 noser
210 4886 266 4928 reor
278 4873 443 4947 Babylonis
458 4881 658 4937 transtulerat
671 4895 683 4938 .·
695 4883 748 4953 qui
764 4882 827 4951 suit
841 4885 938 4940 teutri-

109 4962 168 5017 tius
179 4961 251 5030 filie
274 4963 383 5034 (ratris
397 4969 446 5024 eret
466 4968 590 5041 Edisse,
612 4985 677 5041 qun
697 4973 793 5029 altero
819 4975 938 5031 nomine

107 5045 219 5106 Esther
231 5053 405 5122 uocabatur,
426 5062 454 5112 et
479 5062 640 5129 utrumque
662 5067 813 5129 parentem
833 5063 937 5120 omise-

34 5143 37 5149 ’
63 5145 66 5151 ·
108 5142 179 5196 rat:
189 5140 323 5209 pulchro
338 5145 425 5200 minis
440 5150 467 5202 et
480 5146 588 5204 decora
610 5149 701 5220 socie.
725 5151 827 5207 Esther
851 5151 938 5208 inter·
1028 5151 1144 5208 Noctem
1159 5150 1238 5206 illam
1252 5164 1302 5207 ren
1316 5149 1402 5206 ducit
1416 5149 1570 5205 tresomnem
1587 5163 1595 5202 s
1611 5145 1756 5220 jussitque
1769 5144 1827 5202 sihi

107 5231 241 5297 pretatur
254 5231 398 5290 absconso
412 5247 424 5304 ,·
438 5234 552 5309 Edisse,
574 5239 789 5296 misericordia.
806 5243 872 5297 liceo
887 5257 938 5297 au·
993 5240 1095 5311 afferri
1109 5239 1244 5296 historias
1265 5239 1388 5296 crinales
1404 5238 1537 5310 priorum
1559 5242 1729 5310 temporem.
1756 5238 1826 5304 oren

109 5317 168 5370 tom
182 5323 227 5375 est
240 5322 374 5389 gentium
389 5324 527 5395 Ecclesia,
545 5344 613 5400 quie
628 5328 659 5383 in
683 5327 859 5384 abscondito
874 5343 938 5383 cor·
993 5344 1067 5397 cum,
1088 5328 1141 5385 illc
1161 5334 1309 5400 pensetis,
1328 5327 1498 5399 haereatur,
1518 5335 1631 5385 neretum
1654 5330 1693 5383 est
1707 5326 1746 5383 od
1760 5341 1826 5383 sum

108 5399 155 5501 dis
169 5407 302 5464 nutriens
314 5413 481 5471 castitatem
491 5415 572 5485 fidei,
583 5417 819 5474 misericordiam
834 5423 863 5473 et
872 5434 941 5489 gra.
994 5418 1094 5482 locum.
1108 5417 1160 5474 uli
1171 5419 1310 5489 scriptum
1322 5422 1389 5484 erat,
1413 5406 1558 5490 quomodo
1571 5415 1728 5474 resonasset
1746 5417 1828 5474 liar·

108 5491 290 5589 tramcoram
305 5500 398 5556 oculis
409 5504 460 5559 Ilei
473 5504 758 5580 invenit‚repadiata
767 5508 928 5581 Synagoga
995 5507 1129 5566 doehnm
1140 5505 1261 5565 insidiae
1275 5507 1439 5580 Bapothom
1451 5513 1478 5565 et
1493 5507 1598 5565 Thares
1610 5507 1825 5573 eunuchorum,

108 5592 176 5651 qun
191 5593 222 5637 m
237 5583 309 5643 Osee
323 5594 447 5648 vocatur
462 5595 572 5668 absque
593 5598 797 5656 nrtsericcrdio
813 5598 895 5671 (Osee
908 5599 940 5672 ι.)
996 5612 1093 5671 regem
1114 5598 1262 5657 Assuerum
1273 5596 1409 5670 jeconiam
1431 5597 1611 5670 cupientium
1626 5596 1744 5668 (Esther.
1772 5601 1824 5664 u).

1024 3407 1083 3463 lien
1095 3406 1236 3463 Auernus
1251 3405 1387 3462 enoltou't
1412 3405 1513 3462 Amen
1527 3403 1645 3475 (Esther
1670 3405 1721 3468 ιιι).
1748 3403 1818 3457 Pos-

989 3499 1059 3551 sunt
1072 3511 1125 3568 pcr
1139 3500 1234 3551 Aman
1259 3494 1433 3568 superbum,
1451 3491 1637 3563 llardocheei,
1665 3495 1693 3548 ct
1708 3493 1818 3548 sanctie

989 3584 1084 3654 gentis
1096 3584 1261 3650 inimicum,
1276 3583 1370 3639 ludaei
1389 3587 1418 3638 et
1429 3585 1564 3655 potentes
1589 3579 1743 3654 praesentis
1766 3593 1819 3634 sae-

988 3672 1046 3729 culi
1061 3672 1220 3742 designari.
1236 3671 1315 3728 Sicut
1327 3671 1407 3728 euim
1415 3674 1512 3728 hman
1526 3669 1666 3744 epistolas
1675 3667 1817 3738 dirigens,

989 3761 1066 3831 regis
1093 3760 1248 3830 signaculo
1270 3776 1322 3817 eas
1342 3758 1458 3816 munire
1481 3757 1642 3826 contendit,
1659 3755 1819 3813 utiacilius

988 3856 1093 3907 votum
1108 3867 1197 3906 suum
1219 3849 1382 3922 expleatur,
1407 3848 1448 3905 sic
1468 3848 1563 3906 ludaei
1582 3846 1676 3904 libros
1689 3846 1764 3917 logis
1778 3844 1821 3900 di·

989 3940 1076 4009 sinte,
1092 3939 1122 3996 iu
1138 3939 1249 4012 quibus
1270 3944 1314 3996 est
1339 3938 1528 4010 signaculum
1550 3936 1661 3994 summi
1683 3935 1773 4007 rogis,
1788 3931 1820 3990 id

989 4033 1033 4088 est
1047 4029 1141 4100 gratia
1155 4028 1278 4102 Spiritus
1291 4029 1395 4102 sancti,
1412 4028 1450 4086 ad
1465 4025 1707 4085 confirmandam
1729 4026 1820 4082 heere

990 4119 1046 4175 sim
1060 4134 1146 4175 suam
1162 4121 1320 4175 assumunt
1343 4118 1374 4175 in
1389 4116 1601 4185 testimouium,
1625 4113 1820 4189 reprobantes

991 4207 1161 4265 societatem
1176 4207 1320 4279 gentium,
1335 4211 1364 4263 et
1382 4206 1488 4264 Christi
1512 4203 1717 4275 Evangelium‚
1734 4201 1821 4276 quasi

953 4313 975 4368 p
990 4297 1096 4355 divinis
1112 4298 1266 4371 preceptis
1279 4297 1471 4355 contrarium.
1485 4299 1620 4354 Potentes
1632 4309 1756 4369 qumque
1770 4308 1821 4349 sar·

991 4389 1059 4457 culi,
1081 4387 1234 4446 beneficiis
1259 4387 1361 4444 diviua
1385 4386 1493 4460 pietate
1512 4386 1626 4443 collatis
1653 4383 1820 4450 abutentes,

989 4494 1067 4552 quos
1080 4481 1231 4534 consortes
1243 4476 1355 4533 habent
1369 4480 1491 4543 naturae,
1503 4474 1703 4546 dedignantur
1709 4472 1821 4530 habere

991 4571 1142 4623 consortes
1171 4565 1281 4636 gratiae,
1314 4570 1343 4622 ct
1369 4565 1526 4632 honorem,
1554 4567 1583 4620 et
1614 4560 1820 4627 reverentiam,

991 4672 1084 4731 wem
1096 4655 1151 4712 soli
1163 4657 1223 4712 llco
1244 4654 1422 4725 debuerunt,
1446 4653 1476 4709 in
1493 4669 1557 4710 sesc
1578 4652 1737 4710 transferre
1752 4665 1822 4708 con·

992 4746 1127 4812 tendunt,
1144 4760 1195 4801 eos
1205 4748 1315 4812 autem,
1331 4743 1384 4817 qui
1397 4743 1563 4800 consentire
1577 4743 1693 4811 nolunt,
1703 4740 1780 4798 odiis
1795 4743 1823 4797 et

992 4834 1171 4892 cruciatibus
1185 4838 1415 4907 persequuntur,
1428 4832 1480 4889 sed
1492 4833 1573 4904 justo
1584 4830 1697 4904 judicio
1707 4830 1739 4887 in
1753 4829 1823 4886 insi·

993 4924 1049 4981 dlis
1064 4923 1125 4980 suis
1147 4922 1306 4995 capiantur
1320 4922 1415 4996 iniqui
1431 4941 1439 4992 ;
1465 4923 1563 4994 justus
1577 4922 1615 4979 de
1639 4920 1778 4993 angustio
1792 4919 1825 4977 li·

992 5014 1123 5082 beratur,
1140 5018 1169 5071 et
1182 5012 1307 5070 traditur
1320 5012 1431 5087 impius
1446 5028 1559 5086 proco.
1596 5040 1599 5045 ·
