3824 6052
63 128 115 182 sso
327 104 334 117 '
426 114 428 120 ‘
485 131 693 190 ituraeam
712 135 747 191 ra
767 134 888 192 uovuu
906 137 1169 200 rrsrluuaruu.
1187 171 1221 181 -
1237 141 1301 198 uu.
1321 142 1354 198 v.
1717 148 1769 203 aso

61 251 92 307 in
108 267 196 307 carue
211 251 306 309 tilium
317 254 457 325 hominis,
481 257 515 313 tit
526 273 689 332 corporum
702 258 888 316 resurrectio.
904 268 928 321 Α
944 264 1142 334 crediderunt,
1156 267 1263 324 eodem
1282 267 1375 325 modo
1386 271 1414 325 et
1424 267 1555 326 Christus
1564 285 1615 327 eos
1637 273 1769 337 accusat,

61 341 110 396 l'cl
121 357 156 396 cx
170 359 205 397 eo
221 345 303 416 quod
317 344 348 399 iu
375 361 463 402 carue
479 346 577 416 gessit,
606 348 715 404 meruit
726 352 759 405 ut
781 364 890 422 corpus
943 353 1014 426 quia
1029 354 1170 412 doctrinae
1183 357 1348 430 ipsiusnon
1359 357 1556 415 crediderunt.
1574 357 1632 416 Sed
1649 362 1695 415 est
1708 373 1770 415 ma·

60 447 150 531 sunm
161 434 345 503 resurgendo
356 433 544 504 glorificetur,
556 438 585 492 ct
595 440 628 493 ut
642 436 706 493 aliis
716 437 816 511 ipsum
826 437 891 494 imr-
943 442 1083 500 nilestum
1110 445 1275 518 quodlicet
1301 446 1435 503 neutrius
1456 446 1555 503 verbis
1580 445 1768 515 crediderint,

61 519 192 619 tantrbus
207 522 313 578 eadem
329 523 423 592 gloria
436 524 467 580 iu
480 524 656 598 corporibus
664 526 794 584 daretur.
807 530 891 594 Quae-
943 535 1044 590 tamen
1057 549 1075 590 a
1087 535 1235 608 lloyserci
1248 538 1418 594 statuuntur
1443 536 1526 609 apud
1538 538 1663 603 Patrem.
1683 535 1770 608 cujus

59 613 133 709 rrtur
146 611 301 684 quomodo
316 611 396 670 dicat
409 613 592 683 Augustinus
612 615 783 672 animarum
795 632 891 673 resur·
943 619 1085 678 doctrines
1098 627 1333 694 transgressores
1343 623 1413 680 facti
1427 628 1512 691 sunt;
1539 639 1601 681 non
1615 639 1634 681 e
1656 621 1770 680 Christo

59 701 222 755 rechonem
236 698 299 755 ficri
314 701 509 773 perverbum
523 702 574 758 Uei
588 702 710 772 l'ilium3
729 720 890 780 corporum
943 710 1030 780 cujus
1048 711 1217 768 doctrinam
1242 727 1304 769 non
1333 717 1534 785 susceperant.
1568 715 1668 787 lt'eque
1689 711 1769 769 enirn

58 803 131 887 vero
141 804 195 860 per
213 788 310 845 filiurn
324 789 478 847 hominis?
494 791 551 849 Sed
564 791 599 849 tit
610 793 782 850 animarum
794 810 891 850 resur·
943 814 1011 853 reus
1026 803 1141 856 tenetur
1155 799 1263 873 aliquis
1274 799 1357 874 apud
1370 800 1454 870 alios,
1470 800 1494 856 si
1506 799 1638 857 officium
1652 815 1771 857 nonsu-

59 881 152 932 reetro
165 878 299 950 quaudo,
318 878 445 935 tenebris
460 879 634 950 ignorantia
650 887 679 939 et
689 882 827 939 cecitatis
842 899 891 938 ex·
943 891 1078 960 sceptum
1091 886 1152 944 no'u
1167 892 1365 961 exsequatur;
1379 888 1431 943 scd
1450 888 1548 957 legem
1560 888 1652 961 ltoysi
1672 905 1771 947 susce-

59 967 164 1039 pulsis,
179 968 218 1024 ad
234 969 435 1039 cognitionem
450 971 496 1026 sui
510 971 654 1029 Creatoris
674 973 808 1041 redeunt,
824 972 890 1029 luce
943 981 1048 1047 perant
1062 981 1218 1034 etservare
1246 977 1454 1050 promiserant,
1472 977 1567 1048 cujus,
1583 977 1655 1050 quia
1676 981 1771 1033 trans·

58 1056 457 1128 sapientirsbeiillustrante3
468 1076 522 1133 per
532 1061 889 1119 homiuemreroassum-
943 1079 1093 1135 gressorcs
1120 1065 1189 1122 iacti
1199 1070 1277 1135 snut,
1294 1064 1398 1122 abillo
1414 1065 1518 1123 merito
1531 1065 1671 1121 dicuntur
1684 1080 1771 1123 aceu-

57 1149 155 1217 ptum,
171 1146 299 1203 Verbum
312 1146 362 1204 Dei
391 1149 467 1205 mori
483 1150 579 1222 potuit
598 1155 626 1206 et
639 1166 804 1221 resurgere.
834 1153 890 1207 llo-
942 1153 1060 1211 serila
1085 1158 1184 1227 Moyse
1211 1170 1283 1212 vero
1305 1170 1424 1228 sperare
1447 1153 1597 1222 dicuntur,
1621 1153 1693 1227 quia
1716 1168 1771 1228 pu·

58 1234 164 1291 riendo
179 1253 249 1294 vero
262 1241 291 1294 et
304 1238 489 1308 resurgendo
503 1239 591 1296 nobis
606 1239 698 1297 tidem
708 1240 841 1309 contulit,
853 1256 890 1297 ex
942 1247 1005 1301 taut
1019 1244 1154 1302 carnales
1163 1244 1236 1316 legis
1259 1243 1464 1301 observantias
1478 1243 1518 1299 ad
1530 1242 1677 1314 justitiam
1690 1241 1772 1300 suffi-

56 1341 120 1396 qua
133 1326 172 1382 ad
183 1326 430 1384 resurrectionem
444 1327 673 1386 immortalitatis
681 1332 709 1386 et
722 1329 890 1403 impassibi·
942 1349 1017 1390 cere.

13 1445 15 1449 ν
56 1412 148 1512 litatis
163 1415 366 1488 pervenimus,
396 1417 563 1474 secundum
586 1418 669 1492 quod
683 1418 721 1475 dc
744 1434 889 1499 resurrec-
979 1423 1171 1496 collegerunt
1185 1441 1255 1496 erpo
1283 1430 1311 1482 et
1338 1425 1536 1495 impleverunt
1557 1421 1711 1479 duodecim
1726 1437 1771 1478 co

56 1506 138 1558 troue
154 1503 304 1560 bonorum
329 1509 446 1562 tautum
472 1506 579 1577 agitur.
596 1510 629 1562 Et
652 1508 818 1564 secundum
831 1507 888 1564 hoo
937 1513 1048 1582 pbr'nos
1061 1514 1314 1587 fraumentorum,
1327 1517 1382 1571 etc.
1398 1513 1497 1585 (doun.
1510 1512 1557 1576 u).
1570 1514 1609 1568 lle
1631 1509 1771 1585 multipli-

56 1592 251 1692 mauifestum
267 1599 311 1651 est
320 1599 442 1669 propter
456 1596 529 1670 quid
542 1596 706 1668 distinguat
719 1597 823 1655 Filium
838 1597 889 1655 Uei
907 1622 928 1676 p
942 1600 1058 1658 catione
1068 1618 1184 1676 panum
1197 1602 1348 1660 suboritur
1361 1601 1497 1677 quoestio.
1518 1600 1664 1667 Quaeritur
1690 1599 1771 1658 enim

56 1682 193 1739 etlilium
207 1683 347 1741 hominis.
364 1688 439 1741 Nam
453 1701 490 1741 ex
504 1702 539 1742 eo
554 1686 638 1759 quod
652 1686 740 1743 Filius
768 1687 819 1743 Uei
834 1692 886 1757 est,
942 1708 981 1748 an
995 1691 1026 1748 in
1042 1707 1073 1748 se
1097 1691 1287 1764 multiplicati
1299 1691 1366 1760 sint,
1381 1707 1420 1748 au
1435 1707 1472 1748 ex
1486 1689 1636 1747 additione
1657 1688 1768 1764 aliqua.

55 1775 176 1828 tantum
187 1772 218 1829 iu
232 1773 373 1830 cordibus
384 1779 534 1848 operatur,
563 1790 624 1832 non
641 1792 677 1833 ex
692 1792 728 1833 eo
741 1776 824 1850 quod
836 1776 888 1832 ho·
941 1784 1016 1838 Nam
1027 1780 1051 1837 si
1064 1797 1100 1837 ex
1115 1782 1267 1839 additione
1280 1780 1322 1838 ita
1333 1779 1521 1853 multiplicati
1536 1783 1615 1848 sunt,
1630 1794 1692 1835 uon
1707 1793 1771 1837 om·

55 1877 110 1917 mo
125 1866 178 1919 ost.
195 1863 240 1919 dd
252 1879 413 1936 corporum
426 1880 497 1921 vero
511 1865 759 1923 resurrectionem
770 1881 833 1922 non
843 1882 889 1922 so
940 1886 994 1927 nes
1008 1870 1049 1927 illi
1059 1870 1112 1945 qui
1126 1872 1395 1938 manducaverunt,
1408 1868 1469 1926 imo
1477 1867 1567 1941 pauci
1576 1884 1613 1924 ex
1622 1866 1679 1925 illis
1685 1866 1772 1941 quin·

54 1948 122 2005 lum
137 1950 304 2007 secundum
318 1951 401 2009 illam
425 1956 575 2020 naturam,
591 1969 653 2027 qua
664 1958 741 2011 bens
765 1958 819 2028 est,
835 1953 889 2010 sed
940 1976 999 2033 que
1011 1959 1142 2033 panibus
1150 1959 1272 2017 saturati
1286 1962 1364 2016 sunt.
1372 1958 1500 2024 Quidam
1508 1956 1692 2013 tamenhanc
1707 1970 1773 2011 sen-

56 2044 88 2096 et
102 2039 268 2097 secundum
287 2040 380 2110 illam,
395 2057 457 2115 qua
470 2041 550 2109 filius
563 2041 695 2100 hominis
720 2048 773 2112 cst,
785 2060 889 2119 opera-
941 2049 1064 2108 tentiam
1079 2053 1212 2108 tenentes
1235 2048 1350 2117 dicunt,
1376 2047 1487 2104 idcirco
1502 2046 1636 2120 quinque
1648 2043 1705 2102 illis
1718 2058 1772 2118 pa·

55 2133 106 2185 tus
121 2133 174 2198 est,
189 2129 557 2201 moriendo,resurgendo,
568 2136 602 2188 ut
613 2131 726 2189 dictum
740 2136 793 2190 est.
805 2133 888 2189 Unde
940 2139 1030 2196 nibus
1043 2155 1148 2195 omnes
1162 2138 1287 2195 refectos
1302 2152 1377 2206 esse,
1388 2136 1460 2210 quia
1474 2134 1530 2191 sub
1540 2135 1637 2191 lorma
1651 2132 1772 2192 illorum

56 2217 147 2274 Filius
157 2217 208 2274 Uei
218 2218 399 2288 animarum,
413 2219 492 2276 filius
504 2219 634 2277 hominis
641 2237 801 2294 corporum
810 2226 888 2278 reete
940 2230 1005 2285 haec
1019 2225 1225 2301 multiplicatio
1241 2231 1270 2282 et
1296 2224 1415 2282 reiectio
1429 2224 1507 2281 iacta
1521 2228 1574 2280 cst.
1603 2221 1710 2279 Volunt
1719 2236 1771 2279 au·

54 2306 305 2364 resurrectionem
318 2306 539 2364 laceredicitur.
555 2307 605 2365 Vel
615 2308 703 2365 lilius
713 2308 763 2365 Ilei
774 2309 888 2366 anima-
942 2321 1001 2375 tem
1015 2322 1151 2374 auctores
1166 2319 1194 2372 et
1208 2315 1346 2372 doctores
1358 2312 1494 2387 quidam,
1508 2310 1592 2384 quod
1605 2309 1636 2367 in
1649 2325 1681 2367 se
1695 2308 1772 2366 mul·

53 2412 126 2452 rum
139 2396 208 2453 facil
220 2395 558 2470 resur1‘00fi0ss0m2quiss
572 2397 602 2453 in
617 2397 777 2454 assimssbtls
792 2397 888 2455 invisi·
941 2405 1063 2480 tiplicati
1077 2409 1146 2461 sunt
1162 2423 1168 2461 :
1185 2403 1238 2460 sed
1266 2401 1421 2478 quomodo
1445 2401 1503 2458 hoc
1531 2400 1644 2457 lactum
1663 2398 1701 2455 sit
1719 2413 1771 2454 ne·

54 2485 155 2542 biliter
165 2489 315 2560 operatur,
329 2486 456 2556 ttfflfiam
471 2486 728 2560 ⁰01¹f0r011d0‚pet
741 2503 889 2560 quamre·
941 2494 1047 2562 sciunt,
1060 2493 1135 2550 sicut
1149 2508 1204 2549 uec
1219 2490 1309 2548 etiam
1324 2489 1398 2547 scire
1411 2506 1441 2545 se
1465 2503 1554 2563 posse
1579 2486 1683 2544 dicunt
1696 2501 1771 2560 quo·

55 2579 201 2645 surgant;
216 2575 438 2632 filiushOmissiS
453 2591 525 2632 V0l⁰
538 2592 709 2650 corporum,
725 2576 797 2650 quia
824 2577 887 2650 ipse
941 2582 1107 2640 modohaec
1130 2581 1216 2652 glans
1242 2580 1273 2637 in
1301 2583 1416 2637 tantam
1444 2576 1584 2636 arborem
1607 2578 1769 2633 excrescat.

54 2664 212 2722 visibiliter
225 2665 256 2722 iu
266 2663 380 2737 judicio
401 2664 568 2739 apparebit,
583 2664 707 2738 quando
722 2665 888 2722 communi-
942 2670 1084 2734 Quaerunt
1093 2665 1173 2723 enim
1185 2664 1321 2739 quidam,
1333 2661 1487 2738 quomodo
1497 2662 1555 2718 hoc
1582 2659 1646 2717 fieri
1658 2662 1769 2733 posset,

55 2759 102 2809 ter
116 2770 220 2811 omnes
229 2753 259 2810 iu
272 2769 361 2810 carue
369 2757 533 2826 resurgent,
550 2753 611 2811 sive
622 2753 662 2811 ad
676 2753 812 2826 gloriam,
825 2754 887 2812 sive
940 2756 1024 2830 quod
1042 2772 1138 2829 panes
1152 2753 1194 2810 illi
1211 2753 1243 2810 in
1271 2756 1386 2811 tautam
1404 2749 1644 2822 magnitudinem
1667 2746 1772 2806 transi·

55 2843 97 2900 ad
107 2859 239 2916 poeuam.
940 2851 1015 2914 rent,
1030 2861 1070 2903 au
1085 2845 1125 2901 ita
1139 2843 1222 2918 quod
1234 2846 1333 2917 partes
1347 2841 1378 2898 iu
1392 2844 1501 2915 partes,
1518 2855 1556 2896 au
1572 2842 1667 2896 totum
1682 2836 1713 2895 in
1727 2841 1771 2894 to·

93 2933 128 2988 Sl
140 2949 192 3004 ego
203 2933 401 2990 testimonium
411 2930 554 3002 perhibeo
565 2933 601 2988 de
610 2948 665 3004 me,
687 2932 886 2990 testimonium
941 2941 1005 2993 tum
1019 2940 1051 2993 ut
1069 2939 1158 2993 tants
1170 2931 1344 3008 quantitatis
1356 2930 1461 2987 fiarent
1474 2930 1488 2986 ‘l
1503 2929 1588 2999 Quod
1598 2929 1717 3000 aeguum
1737 2932 1770 2983 tu

57 3037 154 3078 rreum
167 3038 228 3079 nort
242 3027 285 3078 est
297 3037 409 3078 cerrum.
439 3025 541 3078 Nonne
568 3019 655 3078 Filius
682 3020 885 3078 testimonium
939 3026 1027 3096 sacis,
1043 3031 1077 3082 ut
1092 3025 1253 3091 videamus,
1268 3028 1296 3079 et
1306 3019 1526 3079 credamusttbi
1534 3023 1548 3075 ?
1561 3016 1711 3084 Quoniam
1722 3018 1771 3072 Ju-

54 3110 194 3184 porhibet
208 3111 244 3167 de
266 3127 307 3180 sc,
330 3115 359 3168 et
373 3114 457 3168 Pater
466 3111 503 3167 de
519 3109 600 3178 Filio,
614 3113 643 3166 et
671 3109 794 3183 Spiritus
819 3127 886 3168 san·
939 3114 998 3172 diei
1007 3113 1164 3171 audierant
1175 3114 1354 3185 perlloysen
1368 3123 1483 3165 manna
1509 3106 1614 3163 datum
1629 3119 1693 3162 esse
1716 3119 1769 3177 pa·

55 3201 145 3257 ctus?
157 3199 312 3267 Quomodo
328 3217 398 3272 ergo
408 3200 497 3257 dicit:
515 3199 594 3258 Side
608 3215 657 3256 mo
682 3200 885 3257 testimonium
939 3203 1034 3262 tribus
1044 3203 1074 3259 in
1087 3201 1214 3269 deserto,
1230 3197 1421 3272 quodmaJ'us
1428 3192 1609 3252 miraculum
1621 3190 1769 3267 putabant

55 3290 209 3363 perhibeo,
223 3290 423 3347 testimonium
437 3306 540 3348 meum
554 3306 616 3347 non
631 3295 675 3346 est
688 3291 885 3348 verumtScd
939 3310 974 3349 co
990 3291 1074 3366 quod
1102 3289 1246 3347 Dominus
1274 3286 1383 3343 iecerat
1396 3285 1427 3341 iu
1461 3282 1620 3340 reiectione
1633 3279 1767 3354 quinque

54 3381 113 3436 boc
129 3385 182 3448 est,
197 3380 281 3453 quod
293 3376 384 3437 dicit:
401 3379 430 3437 Si
443 3380 481 3436 de
495 3396 544 3437 me
559 3380 681 3437 homine
693 3383 790 3448 tester,
801 3379 885 3454 quod
939 3381 1076 3450 millium,
1106 3379 1175 3436 ideo
1202 3380 1341 3452 quarunt
1366 3375 1405 3431 ab
1429 3391 1465 3431 eo
1493 3371 1616 3460 aliquod
1639 3368 1767 3444 speciale

55 3470 223 3527 secuudum
232 3470 400 3526 humanam
409 3473 548 3526 naturam
560 3471 637 3526 Deus
651 3468 718 3535 sim,
734 3468 781 3525 vel
801 3468 885 3542 quod
939 3471 1069 3542 siguum,
1099 3485 1153 3543 per
1177 3467 1261 3541 quod
1284 3466 1468 3537 cognoscunt
1490 3462 1574 3519 illum
1597 3459 1702 3517 Filium
1716 3456 1768 3516 Uei

55 3559 130 3615 milri
143 3560 200 3616 hoc
215 3559 375 3627 ascribam,
392 3564 420 3615 et
433 3574 494 3615 uon
506 3557 564 3628 alii,
580 3574 641 3615 nou
658 3561 702 3614 est
729 3573 833 3614 rerum
846 3561 885 3614 te·
938 3577 1013 3618 esse.
1031 3559 1113 3617 Unde
1125 3557 1269 3615 Dominus
1282 3553 1481 3612 differentiam
1505 3551 1666 3608 ostendens
1691 3547 1767 3605 inter

55 3648 230 3705 stimonium
244 3664 356 3705 mcuru.
386 3647 473 3704 Filius
487 3647 567 3703 euim
596 3647 635 3703 ad
658 3649 775 3704 Patrem
796 3645 885 3703 refert
938 3666 1059 3724 panem,
1074 3664 1166 3722 quem
1181 3645 1317 3720 ipsedat‚
1332 3647 1483 3718 etpauem
1498 3657 1590 3715 quem
1604 3638 1768 3696 manduca·

55 3736 203 3810 quidquid
217 3736 317 3806 habet;
328 3741 361 3794 ut
369 3736 482 3794 dictum
492 3740 544 3793 est.
559 3738 630 3807 Ipsa
642 3752 743 3808 opera,
759 3751 884 3808 qucepo
937 3742 1045 3796 verunt
1056 3737 1221 3804 indescrto‚
1241 3733 1327 3792 dicit:
1342 3735 1407 3804 Ego
1417 3747 1482 3789 sum
1495 3731 1586 3801 panis
1597 3730 1676 3787 citoe.
1700 3731 1766 3801 lpse

53 3827 146 3899 socio,
161 3829 360 3884 testimonium
370 3826 529 3899 perbibent
543 3828 579 3884 de
593 3843 647 3884 me.
660 3825 818 3894 Quomodo
831 3841 885 3899 per
938 3834 982 3887 est
994 3829 1074 3887 enim
1089 3827 1183 3896 cibus,
1197 3841 1259 3900 quo
1273 3823 1402 3882 reficitur
1421 3838 1507 3879 mens
1521 3818 1664 3877 esuriens.
1680 3814 1767 3884 Quod

55 3932 148 3990 opera
161 3917 283 3990 patebat
297 3917 397 3991 ipsum
408 3932 472 3973 esse
481 3915 586 3972 Filium
600 3916 675 3973 llei‘l
688 3915 884 3973 nouneetiam
938 3919 972 3976 fit
985 3917 1108 3992 quando
1122 3916 1197 3973 tides
1211 3931 1283 3972 vcra
1305 3914 1406 3988 ipsum
1420 3909 1635 3984 complectitur.
1651 3909 1693 3964 Fur
1706 3904 1767 3963 fide

54 4005 105 4062 ulii
115 4006 221 4063 eadem
232 4022 324 4079 opera
331 4005 462 4062 lecerunt
471 4006 485 4062 ‘l
494 4005 688 4067 Antichristus
702 4004 802 4076 ctiam,
814 4020 885 4062 cum
938 4008 1019 4065 cuim
1030 4006 1182 4078 diligimus
1194 4023 1201 4073 ;
1212 4021 1249 4061 ex
1263 4003 1418 4060 dilectione
1431 4001 1545 4059 Christo
1567 3999 1698 4067 unimur,
1714 3995 1767 4072 qui
1807 4008 1817 4023 “

54 4095 178 4167 venerit,
192 4095 288 4152 multo
301 4094 389 4168 plura
407 4093 553 4152 miracula
565 4093 688 4151 forsitan
715 4093 810 4150 saciet.
827 4094 884 4151 Sed
939 4101 982 4155 est
996 4096 1056 4152 vita
1066 4099 1179 4151 nostra.
1196 4093 1245 4150 Hic
1260 4092 1350 4164 igitur
1363 4090 1450 4164 panis
1466 4087 1626 4163 spiritualis
1639 4086 1699 4144 fide
1714 4101 1767 4156 gu-

55 4188 100 4240 est
115 4183 307 4243 maniiestum
320 4183 403 4257 quod
421 4183 489 4239 licet
500 4182 607 4239 eadem
631 4181 754 4239 feceriut
767 4181 816 4238 alii
837 4180 885 4239 vel
939 4190 1032 4243 status
1040 4184 1130 4240 ctiam
1139 4183 1201 4239 sine
1213 4180 1403 4255 perceptione
1411 4176 1619 4235 sacramentali
1633 4174 1766 4248 quotidie

54 4274 230 4332 iacturisiut
243 4290 346 4346 opera,
361 4291 423 4332 nou
447 4278 547 4331 tamen
561 4272 710 4340 similiter3
723 4271 796 4345 qnia
819 4272 884 4346 ipse
940 4273 979 4330 ad
990 4273 1084 4329 vitun
1107 4271 1240 4346 proficit:
1261 4269 1299 4325 de
1326 4284 1388 4341 quo
1416 4266 1543 4323 dicimus
1558 4265 1690 4320 :Panem
1714 4277 1766 4317 no-

55 4362 123 4420 iecit
135 4380 171 4420 ea
184 4363 215 4420 in
240 4363 347 4420 virtute
374 4362 477 4431 Patris,
505 4361 588 4435 quod
614 4376 675 4417 nou
696 4363 806 4433 posset,
827 4361 884 4417 nisi
903 4332 1035 4421 ”stum
1049 4363 1256 4435 quotidianum
1279 4359 1319 4416 du
1339 4355 1422 4414 uobis
1437 4355 1523 4412 bodie
1542 4354 1626 4420 (Luc.
1640 4349 1690 4422 xi).
1705 4351 1765 4405 lloc
1803 4347 1806 4351 ’

53 4457 132 4510 Deus
147 4457 233 4511 esset.
248 4453 331 4509 Unde
342 4457 370 4510 et
382 4452 446 4527 ipsc
461 4451 532 4509 dicit
548 4469 554 4507 :
570 4451 611 4506 Et
625 4454 659 4506 ut
672 4450 784 4522 sciuttr,
812 4452 884 4522 quia
938 4454 1019 4511 enim
1034 4469 1112 4526 pane
1126 4453 1200 4508 dum
1214 4448 1303 4506 bodie
1318 4445 1472 4520 praesentis
1492 4443 1560 4498 vite
1584 4445 1637 4508 est,
1652 4437 1766 4509 indige·

51 4545 152 4600 Fr'b'us
168 4542 295 4599 bominis
307 4541 395 4599 babet
405 4547 582 4612 potestatem
595 4541 626 4596 in
638 4544 719 4596 terra
735 4539 884 4597 dimitten—
938 4559 1016 4599 mus.
1034 4541 1116 4598 Unde
1132 4543 1160 4596 et
1173 4536 1355 4610 Augustinus
1367 4553 1373 4591 z
1386 4535 1422 4590 Ut
1433 4531 1507 4606 quid
1530 4545 1621 4604 paras
1643 4528 1765 4584 dentem

51 4633 87 4690 di
89 4632 314 4703 peccota‚dr‘cit
320 4632 512 4702 paralytico:
521 4630 658 4687 Tibidr'cu
667 4629 883 4700 surgetMuttb.

51 4739 94 4790 rx,
110 4723 207 4778 Marc.
223 4721 263 4792 u).
278 4723 313 4777 Ut
325 4722 383 4782 hoc
399 4720 518 4787 scilicet,
534 4717 617 4792 quod
628 4716 763 4784 surrexit,
776 4715 885 4788 proha·

50 4811 95 4868 tio
107 4810 214 4867 divina
229 4810 265 4866 sit
289 4808 447 4884 potentiae:
464 4807 504 4864 ad
530 4806 614 4880 quod
628 4803 821 4878 probandum
833 4818 884 4860 ne·

50 4914 105 4955 mo
121 4897 199 4954 alius
209 4898 267 4954 hoc
278 4897 375 4953 dicere
386 4894 491 4970 potuit.
508 4896 633 4952 Satanas
646 4891 792 4961 enim,vel
804 4890 884 4948 Anti-

50 4985 182 5043 christus
210 4985 241 5043 in
264 4986 370 5042 uirtute
402 4984 452 5041 Dei
479 4982 554 5039 nibil
579 4981 686 5054 poterit
700 4979 805 5037 lacere.
830 4982 883 5036 Ne-

938 4636 968 4688 et
981 4629 1138 4686 ventrem?
1153 4626 1250 4694 crede,
1266 4629 1295 4681 et
1307 4620 1506 4680 manducasti.

975 4721 1076 4790 Omne,
1092 4718 1172 4791 quod
1185 4716 1238 4772 dut
1252 4714 1436 4782 mibiPcter,
1446 4711 1526 4769 omit
1537 4709 1578 4767 ad
1589 4722 1635 4766 me
1643 4712 1765 4779 ;eteum

938 4812 991 4883 qui
1000 4810 1080 4866 uenit
1094 4808 1202 4876 adme,
1216 4822 1277 4863 non
1291 4805 1408 4876 dictam
1421 4803 1517 4873 forus.
1537 4802 1630 4869 Pater,
1659 4795 1765 4854 Filium

938 4916 1027 4956 suum
1042 4896 1196 4965 mittendo,
1212 4911 1282 4952 eum
1295 4892 1411 4951 mundo
1422 4888 1595 4958 notificavit,
1610 4891 1639 4945 et
1648 4886 1680 4943 iu
1693 4899 1765 4944 eum

937 4988 1057 5046 credere
1067 4986 1153 5056 lecit3
1170 4984 1322 5059 perfidem
1334 4998 1405 5040 vero
1420 4982 1485 5054 ejus
1494 4973 1764 5048 efficiunturquiiu

50 5091 113 5150 <11¹⁰
121 5073 202 5132 enim
217 5091 254 5131 ⁰1
276 5073 334 5131 ¹¹⁰⁰
360 5071 444 5146 (1¹¹0tl
472 5071 509 5127 Sil
536 5072 622 5137 Deus,
646 5067 760 5141 aliquid
786 5066 883 5124 fassffl‘ss
937 5094 1007 5135 eum
1023 5077 1157 5135 credunt.
1187 5074 1270 5132 Unde
1284 5075 1369 5130 Pater
1393 5068 1585 5127 diciturdare
1610 5063 1690 5131 Filio,
1705 5062 1764 5118 hoc

49 5161 170 5237 Poterit.
936 5172 990 5235 est,
1006 5166 1122 5223 trahere
1137 5163 1177 5221 ad
1201 5161 1402 5233 cognitionem
1416 5161 1446 5214 et
1471 5170 1607 5214 amorem
1621 5150 1682 5208 Filii
1698 5168 1705 5219 ;
1721 5149 1764 5208 sic

89 5267 315 5338 Noliteputare,
323 5264 404 5337 quod
413 5279 465 5334 ego
473 5267 669 5320 accusaturus
677 5261 732 5317 sim
743 5274 793 5316 uos
800 5257 884 5329 apud
936 5260 965 5313 et
979 5255 1066 5312 Filius
1075 5257 1191 5311 Patrem
1201 5246 1421 5308 manifestando
1431 5244 1472 5302 ad
1487 5259 1565 5302 eum
1588 5237 1686 5308 trahit,
1699 5237 1765 5313 qui·

49 5358 186 5415 Putrem.
203 5358 257 5413 Est
273 5357 327 5428 qui
349 5371 399 5412 vos
414 5359 535 5410 accusat
564 5352 812 5422 demessaeque
832 5365 882 5406 uos
936 5343 994 5401 bus
1007 5345 1107 5418 ipsum
1120 5340 1298 5399 manifestat.
1313 5339 1362 5392 Est
1388 5337 1488 5392 autem
1503 5334 1608 5388 mutua
1634 5326 1763 5399 cognitio

50 5449 190 5517 sperum.
203 5444 350 5511 Qureritur
363 5440 518 5516 quomodo
532 5443 646 5512 lloyscs
655 5438 774 5496 ludaeos
797 5453 883 5494 accu·
936 5432 1028 5491 Patris
1043 5437 1072 5490 et
1085 5431 1155 5488 lilii
1167 5433 1267 5501 Neque
1282 5424 1362 5482 enim
1385 5426 1469 5481 Pater
1491 5421 1548 5478 nisi
1570 5435 1624 5494 per
1646 5416 1763 5488 Filium,

51 5540 107 5605 set,
118 5534 274 5609 quomodo
296 5532 428 5590 Christus
451 5545 503 5586 eos
526 5544 589 5584 non
602 5528 742 5585 accuset?
753 5526 782 5584 Si
802 5525 883 5582 enim
936 5537 992 5580 uec
1007 5521 1094 5579 Filius
1108 5517 1165 5574 nisi
1178 5531 1232 5590 per
1246 5517 1361 5571 Patrem
1384 5509 1525 5583 cognosci
1538 5511 1644 5583 potest.
1659 5505 1764 5565 Relati-

50 5627 229 5698 ltoyseseos
238 5617 591 5695 accusat,qniaverbis,et
600 5616 742 5675 doctrina
751 5614 882 5673 suaeuon
936 5626 1045 5668 vorum
1057 5606 1139 5666 enim
1152 5620 1248 5663 uuum
1261 5601 1425 5675 cognitum,
1438 5599 1566 5658 ultorum
1580 5611 1701 5672 quoque
1714 5608 1763 5651 co-
