3832 6044
168 124 223 185 339
312 113 529 174 Rutulusne
550 113 578 172 S.
598 112 746 173 stercen
766 110 841 172 OPP.
866 108 997 173 ptest.
1017 109 1272 171 -hxeelsrrua
1292 141 1326 156 -
1346 114 1366 171 l.
1387 113 1421 170 IN
1442 113 1470 171 S.
1493 111 1719 171 scelerastis.
1832 112 1886 170 sle

170 242 317 306 hereticis
332 244 361 300 et
374 226 502 301 turbinis
517 239 639 314 perfidis
663 238 783 308 ludaeis,
799 241 829 298 ct
840 238 932 297 nuhis
951 242 1003 297 Ca·
1020 240 1044 297 Α
1060 240 1113 296 sed
1126 240 1186 310 vix,
1203 245 1232 298 et
1255 238 1359 308 tard03
1383 239 1501 296 tertium
1525 237 1620 306 facile,
1645 242 1674 295 et
1697 241 1835 307 mature;
1860 242 1888 294 et

172 331 299 394 tholicis.
325 328 451 390 Gentiles
476 329 501 386 si
520 327 644 402 quidem
677 330 777 388 caecati
798 329 1003 388 incarnatione
1058 334 1200 403 quartum
1214 330 1310 401 facile,
1326 334 1356 387 et
1369 345 1431 387 non
1444 332 1571 386 mature.
1594 328 1692 384 Primo
1710 327 1812 398 generi
1835 327 1889 383 fuit

172 423 259 483 Verbi
286 422 426 480 virtutem
450 417 545 476 sancti
574 419 752 477 sacramenti
777 418 921 491 attingere
942 434 1004 476 non
1059 418 1123 476 dies
1143 420 1336 478 tenebrarum
1357 419 1524 477 incarnatio
1549 416 1654 486 Verbi,
1677 417 1810 474 secundo
1824 416 1888 472 dies

171 512 314 581 valentes,
330 507 471 566 <fluebant
486 527 493 564 r
509 506 599 566 Maria
611 513 664 567 aut
676 508 802 584 peperit,
820 513 944 567 autnon
955 522 1005 580 pe·
1060 507 1194 579 caliginis
1207 528 1213 577 ;
1233 509 1317 567 tertio
1339 509 1402 566 (lies
1417 507 1528 575 nubis;
1548 512 1656 580 quarto
1670 506 1734 564 dies
1751 505 1886 562 turbims

172 600 258 675 perit.
275 597 305 658 Si
318 596 444 673 peperit,
460 612 530 655 cum
544 597 610 655 viro
624 597 796 656 concubuit.
815 597 843 655 Si
858 613 927 653 cum
941 596 1005 652 viro
1059 599 1126 656 Dies
1141 603 1242 656 autem
1256 599 1321 655 haec
1333 599 1421 673 quasi
1437 600 1526 655 m'ane
1540 612 1709 671 expansum
1721 595 1776 651 luit
1799 610 1887 667 super

151 687 345 758 -concubuit,
362 685 446 760 quod
459 691 566 745 natum
583 690 637 757 est,
658 687 696 745 de
720 703 823 746 massa
842 684 1005 760 peccatrice
1061 691 1188 744 montes.
1216 691 1327 746 Montes
1351 692 1421 744 sunt
1440 686 1576 760 apostoli,
1603 701 1692 742 mane
1711 683 1887 740 illuminatio

175 776 293 837 emtitit.
322 775 409 844 Quod
434 779 536 836 autem
564 776 603 834 cle
643 792 747 835 massa
768 775 932 850 peccatrice
956 791 1007 831 na·
1062 775 1142 844 fidei,
1157 777 1365 850 expansioper
1379 776 1472 833 iidem
1494 792 1622 850 operans
1645 774 1772 831 dilectio.
1799 773 1887 839 Quasi

175 871 307 937 tumeat,
323 869 447 942 peccato
462 865 629 925 succubuit.
647 866 734 934 Quod
754 866 827 939 quia
853 866 885 923 in
913 867 1008 921 Deum
1061 865 1151 936 igitur
1163 881 1253 923 mane
1268 882 1437 939 expansam
1451 863 1889 941 supermontesluitadrcntus

176 973 240 1016 non
255 954 344 1024 cadit,
359 953 455 1013 Maria
469 953 549 1011 iilius
565 957 643 1013 Deus
654 970 717 1013 nou
730 954 848 1013 exstitit.
864 957 937 1012 ltem
943 953 1009 1010 Avi·
1061 955 1671 1030 Christi,incarnalioVerbi,quiascriptum
1683 959 1736 1021 est·
1746 953 1889 1023 Oreasieti-

177 1060 294 1104 cenna:
311 1047 375 1102 lluo
386 1044 535 1102 contraria
556 1044 645 1101 simul
663 1045 694 1101 in
723 1044 830 1102 eodem
853 1059 918 1101 csse
945 1059 1008 1101 non
1063 1048 1199 1103 lucratum
1209 1053 1404 1119 preparatus
1419 1062 1552 1119 opressus
1562 1049 1646 1117 ejus,·
1658 1052 1683 1102 ct
1700 1045 1806 1116 nesciet,
1818 1059 1888 1115 (μια-

176 1138 323 1212 possunt;
339 1150 429 1208 porro
445 1135 469 1191 si
483 1133 563 1192 filius
577 1134 673 1193 Mariae
690 1138 768 1191 heus
786 1139 831 1192 est
853 1137 882 1192 et
903 1134 1007 1202 horno,
1061 1139 1088 1193 si
1099 1136 1192 1194 lorber·
1218 1136 1302 1194 nobis
1329 1142 1547 1208 temporaneus,
1577 1140 1606 1192 ct
1632 1136 1778 1193 serotinas
1803 1139 1889 1190 terra

179 1241 251 1284 eum
264 1227 342 1283 Deus
357 1222 561 1297 impassibilis,
576 1224 670 1281 homo
680 1228 782 1282 autem
791 1223 941 1297 passibilis
954 1223 1006 1289 sit;
1062 1226 1165 1298 (Oscae.
1181 1226 1229 1299 rr).
1246 1227 1296 1282 Vel
1309 1242 1364 1300 per
1378 1230 1495 1283 montes
1511 1229 1638 1299 possunt
1651 1223 1744 1296 accipi
1754 1227 1889 1297 potentes

178 1313 321 1389 passibile
335 1328 417 1382 vero,
432 1316 462 1371 et
475 1311 662 1386 impassibile
675 1313 825 1372 eenharia
851 1313 917 1382 siut,
947 1313 1008 1369 duo
1061 1315 1153 1387 hujus
1166 1314 1276 1383 saculi,
1293 1315 1464 1388 philosophi
1473 1315 1564 1387 hujus
1577 1313 1692 1382 mundi,
1704 1328 1782 1386 quos
1792 1312 1889 1367 srdtito

180 1403 329 1463 contraria
344 1401 434 1459 simul
448 1403 636 1476 reperiuntur
649 1403 680 1460 in
696 1419 767 1460 uno.
785 1400 831 1461 Sic
844 1402 896 1472 sic,
911 1403 1009 1460 Domi-
1062 1404 1179 1477 operuit
1191 1403 1357 1462 incarnatio
1370 1403 1474 1461 Verbi:
1491 1420 1553 1477 qua
1567 1402 1713 1459 infatuata
1725 1406 1770 1459 est
1790 1401 1890 1456 saculi

180 1510 228 1568 ae,
243 1493 479 1556 mauretaniae
486 1494 606 1551 virtutis
620 1499 679 1551 tear
688 1493 876 1551 mentiuntur·
886 1493 940 1550 titi
954 1494 1010 1550 iai·
1063 1495 1218 1568 sapientia,
1235 1495 1361 1552 contusa
1379 1499 1424 1552 est
1448 1494 1554 1551 mundi
1581 1492 1749 1567 prudentia,
1776 1492 1891 1547 calcata
1910 1524 1915 1538 ·

180 1583 252 1642 mici
265 1584 311 1640 tui
324 1582 417 1654 (Paul.
430 1582 505 1653 exv).
529 1581 558 1639 Si
584 1597 656 1639 vero
682 1581 771 1641 llaria
796 1597 858 1640 non
883 1581 1007 1655 peperit,
1028 1584 1164 1657 sssaeculi
1178 1585 1320 1658 potentia.
1337 1584 1420 1643 Unde
1434 1583 1613 1657 Apostolus:
1631 1583 1715 1650 (iared
1736 1583 1891 1652 inficerent

181 1677 261 1734 Deus
274 1673 367 1731 homo
381 1687 444 1730 nan
459 1671 577 1731 exstitit,
592 1672 679 1740 Quod
694 1672 719 1729 si
731 1688 839 1730 verum
848 1677 902 1740 est,
932 1672 1011 1730 Chri-
1064 1678 1107 1732 est
1119 1675 1185 1747 Dei,
1199 1675 1311 1745 sortiar
1324 1680 1368 1732 est
1391 1673 1526 1730 omnihus
1547 1672 1714 1729 hominibus
1721 1685 1733 1742 ;
1755 1676 1783 1727 et
1813 1671 1892 1741 qriod

182 1762 349 1823 stianorum
371 1761 485 1834 dogma
508 1761 703 1821 salsissimum
716 1766 771 1821 est.
786 1763 917 1820 desunt
933 1767 1012 1820 tene-

182 1853 246 1911 bre
264 1851 432 1924 gentilem,
445 1851 607 1925 dequibus
617 1852 708 1910 lsaias
721 1852 762 1909 ait
777 1870 784 1908 :
799 1853 1011 1910 Eccedr‘srum-

182 1943 427 2014 penearapirr'tas
439 1943 615 2012 AEpypta'in
630 1941 790 1999 vacuitas
800 1943 875 2015 ejvs,
894 1949 923 1999 et
943 1959 1011 2000 con-

183 2032 285 2090 sitium
297 2033 362 2102 aas
372 2031 569 2101 praecipitato
592 2030 674 2103 (lsai.
690 2031 760 2104 mr).

220 2119 323 2192 ampo
334 2135 457 2194 quoque
470 2119 629 2194 occupavit
640 2119 805 2177 haereticos.
821 2121 912 2192 Cuius
931 2121 1011 2180 enim

183 2209 265 2269 visus
279 2208 398 2280 caligat,
413 2209 532 2267 eminus
545 2209 670 2282 quidem
683 2209 763 2267 videt
775 2209 942 2279 materiam,
959 2210 1013 2268 sed

182 2314 246 2358 noa
260 2298 385 2357 attendit
397 2298 538 2357 formam.
556 2297 601 2356 sic
614 2303 645 2356 et
657 2298 792 2375 plerique
806 2300 935 2358 haeretici
949 2316 1013 2359 ma-

181 2386 289 2447 teriam
312 2386 436 2461 qrridem
458 2387 593 2446 habuere
616 2387 767 2457 credendi,
784 2388 837 2445 sed
854 2387 951 2449 forma
965 2406 1014 2447 ca-

183 2493 270 2536 ruere
280 2475 361 2535 fidei.
379 2477 509 2545 Quidam
524 2478 605 2535 cuim
619 2481 698 2536 recte
707 2477 853 2537 unitatem
863 2495 1011 2553 personae,

1064 1763 1200 1835 stultum,
1216 1764 1390 1833 sapientius.
1405 1765 1439 1819 Et
1448 1763 1570 1833 infirma
1585 1760 1771 1832 clepitDeus,
1784 1764 1817 1814 ot
1829 1760 1891 1830 scr-

1066 1853 1108 1910 tia
1135 1852 1334 1923 coafunderet
1358 1852 1404 1924 (II
1430 1852 1498 1909 Cor.
1514 1851 1544 1923 r).
1574 1849 1733 1923 Sequitur:
1763 1847 1891 1920 Populus

1064 1941 1177 1999 multus
1192 1945 1221 2000 et
1233 1941 1326 1999 sortis.
1342 1940 1489 2015 Populum
1503 1946 1590 1997 rorat
1604 1938 1810 2013 apostolorum
1825 1938 1892 1994 eho·

1065 2047 1144 2099 rum,
1168 2035 1198 2088 et
1222 2030 1384 2088 Ecclesiam
1409 2030 1642 2103 neophytorum.
1672 2027 1803 2101 Populus
1821 2043 1892 2084 vero

1064 2119 1119 2177 iste
1133 2119 1245 2177 multus
1260 2119 1323 2190 luit,
1338 2135 1400 2176 non
1412 2119 1577 2194 quantitate
1591 2116 1719 2186 numeri,
1736 2116 1790 2173 sed
1799 2116 1892 2186 digni·

1067 2213 1124 2266 tate
1134 2209 1247 2278 meriti;
1262 2209 1345 2267 fortis
1356 2225 1417 2266 non
1437 2208 1544 2264 robore
1559 2207 1703 2281 corporis,
1720 2206 1773 2263 sed
1787 2207 1892 2262 uirtute

1066 2299 1183 2356 mentis.
1198 2297 1303 2358 llultus
1317 2299 1427 2372 itaque,
1443 2312 1505 2354 non
1528 2313 1666 2365 numero,
1691 2295 1743 2352 sed
1768 2295 1890 2362 merito,

1066 2388 1159 2458 fortis,
1179 2404 1241 2445 non
1268 2388 1382 2462 impetu
1407 2388 1515 2455 carnis,
1540 2385 1592 2443 sed
1617 2385 1741 2442 consilio
1774 2385 1891 2442 mentis.

1067 2476 1183 2548 Multus,
1199 2478 1271 2552 quia
1285 2477 1428 2550 scripturn
1444 2482 1488 2533 est
1504 2495 1510 2532 :
1530 2477 1567 2532 In
1582 2491 1696 2532 omnem
1708 2480 1822 2532 terrom
1835 2476 1893 2531 eri-

182 2567 237 2625 sed
249 2581 313 2625 non
326 2580 399 2624 sane
413 2566 604 2625 erediderunt
613 2567 645 2625 in
658 2566 755 2626 Verbo
773 2567 928 2627 mearnato
950 2570 1014 2627 uni-

182 2660 275 2716 tatem
289 2655 472 2714 substantioe.
488 2656 570 2714 aliie
584 2657 702 2716 diverso
717 2659 749 2716 in
763 2658 870 2716 eodem
883 2675 956 2716 sane
970 2659 1013 2715 di·

182 2743 353 2802 versitatcm
365 2748 491 2815 nature,
506 2746 560 2802 sed
573 2762 636 2804 non
648 2751 726 2804 recte
736 2745 937 2804 diversitatem
946 2763 1012 2821 per-

1066 2569 1109 2626 cit
1123 2583 1213 2625 sonus
1226 2584 1338 2640 eorum,
1354 2573 1381 2623 et
1393 2569 1425 2623 in
1437 2569 1511 2636 fines
1525 2566 1605 2622 ortis
1625 2571 1711 2622 terrae
1737 2564 1829 2622 cerba
1852 2580 1894 2620 eo-

1065 2673 1134 2714 ram
1146 2658 1240 2728 (Psoi.
1256 2660 1346 2725 uun).
1363 2656 1465 2724 Fortis,
1476 2655 1548 2730 quia
1560 2655 1700 2728 scripturn
1714 2659 1758 2710 cst
1772 2673 1779 2709 :
1794 2654 1892 2720 Iburrr,

1065 2746 1400 2818 apostatipuuetentesu
1422 2752 1581 2815 conspectu
1603 2745 1893 2815 constitutionum

183 2848 276 2893 sonae.
291 2833 431 2892 Nonnulli
444 2835 475 2891 iu
490 2835 642 2895 divinitate
655 2821 775 2894 Deitatis
786 2835 942 2907 unitatem,
959 2836 1011 2893 sed
1065 2834 1152 2906 (tipus
1167 2835 1263 2893 hahiti
1273 2841 1344 2891 sunt
1365 2851 1424 2905 pro
1451 2836 1570 2912 nomine
1589 2836 1659 2891 Jesu
1683 2834 1893 2907 coutumeliam

180 2925 334 2999 disparem
350 2927 527 3007 potestatam
542 2926 572 2983 in
586 2925 734 3000 equalem
748 2925 934 2997 dignitatem.
950 2926 1012 2983 Ple·
1030 2925 1214 3024 cpolitdct.
1228 2924 1266 2997 r).
1291 2924 1405 2994 llirltus,
1431 2924 1500 2980 inde
1524 2922 1778 2997 impenetrabilis3
1799 2921 1891 2988 ior-tis,

181 3015 267 3089 rique
281 3014 418 3072 omnium
437 3015 649 3089 aequalitatem,
675 3015 728 3072 sed
749 3018 865 3072 naturae
885 3031 1011 3087 negave-

180 3107 252 3162 runt
265 3104 419 3164 unitatem.
435 3104 500 3173 Alii,
516 3104 600 3179 quod
613 3119 710 3160 unum
720 3107 773 3174 est,
789 3103 880 3179 impie
906 3105 1011 3162 divise-

179 3198 269 3264 runt;
286 3193 345 3263 alii,
358 3194 442 3268 quod
455 3193 587 3251 divisum
601 3197 655 3262 est,
666 3192 771 3251 insane
800 3194 1010 3267 confuderunt,

180 3287 249 3343 iloec
259 3283 315 3343 luit
326 3284 536 3342 haereticoram
550 3282 657 3354 caligo,
673 3283 711 3340 d'e
733 3299 795 3358 qua
823 3283 1011 3357 Psahnogra-

180 3374 260 3448 phus
282 3390 290 3430 r
316 3374 358 3431 Et
381 3375 479 3445 cutiqo
504 3372 558 3430 sub
580 3373 707 3444 pedibas
730 3375 794 3444 ejus
815 3375 909 3447 (Prot.
930 3374 1008 3448 xvir).

1065 3013 1146 3071 unde
1160 3018 1189 3072 ct
1201 3013 1421 3088 insuperabilis.
1450 3013 1597 3086 Sequitur,
1617 3012 1723 3069 laudes
1747 3012 1811 3083 ejus
1827 3028 1894 3085 pro-

1066 3104 1240 3178 sequendo:
1258 3104 1366 3163 Similis
1379 3104 1405 3162 ei
1418 3120 1480 3161 non
1493 3104 1548 3161 fuit
1566 3119 1585 3160 a
1599 3103 1755 3177 principio,
1773 3108 1801 3158 et
1824 3106 1894 3175 post

1065 3210 1135 3251 eum
1149 3210 1211 3252 non
1221 3195 1275 3252 erit
1289 3195 1430 3270 usquein
1445 3210 1541 3251 annos
1555 3193 1753 3264 generationis
1764 3198 1792 3248 et
1807 3207 1893 3262 gene-

1064 3284 1197 3342 rationis.
1214 3284 1301 3352 Quod
1315 3285 1417 3357 utique
1432 3283 1566 3371 Salvator
1577 3282 1733 3340 manifeste
1747 3282 1778 3338 in
1803 3285 1893 3337 Evan-

1065 3374 1143 3444 gelio
1157 3375 1269 3444 dicens,
1286 3375 1326 3433 ait
1342 3395 1348 3432 ι
1364 3377 1454 3432 Beati
1467 3376 1558 3447 ocuti,
1574 3375 1816 3445 pertuleratque
1843 3389 1893 3428 cos

180 3463 254 3537 quia
267 3459 378 3518 scilicet
391 3461 553 3521 nonnullos
562 3462 772 3519 hereticorum
786 3464 936 3522 revocarit
957 3478 1010 3537 per
1065 3466 1194 3523 videtis?
1208 3469 1348 3538 quonium
1362 3467 1452 3522 rnattc'
1461 3480 1543 3536 repes
1573 3469 1601 3520 et
1619 3463 1774 3534 proptera
1795 3464 1894 3520 videre

179 3549 417 3608 misericordiam
441 3556 461 3609 a
487 3551 621 3626 perfidiae
649 3552 825 3625 naufragi03
851 3553 1010 3628 plerosque
1066 3558 1301 3628 voluerintque
1317 3571 1366 3613 cos
1380 3556 1495 3625 videtis,
1508 3559 1537 3611 et
1549 3568 1609 3609 noo
1621 3553 1780 3623 auderunt:
1799 3559 1826 3609 et
1842 3570 1893 3608 rru-

181 3644 283 3697 autem
296 3638 431 3712 permisit
443 3640 486 3697 ire
500 3641 531 3697 in
545 3641 697 3698 interitum
709 3643 790 3713 justo
814 3642 938 3713 judicio.
963 3646 1011 3700 Ju·
1063 3646 1129 3703 dire
1156 3662 1221 3718 qua
1247 3661 1296 3702 ecs
1322 3645 1446 3715 auditis,
1475 3648 1503 3700 et
1517 3659 1577 3698 non
1593 3642 1754 3699 audierunt
1770 3643 1883 3712 (lieret

181 3729 255 3787 deis
282 3743 405 3803 quoque
438 3727 527 3786 turbo
555 3729 610 3787 fuit
633 3729 738 3788 Christi
764 3731 941 3803 incarnatio,
970 3737 1010 3791 lle
1064 3736 1134 3807 riu).
1147 3738 1280 3803 Quorum
1290 3734 1382 3791 utam
1397 3731 1558 3803 gloriosam
1569 3730 1733 3787 admiratur
1750 3730 1841 3785 isaias
1852 3731 1895 3786 di-

181 3818 293 3894 quilius
307 3832 381 3875 voce
396 3816 557 3875 Psalmistee
573 3835 580 3876 ε
596 3819 776 3895 Secundum,
791 3820 898 3895 inqut,
911 3824 1011 3881 matti·
1066 3843 1155 3885 cens:
1173 3827 1313 3895 Quicum
1327 3825 1386 3893 asti,
1400 3824 1454 3894 qai
1471 3829 1504 3877 ut
1518 3822 1609 3878 nutes
1623 3822 1737 3893 colant,
1760 3826 1787 3876 et
1807 3822 1897 3892 perusi

183 3911 317 3966 tudmem
327 3909 515 3979 motum
529 3923 632 3966 eorum
651 3912 768 3981 capelle
786 3926 844 3983 eos,
869 3915 1010 3984 quoniam
1066 3914 1210 3974 celaretur
1221 3914 1262 3971 ad
1272 3913 1420 3984 scameras
1434 3926 1504 3968 suus
1517 3916 1531 3968 t
1545 3910 1625 3983 (leui.
1639 3910 1689 3983 rx).
1705 3914 1737 3966 ln
1752 3910 1895 3969 columba

182 3999 432 4071 irritaveruntte,
447 3999 676 4072 DominelPsol.
694 4001 1012 4076 r).Qnodntiqueiac-
1066 4003 1239 4078 simplicitas
1252 4018 1405 4071 sensrmm,
1426 4001 1456 4058 in
1479 4001 1561 4059 nube
1583 4000 1741 4058 aedificatio
1762 4017 1892 4059 morum.

182 4090 248 4144 tum
261 4089 315 4159 est,
331 4087 455 4161 quando
473 4089 605 4162 populus
628 4089 800 4148 iudeorum
824 4106 843 4149 a
869 4093 1011 4151 Romanis
1065 4093 1166 4151 Pluvia
1181 4091 1291 4150 scilicet
1306 4091 1443 4149 salutaris
1458 4091 1611 4159 doctrina,
1627 4096 1655 4148 ct
1669 4091 1782 4165 puritas
1808 4107 1895 4146 cons·

182 4175 293 4250 partim
307 4191 413 4246 cesus,
436 4177 546 4252 partim
573 4177 700 4236 vinculis
725 4180 872 4250 addictis,
901 4183 1010 4256 partim
1066 4183 1188 4240 cientiae.
1205 4187 1237 4239 ln
1251 4182 1364 4250 volatu,
1387 4198 1495 4256 pennae
1516 4182 1642 4253 gemina
1666 4179 1840 4248 dilectionis,
1866 4185 1894 4238 et

183 4263 286 4323 exsilio
306 4264 465 4338 relegatus,
489 4267 600 4342 partim
619 4281 674 4342 per
695 4269 869 4327 universum
904 4271 1010 4328 orbem
1065 4289 1203 4330 excessus
1215 4288 1352 4346 supernae
1363 4270 1631 4344 contemplationis.
1645 4270 1782 4343 Sequitur·
1797 4289 1803 4325 ι
1820 4274 1893 4324 Ante

183 4359 330 4415 terrarum
344 4355 509 4415 miserrime
522 4357 676 4432 dispersus
690 4363 743 4417 est.
755 4364 844 4419 Porro
855 4359 1012 4419 Catholicis
1064 4361 1171 4419 faciem
1179 4363 1244 4434 ejus
1252 4361 1329 4432 ignis
1339 4376 1458 4426 vorans,
1474 4363 1578 4432 etpost
1587 4376 1656 4415 eum
1667 4375 1794 4415 exurens
1810 4358 1893 4414 tiam-

184 4444 290 4504 Ghrlsti
300 4445 466 4503 incarnatio
478 4444 544 4502 dies
555 4446 611 4504 luit
622 4446 720 4515 nobis,
736 4465 803 4521 quae
828 4449 869 4505 eis
884 4449 1012 4522 praebuit
1065 4468 1126 4510 ma.
1139 4451 1346 4522 Ignisvorans,
1356 4449 1528 4524 praedicatio
1538 4449 1626 4519 ignea
1636 4463 1894 4520 consumenspcc·

133 4552 135 4557 ·
184 4538 214 4594 et
226 4535 369 4593 umbram
382 4534 680 4610 grallaetpluviam
695 4537 848 4608 dochinae,
873 4543 901 4596 et
915 4541 1012 4598 suavi·
1065 4546 1141 4609 ceta,
1158 4541 1305 4597 devorans
1315 4538 1395 4596 vitia.
1406 4541 1537 4594 Exurens
1546 4537 1893 4594 flammanriraculorunr

183 4629 276 4685 tatem
291 4624 488 4695 conscientiae,
504 4630 533 4684 et
547 4629 734 4687 securitatem
745 4628 856 4702 gloriar.
868 4630 1012 4688 Umbram
1066 4630 1250 4688 coruscatio:
1264 4644 1318 4702 per
1330 4643 1423 4700 quam
1438 4627 1469 4683 in
1481 4628 1571 4683 corde
1583 4626 1740 4683 rebellium
1754 4626 1787 4682 fit
1815 4626 1893 4681 salu·

185 4718 291 4774 contra
305 4713 444 4772 ardorem
455 4716 635 4788 hannonis,
652 4717 787 4792 pluriam
801 4723 905 4777 contra
926 4719 1013 4776 aridi-

185 4808 277 4864 tatem
291 4802 435 4862 haereticae
450 4807 648 4880 perversitatis
662 4807 708 4865 vel
722 4809 934 4883 persuasionis,
947 4825 1013 4866 sua-

185 4896 308 4955 vitatem
323 4900 426 4954 contra
440 4897 595 4958 stimulum
615 4898 737 4956 internae
760 4899 1010 4973 reprehensionis,

187 4987 375 5049 securitatem
389 4994 493 5048 contra
506 4988 698 5062 naufragium
713 4989 938 5064 desperationis.
948 4991 1013 5048 Plu-

185 5081 267 5140 viam
281 5078 363 5139 dedit
376 5080 461 5138 eisin
476 5085 588 5151 monte,
603 5080 744 5137 umbram
758 5079 892 5140 exhihuit
902 5081 934 5138 in
948 5098 1013 5138 cru-

186 5190 230 5244 ce,
243 5173 275 5232 in
287 5171 425 5250 sepulcro
441 5168 629 5239 suavitatem,
645 5169 675 5227 in
690 5169 904 5228 resurrectione
930 5187 1012 5228 secu·

185 5264 312 5325 ritatem.
327 5261 412 5322 Unde
426 5264 455 5319 ct
468 5260 577 5319 isaias:
592 5260 634 5317 Et
648 5259 875 5319 tubernaculum
892 5263 925 5318 ia
952 5277 1015 5318 am·

187 5354 311 5413 bruculo
323 5352 385 5411 diei
396 5352 435 5411 aa
449 5357 535 5428 cestu,
550 5356 579 5411 et
589 5352 620 5410 in
634 5351 826 5411 absconsione
839 5368 858 5410 a
883 5352 1011 5426 trichiae,

187 5449 214 5502 et
228 5458 247 5500 u
258 5444 366 5513 pitacia
377 5443 461 5512 (lsai.
477 5441 525 5517 rr).

222 5530 320 5590 Aliter.
337 5532 470 5602 Quatnor
485 5537 554 5594 sunt
568 5544 678 5609 genera
688 5534 857 5604 hominum,
880 5531 1013 5609 primurn

187 5623 231 5683 cst
243 5637 403 5700 nunquam
416 5625 620 5700 credendum
636 5626 804 5696 secundum
817 5621 1012 5701 credentium,

1065 4719 1127 4776 bris
1138 4717 1262 4786 exustio,
1274 4720 1302 4773 et
1315 4716 1408 4787 ignita
1421 4715 1622 4788 compunctio.
1636 4715 1774 4788 Sequitur
1790 4732 1795 4770 :
1818 4716 1893 4781 Qua·

1067 4807 1091 4863 si
1100 4806 1205 4863 hortus
1215 4805 1376 4877 voluptatis
1403 4809 1480 4861 terra
1498 4820 1600 4860 coram
1615 4820 1650 4859 eo
1667 4822 1673 4860 :
1690 4807 1800 4876 etpost
1823 4819 1893 4859 cum

1067 4896 1195 4954 solitudo
1209 4894 1326 4964 deserti,
1342 4911 1397 4951 nec
1407 4899 1451 4952 cst
1465 4895 1516 4969 qui
1540 4893 1662 4964 effugiat
1680 4910 1760 4950 erun.
1789 4897 1893 4949 llortus

1066 4985 1226 5060 voluptatis
1240 4989 1371 5043 estterra
1385 4984 1571 5042 curiositatis.
1600 4987 1706 5040 Hortus
1733 4983 1894 5055 voluptatis

1068 5082 1112 5134 cst
1124 5093 1245 5135 coenum
1269 5081 1360 5148 prata
1382 5065 1602 5149 superfluitatis.
1615 5077 1721 5130 Hortars
1732 5073 1894 5145 voluptatis

1069 5173 1112 5224 est
1126 5168 1275 5225 theanum
1296 5166 1460 5223 mundanae
1486 5164 1656 5238 voluptatis.
1686 5162 1819 5220 solitudo
1846 5163 1896 5216 ‹lc-

1068 5258 1137 5316 serti
1146 5262 1190 5315 est
1216 5256 1404 5314 mortificatio
1428 5254 1535 5322 earnis,
1561 5258 1750 5327 contemptus
1775 5252 1892 5318 mundi,

1068 5348 1196 5421 abjectio
1212 5347 1267 5404 sui.
1283 5345 1415 5420 Apostoli
1429 5360 1500 5401 vero
1512 5345 1632 5401 hortum
1646 5342 1805 5415 voluptatis
1821 5342 1896 5395 lerce-

1067 5444 1137 5498 ruut
1151 5437 1341 5496 solitudinem
1356 5435 1474 5503 deserti,
1497 5435 1566 5508 quia
1598 5433 1760 5491 vanitatem
1783 5431 1895 5485 ‹lasci-ti

1066 5529 1161 5606 ipsius
1185 5528 1363 5598 redegerunt
1380 5525 1411 5584 in
1436 5527 1641 5600 contemptum
1661 5520 1776 5587 mundi,
1798 5521 1894 5577 eurio-

1069 5618 1184 5681 sitatem
1193 5619 1225 5678 iu
1233 5617 1441 5694 abjectionem,
1454 5613 1724 5695 superfluitatemin
1734 5612 1893 5673 mortifica·
