3832 6044
320 157 500 217 exposssto
520 160 554 216 ΙΝ
573 156 759 216 HIERARCH.
781 152 938 213 COELEST.
961 158 989 213 S.
1010 154 1172 216 oteness.
1195 186 1229 199 -
1249 159 1313 216 ΗΒ.
1336 161 1356 216 X

1635 165 1702 227 {134

81 299 84 334 ι
95 283 201 349 potens
215 279 307 336 simul
320 281 462 350 onmium,
480 287 507 338 et
531 296 712 354 quecunque
725 282 757 336 in
775 280 815 335 cis
831 279 855 333 Α
872 276 939 347 bile,
948 284 977 334 et
991 281 1088 353 creton,
1099 286 1127 337 et
1138 284 1248 340 cursile
1260 284 1291 339 in
1301 283 1403 341 divina
1413 299 1528 356 semper
1538 291 1701 348 euntismo-

85 368 287 427 adactionem
312 371 468 441 propriam
489 370 615 444 mobilis,
638 370 759 427 tradens
776 384 818 426 se·

97 461 235 516 omnibus
244 475 360 532 quoquo
376 461 460 517 mado
471 461 762 532 approximantibus,
773 475 817 516 re·

81 549 152 620 ivus,
169 553 290 607 riotrcrce
299 549 445 618 custodia,
459 552 680 608 illuminativus
692 551 818 607 circum·

81 652 92 694 s
117 637 338 710 splendoribus,
360 637 679 712 incomprenensibilis,
702 640 815 706 clarus,

81 731 141 794 tus,
157 727 303 794 resiliens,
320 742 439 782 sursum
460 727 571 796 ferens,
597 733 683 785 acute
704 743 816 799 means,

81 817 815 890 us,nonrecepturuscontumeliumminorationis,

81 922 101 960 r
114 911 210 962 motus
219 905 415 976 perseipsum
429 911 536 979 motus,
546 921 664 963 movens
675 907 815 978 alinum,

81 990 816 1067 ubendens,incornprebensus,nonindipensalte-

81 1083 206 1140 latenter
221 1097 382 1140 crescensa
396 1084 502 1153 seipso,
514 1084 590 1140 etad
598 1090 749 1154 suspectas
757 1100 817 1141 ma-

94 1172 291 1242 manifestans
306 1173 412 1229 suimet
429 1173 675 1244 inveniendum,
691 1174 816 1246 activus,

80 1365 119 1408 on
131 1365 191 1407 esse
197 1355 336 1421 putatur,
345 1350 473 1407 attritur
483 1352 677 1423 autem,sicut
685 1352 816 1423 quadam

81 1446 129 1512 eta,
140 1440 412 1496 coematurvliteret
420 1441 545 1511 proprie
554 1439 651 1496 subito
659 1441 781 1510 relucet,
791 1447 819 1498 el

81 1528 439 1599 rincomprebensibiliter
453 1529 671 1602 impalpabilis,
691 1545 752 1586 non
766 1530 819 1585 nn·-

81 1618 129 1684 ,in
145 1617 280 1674 omnibus
303 1617 455 1674 ditissimis
470 1620 576 1676 suimet
595 1618 817 1676 traditionibus.
834 1635 854 1688 B

81 1721 111 1764 as
121 1708 232 1763 multos
237 1708 377 1778 fortassis
384 1707 450 1779 queis
458 1707 588 1764 inveniet
597 1707 674 1779 ipnis
681 1710 819 1779 proprie-

81 1795 227 1865 oulcbras,
237 1801 270 1852 ut
282 1796 501 1854 insensibilibus
511 1797 700 1868 imupinibus,
709 1799 819 1856 divina

81 1885 176 1941 tionis.
194 1885 259 1940 Hoc
280 1899 350 1956 erpo
370 1885 493 1941 scientes
509 1884 673 1957 theosophi,
690 1888 819 1943 celestes

81 1974 129 2031 ias
144 1989 182 2031 eu
192 1975 260 2045 iane
274 1976 475 2045 conformant,
496 1975 698 2046 sipnificantes
715 1990 819 2031 earum

81 2079 130 2121 me
143 2067 181 2134 et,
193 2068 338 2134 errantum
348 2064 498 2134 possibile,
516 2065 572 2120 Dei
585 2063 739 2120 imitabile.
760 2064 820 2121 Sed

81 2151 274 2222 maniformes
292 2152 372 2222 ipsas
390 2151 562 2208 describunt
582 2156 708 2221 propter
731 2153 818 2208 intel-

81 2243 125 2311 ite,
135 2248 162 2299 el
172 2256 292 2298 sursum
302 2240 436 2298 babendo
445 2241 743 2312 intuitivosvirtutes,
753 2242 819 2310 etfl-

85 2339 197 2392 rectum
213 2338 241 2389 et
253 2333 449 2404 luculentum,
466 2337 494 2387 et
504 2331 665 2388 secundum
677 2335 818 2388 naturam

81 2424 156 2494 male
166 2427 193 2479 et
205 2422 316 2494 repnte,
329 2425 356 2478 et
367 2420 652 2478 secundunisensum
664 2421 818 2478 minimum

81 2517 262 2585 mercantum
280 2510 321 2568 ad
340 2512 473 2582 reliquas
487 2510 743 2568 irrationabilium
756 2511 820 2567 ani-

81 2618 114 2658 :m
128 2602 261 2657 virtutes.
280 2600 418 2656 Omnium
435 2614 503 2655 vero
520 2603 636 2669 potens,
657 2598 819 2656 secundum

81 2688 402 2761 ectusmapnitvdinern
418 2689 540 2760 virtute,
551 2693 578 2745 et
591 2689 752 2746 secundum
772 2704 820 2746 ro-

81 2777 321 2834 bilernscientiam
334 2778 541 2850 contmuitole,
553 2782 580 2834 et
590 2777 751 2834 secundum
767 2793 820 2834 na-

81 2884 92 2923 e
105 2869 214 2924 anima
224 2866 347 2924 liberum
359 2873 386 2923 ct
393 2867 642 2937 potentissimum.
655 2868 710 2923 Est
720 2873 818 2924 autem

84 2957 217 3028 sinpula,
229 2957 414 3028 atesistinio,
427 2957 592 3026 corporalis
600 2963 711 3014 nostru
718 2957 819 3013 mutti-
834 2992 854 3049 C

82 3045 257 3115 partitionis
264 3045 396 3101 invenire
409 3047 536 3103 coelestes
545 3046 679 3114 virtutes,
689 3045 817 3102 dicentes

81 3134 191 3192 ectivas
205 3133 323 3206 viridem
336 3135 505 3206 sipnificare
515 3136 649 3204 virtutes,
668 3135 764 3206 ipsum
779 3134 819 3192 ad

81 3223 268 3280 riuminurio
280 3223 478 3280 clarissimum
489 3229 699 3296 respectum,et
709 3224 817 3280 iterum

81 3328 120 3371 tm
131 3316 158 3371 et
174 3312 355 3386 liquidamet
370 3329 430 3370 non
440 3329 653 3386 repercussam,
663 3312 715 3370 sed
731 3317 818 3370 acute

81 3419 133 3472 em,
154 3407 182 3461 et
190 3418 314 3477 puram,
330 3409 357 3460 et
370 3406 490 3474 plenam
504 3403 728 3475 impossibiliter
744 3403 817 3460 dini-

81 3510 97 3550 n
116 3493 331 3563 susceptionem
354 3494 620 3550 illuminationum.
644 3492 817 3562 olfactuum

81 3581 254 3638 discretivas
272 3582 396 3639 virtutes
424 3583 503 3638 illuct
521 3598 612 3652 svper
634 3582 816 3637 intellectum

91 3669 197 3726 olentis
217 3670 445 3744 distributionis,
461 3677 606 3745 quantum
619 3670 760 3741 possibile
774 3686 818 3728 re·

81 3773 146 3830 irem,
158 3764 186 3815 et
198 3775 308 3828 eorum,
319 3776 386 3833 quoe
394 3760 501 3817 sicnon
512 3766 592 3829 sunt,
600 3776 656 3832 per
664 3761 818 3818 scientiam

81 3848 190 3921 stivam,
202 3852 229 3905 et
242 3851 361 3905 omnino
379 3850 584 3921 refnpitioum.
602 3850 731 3906 Aurium
751 3865 818 3906 vero

81 3941 124 4009 ¹es,
141 3936 221 3994 illud
228 3938 380 4008 particeps
392 3943 418 3994 et
429 3938 595 4009 prroslicurn
607 3939 717 3994 divinoe
729 3938 819 4007 inspi-

81 4025 115 4083 eis
123 4029 331 4098 susceptivum.
342 4027 619 4083 Gustalivasautem
625 4025 818 4082 invisibilium

81 4132 124 4172 nm
138 4115 368 4187 plenitudinem,
384 4123 410 4172 ct
426 4115 610 4187 divinarum,
633 4121 659 4170 et
675 4115 819 4171 olentium

81 4208 175 4263 ttunm
187 4207 396 4276 susceptivum.
417 4205 554 4262 Tactivas
565 4220 633 4261 vero
647 4205 819 4261 conuenien-

81 4296 102 4350 rt
114 4297 246 4351 nocentis
255 4310 311 4364 per
328 4294 482 4349 scientiam
493 4294 694 4351 discretivum.
710 4294 818 4364 Palpe-

84 4382 200 4454 deinde‚
210 4388 237 4439 et
248 4382 411 4451 supercilia
425 4381 599 4438 divinarum
613 4382 768 4452 visionum,
791 4386 817 4438 et
832 4353 854 4407 ⁰

81 4473 195 4544 ipentiae
206 4471 425 4528 custoditivum.
434 4471 601 4527 iuvenilem
611 4486 679 4527 vero
693 4476 719 4528 et
734 4470 819 4528 adul-

81 4563 190 4630 ilatem,
205 4560 284 4617 illud
293 4561 466 4618 innovantis
481 4574 598 4629 semper
607 4559 708 4616 vitalis
727 4561 820 4618 virtu-

81 4654 159 4708 entes
170 4653 269 4708 autem
284 4648 441 4706 divisivum
461 4649 565 4707 indita
580 4649 740 4705 nutrientis
750 4665 819 4720 per·

81 4741 335 4812 nisilnuquuque
355 4741 432 4797 euim
450 4741 577 4798 essentia
596 4739 818 4813 intellectualis,

83 4844 133 4888 am
142 4829 199 4887 sibi
205 4844 223 4885 o
234 4828 381 4886 diviniore
393 4831 572 4900 uniformem
590 4828 820 4901 intellipeutiam

81 4919 117 4977 da
127 4918 363 4991 virtuledividit,
378 4924 405 4976 et
419 4920 603 4991 multiplicat
616 4919 657 4976 ad
669 4919 820 4990 inferioris

81 5007 151 5067 mern
161 5009 346 5080 arralopiam.
358 5008 506 5065 Humerus
520 5015 632 5078 auten,
645 5014 671 5066 ct
685 5009 819 5078 bracbia,

81 5113 231 5166 amanus,
253 5098 413 5170 factivum,
440 5103 468 5156 et
483 5100 679 5168 operativum,
701 5104 729 5154 et
749 5098 821 5155 octi-

81 5186 140 5245 θον
152 5203 220 5245 vero
233 5189 400 5259 symbolum
420 5203 480 5246 esse
495 5188 647 5258 deiformis
667 5189 735 5245 vilse
751 5203 821 5258 pro-

81 5277 220 5335 evitalem
229 5279 367 5335 virtutem
379 5277 566 5347 deiformiter
575 5279 606 5333 in
615 5292 660 5346 ea,
670 5292 821 5348 qrcoeproe·

81 5369 144 5423 ecta
157 5373 225 5423 sunt
239 5369 423 5424 seminantis.
440 5367 567 5421 Pectora
581 5368 689 5422 iterron
711 5366 823 5437 sipnifi-

81 5453 190 5511 dierum
205 5462 231 5511 et
248 5456 469 5526 custoditurum,
483 5460 515 5509 ut
528 5471 545 5510 a
561 5458 723 5524 suppositio
735 5456 823 5511 corde

81 5560 117 5603 ne
128 5547 346 5603 distributionis
351 5547 460 5618 ,dorsa
471 5561 539 5602 vero
547 5546 720 5602 continuum
733 5546 824 5602 simul

81 5631 332 5705 arvmfertilium
355 5637 509 5694 virtulum.
532 5635 626 5692 Pedes
640 5641 739 5693 autern
764 5652 823 5693 mo-

872 366 969 440 tionis,
981 372 1198 442 propterquod
1212 379 1239 428 et
1250 378 1398 442 pertusatas
1415 375 1565 448 tbeolopia
1586 386 1700 436 sancto-

870 472 937 512 rum
952 457 1156 514 intellectuum
1167 462 1311 530 fipnravit
1321 463 1409 532 pedes
1419 464 1701 537 (Ezecb.1).Penna·

871 551 933 602 tum
944 550 1440 624 namquesipnificatauapopicum
1463 558 1659 625 velocitatem,
1672 565 1699 615 et

871 637 987 693 celeste
998 653 1116 694 sursum
1131 655 1233 697 versus
1248 643 1364 699 itineris
1379 646 1509 702 activum
1524 653 1550 702 et
1571 646 1608 703 ab
1620 650 1702 705 omni

872 727 980 783 bumili
985 741 1043 798 per
1052 743 1170 786 sursum
1179 731 1281 800 ferens
1291 740 1447 791 vernolum.
1463 737 1533 806 Ipsa
1548 751 1616 794 vero
1627 752 1701 809 pen-

870 830 980 872 narum
996 817 1101 875 levitas
1115 818 1194 904 nibil
1209 827 1371 894 terrenum,
1396 825 1447 880 sed
1467 830 1560 882 totum
1579 829 1700 900 munde,

870 909 898 960 et
911 905 975 961 sine
986 907 1138 976 pravitate
1160 911 1192 964 in
1216 913 1365 968 eccelsum
1388 915 1558 971 ascendens.
1579 915 1701 975 Nudum

870 1008 995 1066 quoqne,
1013 1001 1040 1051 et
1048 994 1260 1054 discalceatum
1272 999 1357 1067 (Gen.
1375 1017 1451 1068 sun,
1466 1007 1536 1070 xix),
1546 1009 1574 1058 et
1586 1005 1701 1061 absolu-

872 1087 946 1154 tum,
958 1089 987 1139 et
1001 1083 1169 1157 dunissum,
1181 1092 1207 1142 et
1216 1086 1466 1157 immensurabile,
1483 1096 1648 1162 etpurum,
1661 1094 1703 1149 od

871 1188 983 1246 eorum,
999 1189 1066 1246 verce
1077 1180 1163 1233 entra
1178 1182 1258 1248 sunt,
1274 1179 1469 1250 appositione,
1485 1186 1512 1236 et
1532 1182 1573 1237 ad
1589 1183 1702 1252 simpli·

872 1263 991 1320 citatem
1004 1265 1139 1321 divinam
1148 1272 1293 1338 quantum
1299 1267 1451 1340 possibile,
1460 1269 1700 1329 assimilativum.

871 1351 929 1408 Sed
956 1355 1097 1426 quoniam
1121 1356 1229 1412 iterum
1256 1356 1376 1428 simpla,
1405 1364 1433 1414 et
1456 1360 1584 1416 multum
1615 1362 1702 1420 varia

872 1441 989 1515 sopbiu,
1006 1449 1033 1498 et
1047 1443 1142 1499 nudos
1155 1445 1251 1515 vestit,
1270 1449 1296 1501 et
1312 1461 1384 1503 vasu
1400 1448 1537 1519 quadam
1556 1451 1608 1506 dat
1631 1451 1702 1520 ipsis

874 1531 1068 1603 circumferre
1078 1548 1133 1603 ape
1147 1535 1315 1610 animorum
1329 1537 1490 1593 scelestium
1509 1553 1609 1596 sacros
1630 1541 1703 1597 umi-

875 1626 949 1691 ctus,
959 1626 986 1678 et
996 1637 1123 1694 arpano,
1132 1623 1294 1692 secundum
1302 1625 1381 1696 qicoot
1388 1626 1471 1682 nobis
1479 1628 1627 1700 possibile,
1636 1644 1704 1699 ape-

874 1709 998 1766 riamus.
1025 1709 1147 1767 Claram
1168 1711 1287 1782 quidem
1304 1715 1380 1769 enim
1404 1721 1510 1771 vestem
1527 1717 1704 1790 laneumque

875 1800 910 1866 (A
912 1815 979 1870 poc.
991 1800 1021 1873 ι),
1034 1801 1205 1871 siqnificare
1217 1803 1352 1860 eeistimo
1361 1804 1515 1876 deiforme,
1521 1808 1617 1876 jaula
1625 1806 1703 1878 inuis

874 1889 1033 1959 imupinem
1053 1895 1080 1945 et
1096 1890 1292 1962 incruentum,
1309 1898 1434 1962 propter
1449 1895 1479 1950 in
1495 1897 1702 1968 conlocantes,
1783 1923 1786 1926 >

874 1979 927 2033 nbi
940 1978 1039 2034 lumen
1050 1984 1090 2034 est
1104 1981 1223 2035 omnino
1243 1981 1393 2038 invisibile
1405 1982 1574 2055 dicendum,
1592 1991 1644 2041 aut
1660 1988 1704 2042 in·

875 2067 1087 2124 tellectuoliter
1102 2068 1290 2137 illuminans,
1306 2075 1358 2126 arci
1373 2070 1620 2128 intellectualiter
1634 2074 1704 2128 illu-

874 2156 1031 2211 minatum.
1047 2155 1269 2213 Sacerdotalem
1290 2173 1359 2214 vero
1375 2164 1481 2216 vestem
1496 2162 1537 2217 ud
1553 2162 1657 2218 divina
1677 2168 1706 2219 et

874 2244 1414 2317 mysticospeculaminoductioum‚et
1424 2249 1704 2322 totiusvilnroeum,

874 2334 974 2390 Zonas
989 2348 1104 2404 qrcoque
1121 2333 1323 2403 fecundorum
1341 2336 1474 2406 ipsorum
1495 2339 1705 2395 custoditivum

874 2422 1031 2492 virtutum,
1042 2427 1306 2494 etconprepantern
1320 2440 1368 2481 eas
1383 2424 1519 2481 lubitum
1537 2427 1705 2496 inserpsum

875 2511 1706 2584 uniteeonverti,etcirculuritercrernfacilitntecosuca-

873 2605 957 2656 rente
972 2614 991 2656 a
1007 2604 1125 2656 nature
1135 2601 1334 2658 similitudine
1345 2604 1426 2659 circa
1439 2604 1567 2673 seipsum
1583 2605 1706 2661 circum·

871 2690 959 2759 ferri.
978 2688 1083 2760 Virpvs
1102 2690 1192 2747 etiam
1209 2691 1311 2762 repnle
1327 2707 1363 2748 ac
1374 2694 1548 2763 principale
1566 2700 1705 2766 rectaque

873 2779 973 2835 omnia
980 2778 1133 2847 definiens.
1147 2779 1218 2835 Telo
1228 2795 1307 2853 vero,
1324 2786 1350 2836 et
1363 2795 1478 2837 secures
1488 2781 1705 2839 dissimilitudi-

873 2883 945 2923 num
960 2868 1173 2939 seporolivum,
1185 2873 1212 2924 et
1223 2867 1455 2925 discernentium
1475 2871 1620 2927 virtutum
1635 2885 1705 2928 acu

872 2971 940 3012 men
955 2961 983 3011 et
993 2956 1104 3025 efficax
1115 2961 1142 3012 et
1152 2961 1316 3013 actuosum.
1330 2956 1511 3015 Geomelrica
1520 2963 1548 3015 et
1559 2961 1704 3017 tectonica

874 3059 956 3116 vasa,
965 3043 1172 3116 fundativum,
1182 3050 1208 3100 et
1220 3045 1441 3114 adificotivum,
1454 3052 1481 3100 et
1491 3047 1703 3120 perfectivum,

873 3138 901 3189 et
911 3147 1091 3205 queconque
1102 3134 1164 3189 alia
1175 3133 1353 3203 reducentis,
1373 3138 1398 3188 el
1417 3136 1613 3191 convertentis
1633 3142 1703 3191 snut

873 3222 1070 3279 secundorum
1083 3221 1290 3292 moribundo.
1303 3221 1358 3278 Est
1374 3228 1472 3279 autem
1491 3224 1611 3294 quando
1628 3230 1656 3280 et
1671 3226 1703 3280 in

873 3328 925 3368 nos
945 3310 1116 3368 divinorum
1127 3311 1314 3382 judiciorum
1328 3317 1397 3368 sunt
1411 3311 1557 3383 symbola,
1569 3313 1625 3369 illa
1637 3329 1703 3386 qua

873 3408 941 3460 acta
953 3406 1024 3458 sunt
1041 3415 1060 3457 a
1075 3401 1185 3458 sanctis
1203 3399 1329 3471 anpelis,
1341 3414 1475 3471 arpano:
1492 3401 1561 3457 aliis
1584 3403 1702 3474 quidem

873 3492 1096 3549 declarantibus
1107 3490 1703 3562 corripenterndisciplinamantpunien·

873 3587 928 3639 tem
936 3581 1178 3652 fustiviam-otiis
1187 3595 1255 3636 vera
1268 3580 1453 3652 deanpuslio
1464 3579 1703 3655 libertatem,ant

873 3671 1041 3742 discipline
1049 3671 1149 3741 prtem,
1162 3675 1213 3726 aut
1229 3670 1341 3739 prioris
1359 3671 1558 3739 beneficentia
1571 3685 1703 3742 resump-

873 3762 992 3833 tionem,
1004 3764 1056 3816 aul
1065 3754 1278 3830 appositionem
1291 3759 1421 3816 aliorum
1433 3759 1587 3832 bonorum,
1593 3774 1703 3831 parva·

873 3866 940 3907 rum
954 3857 1009 3908 aut
1029 3863 1219 3920 mupnorarn,
1236 3848 1421 3905 sensibilium
1441 3854 1494 3906 aut
1505 3844 1702 3906 invisibilium

874 3940 991 4008 (Ezecb.
1001 3955 1018 3993 x
1030 3952 1041 4010 ;
1055 3939 1154 3995 ludic.
1171 3953 1214 4008 v1,·
1232 3937 1264 3993 ll
1273 3938 1413 3995 Macbab.
1427 3953 1466 4010 v,·
1488 3938 1595 3996 Ezecb.
1614 3952 1702 4012 κως

872 4028 965 4097 Apoc.
978 4038 1024 4097 111;
1034 4027 1128 4081 Zacb.
1146 4026 1212 4096 svs).
1226 4027 1265 4081 Et
1280 4029 1401 4084 omnino
1415 4029 1522 4099 forsan
1538 4045 1598 4085 non
1617 4027 1702 4087 dnbi-

873 4121 950 4173 taret
963 4115 1124 4185 perspicae
1141 4114 1258 4170 unimus
1270 4116 1400 4183 pulcbre
1413 4117 1614 4174 invisibilibus
1628 4119 1702 4177 adil·

873 4219 948 4261 nare
960 4202 1101 4260 visibilia.
1118 4201 1200 4271 ipsos
1214 4202 1302 4257 etiam
1312 4207 1412 4258 ventos
1422 4205 1583 4275 nominari,
1597 4208 1703 4263 veloci·

874 4297 974 4365 tutem,
994 4307 1094 4349 eorum
1117 4291 1278 4362 sinnidcat,
1290 4296 1317 4347 et
1332 4292 1364 4347 in
1387 4306 1485 4348 amnes
1504 4294 1570 4363 fere
1593 4293 1703 4365 ubsque

872 4395 958 4440 mora
962 4381 1183 4452 pervenientem
1194 4379 1340 4451 effectum,
1352 4385 1379 4436 et
1387 4379 1542 4436 desursum
1549 4379 1581 4435 in
1590 4393 1703 4451 capua

873 4473 1010 4528 deorsum
1019 4471 1291 4542 adsnrsunrqueeo,
1300 4483 1365 4540 qun
1373 4468 1510 4546 deorsum
1517 4474 1598 4539 sunt,
1606 4471 1703 4524 trans·

873 4560 1021 4619 vectivum
1031 4557 1562 4632 rriotum,eripentemquesecunduud
1572 4555 1703 4627 superio

873 4667 936 4708 run
954 4649 1171 4719 celsitudinem,
1184 4652 1404 4720 moventemque
1411 4648 1512 4718 primo
1527 4645 1569 4703 ad
1577 4661 1705 4703 commu-

874 4741 1048 4812 nicativam,
1074 4744 1101 4797 et
1125 4738 1286 4810 providam
1313 4739 1462 4795 minorum
1487 4738 1704 4809 processionem

874 4831 959 4900 (Gen.
974 4831 1185 4900 m'111,·loon.
1199 4831 1229 4898 1).
1247 4827 1331 4885 Dicet
1355 4832 1453 4885 uectem
1470 4827 1611 4898 fortassis
1628 4826 1704 4900 quis,

875 4919 956 4980 aerei
969 4920 1093 4991 spiritvs
1109 4923 1259 4975 ventosum
1282 4916 1581 4991 connominationem,
1600 4921 1628 4974 et
1646 4914 1705 4971 dei·

872 5014 971 5082 forme
981 5008 1142 5067 coelestium
1155 5007 1343 5080 sipnificore:
1354 5007 1443 5066 babet
1454 5008 1531 5065 enim
1542 5012 1569 5064 el
1579 5005 1707 5075 bocape·

875 5098 1002 5157 rationis
1017 5098 1125 5154 divine
1142 5098 1302 5169 imapinem
1319 5102 1345 5154 et
1360 5098 1503 5168 formam,
1520 5098 1553 5149 ut
1576 5092 1608 5146 in
1629 5100 1706 5161 syni-

877 5188 974 5244 bolicu
984 5185 1134 5258 tbeolopio
1141 5202 1198 5258 per
1206 5185 1390 5243 tetrasticam
1400 5179 1646 5263 drfrcdicotionem
1650 5192 1708 5250 per

873 5279 967 5349 plara
987 5279 1220 5343 demonstratur,
1237 5273 1398 5330 secundum
1420 5278 1540 5329 reatinus
1554 5269 1707 5342 motivum,

877 5374 903 5424 et
916 5370 1097 5440 pinnentenr,
1113 5373 1141 5423 et
1156 5367 1291 5432 velocem,
1308 5369 1334 5419 cl
1341 5367 1491 5432 potentem
1500 5362 1707 5432 capacitatem,

877 5464 904 5513 ct
928 5461 1062 5527 innatam
1079 5456 1172 5521 nobis,
1198 5461 1224 5511 ct
1248 5453 1396 5509 invisibile
1413 5452 1574 5509 latibulum
1592 5448 1709 5507 moven-

878 5547 953 5601 tium
973 5545 1196 5617 principiorum
1218 5547 1245 5599 ct
1261 5540 1584 5598 corisummalionune.«
1605 5538 1708 5598 Nescis

880 5637 967 5704 enim,
985 5635 1094 5706 inquit,
1117 5633 1195 5690 unde
1210 5632 1301 5704 verrit,
1323 5635 1350 5688 et
1364 5648 1422 5705 quo
1445 5628 1528 5689 vadit
1552 5628 1652 5699 (loun.
1666 5644 1708 5685 111.
