3832 6044
61 121 115 174 98¹0·
173 187 174 190 Ἴ
385 124 563 183 EXPOSITIO
584 132 618 185 ΙΝ
639 133 823 190 brennum.
845 136 1002 196 COELEST.
1024 141 1052 196 S.
1073 143 1235 200 nlentsrl.
1255 174 1290 185 -
1309 146 1373 201 trs.
1393 147 1439 201 lli.

1659 139 1661 142 ‘
1712 151 1774 206 ese

61 242 186 315 quando
196 258 250 315 per
259 245 439 304 extrinsecas
453 249 564 308 formas
574 254 621 309 vel
631 255 753 325 figuras,
763 258 810 313 vel
817 275 890 331 qua·
908 265 932 318 A
946 262 1066 322 dentem
1079 285 1084 334 ;
1101 289 1115 316 »
1138 268 1356 325 illuminantem
1385 269 1504 340 scilicet,
1530 274 1558 326 et
1572 286 1633 326 non
1648 274 1772 330 combu-

60 330 156 387 litates
168 332 382 407 descriptiones
402 337 595 398 invisibilium
624 361 642 400 a
660 344 827 402 visibilibus
842 365 889 404 su·
945 358 1077 421 rentem;
1103 358 1325 419 accendentem.
1351 362 1380 414 et
1402 374 1463 415 non
1486 363 1722 415 consumentem.
1739 364 1773 417 Et

60 425 200 490 munlur;
217 425 429 497 proprietatem
440 433 550 498 autem,
562 433 686 503 quando
699 434 738 490 ah
760 435 890 493 ulteriori
944 445 1203 513 quemadmodmn
1218 464 1287 503 cmn
1302 464 1369 504 eam
1395 451 1482 505 vocat
1509 470 1523 498 ιι
1538 463 1650 520 aquarn
1677 447 1772 504 vitalis

59 513 168 565 natura
181 510 344 569 similitudo
362 515 546 575 conducitur.
564 519 629 576 Sive
644 537 715 592 ergo
727 523 890 581 similitudi·
944 529 1135 603 plenitudinis
1149 535 1306 604 datricem;
1325 559 1338 586 ιι
1353 553 1421 609 quse
1436 537 1488 593 dat
1500 536 1635 592 videlieet
1648 535 1772 608 plenitu-

60 613 113 652 nes
126 615 162 654 cx
178 599 268 654 rebus
281 600 449 664 visibilibus
463 605 502 660 ad
517 606 712 667 invisibilium
736 619 888 682 naturam,
944 619 1045 676 dinem
1058 621 1135 695 vita,
1151 629 1180 680 et
1195 625 1254 680 vita
1266 624 1369 697 implet
1381 625 1550 681 haurientes
1578 630 1606 680 et
1618 628 1771 697 portantes

60 687 242 743 exhinsecus
259 690 469 748 transferendae
495 703 712 769 proponantur.
744 703 804 758 sive
823 719 890 776 pro
943 725 1030 779 eam3
1047 716 1075 768 et
1088 728 1200 785 nquam
1225 714 1323 781 etiam,
1354 738 1368 764 ιι
1394 720 1427 770 nt
1452 714 1626 787 symbolice,
1644 736 1658 764 ιι
1684 713 1773 782 idest

59 776 198 848 prietates
213 777 251 833 ab
267 778 379 836 eisdem
392 781 569 853 risibilitas,
586 791 615 842 et
629 790 832 848 materialibus
846 809 890 848 re-
942 798 1108 869 figuraliva
1134 802 1176 858 sie
1191 803 1315 865 dicetur,
1345 828 1358 853 ιι
1374 804 1404 859 in
1419 809 1553 859 ventrem
1573 804 1771 872 subeuntem

59 865 118 920 hus
132 866 171 922 ad
190 866 476 928 demonstrationem
491 872 684 933 invisibilium
711 879 888 936 intrinsecus
942 886 1127 962 fluminaque
1135 891 1772 949 redundantemimmensurabiliterrelluen·

59 960 261 1025 assumantm,
276 956 317 1012 sic
331 957 470 1032 utrinque
486 966 681 1036 comparatio,
696 971 724 1024 ct
741 969 888 1041 coaptatio
942 977 991 1033 tie.
1006 1001 1019 1027 ιι
1044 981 1111 1035 time
1127 980 1207 1036 enim
1221 981 1324 1037 omnin
1339 997 1400 1037 non
1425 981 1455 1036 in
1468 981 1657 1054 proprietate,
1674 982 1727 1037 sed
1742 982 1772 1038 in

59 1046 255 1116 temperanda
269 1051 321 1113 0⁸1,
334 1051 366 1104 ¹11
378 1052 406 1104 ⁰²
419 1049 491 1122 iPSae
500 1051 717 1126 similitudines,
730 1073 798 1129 11¹¹OE
809 1058 888 1113 Simi-
941 1066 1040 1136 figura
1052 1068 1116 1125 sola
1130 1069 1167 1125 de
1178 1069 1243 1142 ipsa
1257 1070 1406 1127 dicuntur.
1422 1074 1453 1126 ln
1466 1069 1607 1126 omnibus
1636 1069 1682 1124 his
1696 1069 1771 1125 divi-

58 1132 123 1189 liler
138 1134 276 1209 utrinque
290 1138 418 1209 proponi
434 1139 580 1210 videntur,
597 1144 777 1202 dissimiliter
788 1151 888 1203 temen
942 1155 1040 1211 nitatis
1066 1158 1253 1229 majestatem
1279 1162 1309 1214 et
1327 1158 1491 1215 bonitatem
1515 1157 1619 1214 laudat
1645 1157 1773 1229 mystica

57 1222 243 1294 accipiantur
254 1241 261 1291 3
277 1229 306 1281 et
314 1224 398 1281 aliter
412 1227 469 1299 hic,
487 1229 569 1285 aliter
579 1229 637 1287 illic
648 1248 711 1290 csse
722 1234 888 1303 intelligan—
942 1244 1102 1315 theologia,
1115 1270 1128 1296 ιι
1141 1247 1310 1320 Aliquando
1320 1252 1420 1304 autem
1430 1248 1519 1304 etiam
1527 1263 1565 1303 ex
1576 1245 1771 1303 novissimis»

57 1314 123 1378 tur;
138 1316 166 1368 Οἱ
178 1312 248 1384 ipse
261 1315 531 1391 P1'0p1'isstatesq11ffl
545 1320 677 1394 uilisque
688 1324 801 1380 effidem
810 1325 887 1380 attri-
942 1338 974 1389 ut
989 1350 1025 1389 ex
1039 1335 1228 1393 inferioribus
1243 1343 1271 1393 et
1283 1337 1406 1394 terrenis
1429 1337 1528 1410 ipsam
1541 1335 1654 1404 laudat,
1669 1339 1697 1392 et
1710 1334 1772 1392 lau·

56 1400 111 1455 bui
124 1401 271 1471 videntur,
288 1404 370 1460 ahter
383 1405 412 1462 in
428 1407 499 1475 istis,
515 1412 605 1481 atque
616 1411 699 1467 aliter
709 1413 739 1468 in
751 1414 806 1469 illis
817 1414 888 1470 deli·
942 1421 1012 1477 (lem
1024 1423 1118 1496 ipsius
1139 1424 1296 1495 figurative
1311 1425 1491 1495 manifestat,
1508 1430 1540 1482 ut
1555 1441 1707 1483 cumeum
1719 1440 1771 1480 no-

57 1489 188 1562 ulantur‚
205 1495 233 1547 et
246 1492 311 1548 aliie
322 1510 386 1550 esse
396 1495 607 1567 intelligantur,
620 1499 659 1556 ita
671 1506 702 1557 ut
714 1502 885 1575 unicuique,
942 1510 1038 1568 minat
1050 1535 1063 1561 ιι
1075 1518 1263 1585 unguentum
1278 1531 1369 1571 suave
1383 1537 1396 1564 »
1410 1519 1438 1571 et
1453 1515 1585 1571 similiter
1600 1529 1670 1569 cum
1683 1516 1771 1569 vocat

56 1579 205 1651 quodsibi
216 1583 394 1639 conveniens
407 1590 488 1642 estet
501 1592 605 1659 aptum
621 1591 787 1647 seeundum
803 1596 887 1648 natu·
907 1617 1010 1674 peam
1025 1625 1038 1651 ιι
1055 1603 1186 1675 lapidem
1201 1603 1388 1674 angularem.
1406 1626 1420 1654 ιι
1436 1608 1469 1660 Et
1483 1605 1647 1661 intantum
1670 1617 1770 1658 rerum

57 1684 123 1724 Pam
139 1669 325 1728 athibuatur.
941 1690 1131 1747 infirmarum
1155 1692 1268 1764 speeies
1283 1709 1336 1766 per
1350 1692 1573 1749 simihtudinem
1588 1692 1615 1747 ei
1639 1693 1769 1762 coaptat,

941 1784 974 1835 ut
989 1779 1252 1854 aliquandoetiam
1269 1782 1307 1837 ad
1331 1781 1586 1852 inconvenientes,
1614 1781 1770 1837 etcontra-

95 1846 232 1920 Sequitur
248 1867 254 1903 ε
270 1871 283 1897 ιι
297 1852 362 1905 llaec
376 1852 518 1924 mysticos
532 1855 686 1925 theologos
700 1857 887 1915 inveniemus
940 1867 1000 1924 rias
1010 1867 1123 1924 formas
1134 1868 1164 1923 in
1179 1869 1244 1939 ejus
1256 1869 1455 1941 descriptione
1465 1869 1645 1926 descendere
1671 1867 1769 1923 videa·

57 1949 120 1988 non
135 1935 233 1991 solum
249 1936 412 1994 eoelcstlum
426 1939 656 2019 dispositionum
682 1944 886 2002 declarationi·
941 1962 997 2014 rnr,
1012 1957 1099 2024 Quod
1113 1963 1214 2014 tamen
1227 1959 1394 2015 seeundum
1408 1975 1532 2015 eausam
1556 1956 1693 2029 superius
1708 1972 1769 2011 me·

56 2023 115 2077 bus
128 2022 301 2081 mirabiliter
316 2027 548 2099 conformantes,
564 2032 616 2088 sed
625 2037 653 2088 et
665 2032 737 2106 ipsis
750 2034 887 2108 aliquan·
940 2052 1088 2103 merstem
1099 2062 1243 2116 congrua,
1252 2046 1479 2118 necessariaque
1490 2044 1769 2117 dispensaqonepe.

55 2113 97 2168 do
109 2112 216 2169 (livinis
226 2115 525 2176 manifestationibus.
540 2143 553 2170 ιι
562 2122 644 2179 ldem
655 2124 791 2197 superius
806 2142 886 2181 com·
939 2135 1061 2204 regitur.
1075 2117 1092 2185 ¹«
1110 2134 1165 2191 Sed
1181 2139 1209 2191 et
1222 2133 1377 2191 bestialem
1390 2133 1446 2206 ipsi
1459 2132 1587 2188 formam
1602 2129 1769 2200 circumpo-

55 2203 244 2272 memoravit,
259 2205 404 2278 quoniam
417 2207 528 2265 seilicet
553 2211 671 2282 mystici
698 2213 838 2284 theologi,
856 2215 885 2270 id
939 2227 1024 2278 nunt.
1042 2246 1056 2273 ιι
1072 2230 1112 2278 Ae
1127 2223 1151 2277 si
1165 2223 1294 2278 diceret:
1315 2226 1378 2278 Non
1393 2221 1491 2278 solum
1518 2219 1550 2275 in
1568 2215 1768 2274 declaratione

57 2297 102 2347 est
116 2292 254 2363 theologi,
271 2295 323 2368 qui
336 2298 464 2369 mystica
483 2304 511 2355 et
524 2306 635 2358 secreta
663 2308 794 2372 narrant,
811 2306 884 2374 haee,
939 2312 1100 2368 divinitatis
1115 2311 1245 2381 theologi
1259 2328 1296 2367 ex
1310 2311 1400 2368 rebus
1425 2308 1615 2366 inferioribus
1633 2305 1768 2362 similitu-

56 2380 88 2436 id
103 2385 146 2437 est
158 2383 213 2438 has
227 2383 435 2443 similitudines
461 2392 490 2444 el
503 2382 698 2463 proprietates
718 2399 853 2467 sumptas
867 2410 885 2450 a
938 2400 1024 2456 dines
1037 2405 1205 2469 assumunt,
1220 2401 1272 2457 sed
1288 2399 1382 2473 (quod
1392 2398 1502 2455 mirum
1518 2397 1635 2453 videtur
1647 2395 1666 2466 l)
1678 2394 1767 2451 etiam
1790 2416 1804 2431 ⁸

54 2469 233 2541 visibilibus,
249 2473 446 2544 conformant,
457 2481 486 2532 et
499 2483 640 2551 coaptant
651 2496 712 2537 non
722 2481 820 2538 solum
834 2483 884 2538 de·
939 2490 978 2546 ed
994 2489 1158 2547 contraries
1180 2506 1215 2547 ee
1231 2488 1399 2556 dissimiles,
1415 2491 1443 2543 et
1457 2503 1525 2560 quae
1549 2486 1574 2541 si
1600 2482 1767 2541 seeundum

55 2559 269 2617 claraliouibus
283 2562 448 2620 coelestium
462 2565 703 2640 dispositionmn,
719 2569 749 2625 id
764 2575 808 2626 est
828 2587 884 2626 coe-
938 2580 1151 2655 proprietatem
1165 2578 1405 2650 intelligerentur,
1419 2576 1551 2646 indignae
1565 2572 1689 2630 omnino
1702 2572 1767 2643 ejus

55 2648 175 2705 lestium
191 2652 331 2708 ordinum
348 2654 551 2725 angelicorum
579 2657 687 2714 seiheet
715 2659 883 2732 spirituum,
938 2670 1093 2741 majestate
1108 2673 1215 2736 essent,
1232 2666 1427 2723 formationes
1442 2663 1637 2721 descendunt.
1660 2684 1674 2712 ιι
1691 2663 1767 2717 Nam

55 2738 87 2794 id
102 2744 218 2796 estnon
234 2742 332 2798 solum
346 2743 386 2798 ad
399 2744 597 2802 declarandas
618 2747 665 2803 vel
679 2748 884 2806 demonstran·
938 2762 967 2815 et
980 2757 1135 2815 bestialem
1147 2756 1204 2829 ipsi
1219 2755 1348 2813 formam
1362 2753 1612 2825 circummuniam
1628 2752 1657 2805 et
1671 2747 1766 2804 leonis

55 2828 112 2884 das
128 2830 261 2887 coelestes
276 2832 496 2905 dispositiones,
517 2840 546 2892 et
563 2837 713 2907 angelicas
725 2838 884 2896 ordinatio·
938 2847 974 2915 ei,
991 2851 1020 2903 et
1033 2846 1185 2919 pantherae
1200 2842 1422 2916 speciahtatem,
1438 2863 1452 2892 ιι
1464 2839 1494 2895 ld
1508 2843 1553 2895 est
1567 2836 1707 2911 speeiem,
1719 2832 1767 2890 vel

55 2935 110 2974 nes
124 2920 179 2976 has
193 2921 410 2992 similitudines,
422 2929 450 2981 et
464 2925 658 2998 proprietates
669 2946 769 2985 rerum
785 2928 883 2985 vislbi·
903 2971 923 3026 C
938 2937 1077 3002 formam,
1093 2934 1141 2990 vel
1150 2933 1281 3004 figuram
1296 2954 1309 2982 ιι
1336 2933 1489 3003 coaptant,
1504 2933 1532 2984 et
1543 2926 1673 2984 vestiunt
1687 2940 1765 2993 eam,

54 3008 131 3064 lium
141 3016 331 3082 proponunt;
347 3012 399 3068 sed
414 3013 503 3069 etiam
515 3015 586 3087 ipsis
600 3016 766 3090 aliquande
776 3018 883 3075 divinis
939 3027 1048 3083 seilicet
1061 3024 1262 3081 divinitatem:
1280 3043 1293 3072 ιι
1310 3019 1528 3094 pardalineam,
1547 3039 1561 3067 ι
1588 3014 1767 3072 subauditur

56 3098 355 3170 manifestationibus,
369 3103 426 3160 hoc
441 3108 494 3172 est,
508 3104 548 3161 ad
576 3105 674 3178 ipsam
700 3107 884 3165 divinitatem
937 3115 1077 3179 formem,
1093 3111 1124 3167 id
1138 3115 1183 3166 est
1196 3110 1325 3166 formem
1339 3107 1436 3181 pardi,
1452 3130 1465 3157 ιι
1479 3109 1512 3160 nt
1524 3104 1653 3160 vestiunt
1664 3118 1742 3169 eam,
1752 3124 1765 3151 ιι

56 3186 319 3257 manifestandam,
330 3195 357 3247 et
369 3191 562 3249 indicandam
577 3195 741 3253 adducunt.
759 3220 772 3246 ιι
789 3200 823 3253 Et
833 3196 884 3253 ali·
938 3202 1116 3260 subauditur
1127 3200 1234 3257 iterum
1248 3197 1451 3262 divinitatem
1469 3210 1570 3249 ursam
1584 3191 1764 3258 saevientem,

55 3277 181 3348 quafld⁰
199 3277 322 3351 (lumem
335 3279 433 3352 ἰΡΒῑῑΠ]
450 3304 463 3332 »
475 3282 583 3340 Scilicet
607 3284 801 3351 divinitatem,
816 3309 829 3336 ι
847 3302 884 3342 ex
937 3294 993 3349 hoe
1009 3296 1053 3346 est
1066 3288 1162 3363 specie
1176 3304 1252 3343 ursae
1268 3284 1425 3354 saevientis,
1443 3281 1491 3339 vel
1504 3304 1518 3332 ιι
1531 3296 1633 3336 ursam
1644 3278 1766 3335 sevien-

54 3365 220 3422 luminibus
234 3368 370 3440 pretiosis
384 3369 519 3439 laudant,
533 3395 547 3423 ι
563 3373 807 3430 camluminihus
819 3392 884 3448 pre·
937 3385 998 3436 tem
1015 3400 1028 3428 »
1042 3394 1110 3434 eam
1123 3376 1235 3443 dieunt,
1250 3377 1282 3429 ut
1304 3371 1336 3428 in
1359 3376 1485 3443 utroque
1513 3365 1767 3424 disconvenientia

55 3454 139 3511 tiosis
154 3457 370 3529 comparando,
386 3463 414 3515 et
427 3459 548 3517 laudem
572 3462 636 3532 ejus
652 3479 705 3533 per
729 3462 807 3518 iilius
831 3464 882 3532 rei,
937 3472 1091 3543 appareat,
1103 3482 1174 3523 cum
1186 3463 1275 3521 etiam
1288 3460 1507 3519 deformitatem
1519 3456 1692 3531 pulchro,et
1703 3455 1766 3513 miti

54 3560 124 3616 quse
139 3544 346 3602 intereamus
361 3564 407 3603 res
420 3548 550 3605 visibiles
569 3550 698 3622 pretiosa
713 3554 766 3619 cst,
794 3556 822 3608 et
835 3553 885 3609 de·
937 3556 1141 3615 erudehtatem
1156 3552 1328 3610 attribuant.

56 3652 126 3692 cora
140 3635 386 3704 demonstrando,
403 3642 435 3694 ut
459 3638 542 3694 verbi
556 3639 651 3708 gratia
675 3658 745 3696 cum
757 3657 825 3697 eam
840 3657 885 3698 so·
1516 3679 1520 3689 ·

55 3725 116 3782 lem
130 3728 248 3791 vocant,
266 3741 327 3781 non
342 3725 423 3782 hune
448 3727 606 3797 visibilem,
623 3729 676 3802 qui
699 3730 801 3787 oculos
823 3747 884 3787 cor·
975 3735 1112 3808 sequitur
1128 3751 1134 3790 :
1152 3757 1165 3783 ιι
1182 3732 1299 3788 Addam
1320 3745 1392 3787 vcro
1406 3727 1530 3802 etquod
1545 3725 1681 3782 omnium
1704 3723 1766 3781 vili-

54 3812 175 3885 porales
185 3812 273 3870 eliam
289 3814 328 3870 ad
341 3814 527 3888 iniquitatem
537 3820 768 3891 perpetrandam
778 3820 885 3876 illumi·
938 3827 995 3882 bus
1015 3842 1089 3893 esse,
1105 3828 1134 3880 et
1147 3823 1244 3893 magis
1259 3821 1427 3892 significare
1454 3819 1554 3874 visum
1569 3819 1622 3873 est.
1640 3837 1654 3864 ιι
1682 3817 1722 3870 Ac
1742 3814 1767 3869 si
1814 3820 1816 3824 ‘

55 3904 127 3966 nat;
144 3901 196 3956 sed
210 3901 445 3973 SOlemt'USfitiffl,
462 3904 514 3976 qui
529 3905 697 3978 spirituales
726 3908 829 3964 oeulos
845 3908 885 3964 ad
938 3916 1070 3972 diceret:
1086 3912 1195 3968 Liceret
1220 3911 1250 3967 in
1279 3907 1526 3983 precedentibus,
1556 3921 1623 3979 quae
1637 3920 1768 3961 cemme-

56 3988 221 4058 veritatem,
236 3995 264 4047 et
278 3991 418 4048 virtutem
432 3993 675 4062 cognoscendam
701 3994 835 4053 illustrat.
852 3999 886 4052 Et
937 4007 1055 4062 morata
1069 4005 1147 4068 sunt,
1161 4005 1190 4056 et
1204 4000 1316 4055 caeteris
1329 3997 1487 4071 ejusmodi,
1514 4011 1627 4066 magna
1640 3993 1768 4065 indigni-

56 4079 407 4137 sicutcumeamvocant
420 4103 433 4130 ιι
446 4082 561 4139 stellam
572 4084 760 4151 matutinam,
773 4106 786 4134 ιι
799 4085 885 4156 eujus
938 4099 983 4150 tes
997 4092 1131 4148 videatur
1146 4093 1247 4144 tamen
1260 4089 1291 4144 in
1306 4089 1363 4143 hoc
1381 4086 1463 4160 quod
1478 4087 1641 4158 subjungo,
1672 4084 1767 4141 multo

55 4171 139 4224 ortus
152 4169 288 4226 tenebras
300 4169 393 4241 lugat,
408 4187 470 4228 uon
486 4172 516 4228 ia
531 4173 612 4228 tinne
624 4173 774 4229 mundum
785 4173 885 4231 visibi-
939 4180 1036 4250 major
1048 4174 1298 4250 apparetinjmia.
1311 4196 1324 4223 ιι
1337 4173 1455 4229 Addam
1467 4189 1547 4241 vero,
1561 4197 1575 4223 ιι
1583 4189 1767 4246 praesumam

55 4255 121 4312 liter
134 4257 344 4315 illustrandum
367 4260 587 4328 ascendentem,
615 4262 667 4317 sed
695 4261 725 4317 in
749 4261 884 4319 animum
938 4267 1072 4341 quidem,
1087 4268 1116 4320 ct
1138 4262 1280 4319 audacter
1291 4259 1376 4333 loqui
1390 4259 1524 4326 videbor,
1540 4258 1592 4329 qui
1606 4261 1634 4312 et
1647 4258 1705 4313 hoe
1724 4257 1767 4312 di-

54 4347 243 4417 rationalem‚
259 4349 311 4421 qui
326 4349 407 4406 solus
437 4350 494 4406 hoc
520 4351 621 4407 lumen
649 4368 754 4424 capere
777 4357 884 4426 potest,
899 4323 923 4377 D
938 4354 1015 4412 vinis
1036 4350 1302 4424 significationibus
1327 4347 1478 4420 adjiciam,
1504 4344 1767 4416 «quodomnium

56 4442 169 4505 sancte,
183 4437 213 4493 id
237 4443 280 4495 est
307 4438 572 4496 sanctificationem
601 4440 770 4498 faciendam
792 4442 886 4498 orien-
937 4444 1115 4500 vilissimum
1128 4457 1192 4498 esse
1207 4440 1305 4497 visum
1317 4441 1380 4507 est;
1405 4459 1419 4487 ιι
1448 4453 1483 4493 ac
1506 4451 1561 4508 per
1581 4434 1639 4490 hoe
1663 4447 1767 4488 seeun-

55 4533 127 4584 tem.
151 4530 185 4584 Et
199 4527 275 4584 sieut
289 4527 377 4584 ctiam
393 4545 462 4584 cum
490 4545 557 4585 eam
573 4534 682 4586 vocant
696 4552 709 4579 ιι
725 4530 828 4587 lumen
843 4530 885 4587 in·
938 4533 1012 4590 dum
1026 4533 1173 4589 rationem
1189 4528 1480 4602 supradictamque
1505 4520 1661 4581 dissimilia
1688 4538 1768 4595 Sim·

55 4616 282 4684 cireumvolute,
299 4622 328 4673 et
340 4617 524 4675 invisibiliter
548 4618 742 4692 resplendens
759 4637 765 4687 ;
784 4642 797 4669 »
823 4637 886 4676 non
938 4622 1009 4678 bola
1023 4621 1119 4691 magis
1133 4619 1366 4676 declarationem
1380 4616 1502 4683 iaciunt,
1525 4612 1656 4687 amphus
1684 4615 1767 4697 coete·

55 4706 318 4781 quemadmodum
332 4707 514 4795 heenvisibile
529 4708 641 4776 lumen,
658 4709 741 4782 quod
765 4713 793 4766 et
807 4714 885 4765 tene·
939 4712 979 4767 ris
1005 4709 1172 4780 significare
1200 4706 1355 4781 probatur.
1395 4704 1481 4772 Quod
1506 4708 1606 4760 tamen
1634 4699 1767 4759 fortassis

54 4797 119 4853 bris
133 4795 298 4863 obscurari,
312 4801 341 4853 et
353 4796 553 4866 circumvolvi,
570 4801 598 4853 et
611 4797 677 4854 loco
693 4798 841 4865 concludi,
858 4803 887 4854 et
938 4800 1031 4856 homo
1045 4799 1153 4855 divinae
1165 4796 1314 4868 majestati
1328 4799 1431 4869 aptare
1445 4811 1507 4851 non
1521 4794 1644 4851 auderet
1667 4791 1692 4848 si
1705 4807 1767 4848 non

56 4886 185 4944 termino
200 4886 344 4943 coarctari
355 4892 460 4958 potest.
479 4888 507 4944 Si
519 4903 590 4957 ergo
605 4904 659 4961 per
668 4888 817 4960 speeieset
829 4888 885 4944 for·

56 4993 124 5033 mas
137 4992 326 5032 summarum
337 4981 366 5032 et
378 4976 577 5049 pretiosarum
587 4994 687 5033 rerum
699 4977 808 5033 divium
823 4994 885 5033 ma-

53 5066 170 5140 jestatis
196 5065 403 5123 exeellentiam
429 5066 532 5123 laudat
559 5067 685 5140 mystica
726 5067 883 5137 theologia.

57 5177 72 5204 ιι
87 5154 257 5226 Aliquando
268 5170 337 5212 vero
360 5172 396 5212 ex
419 5155 535 5221 mediis,
563 5180 576 5206 ιι
591 5156 770 5212 subauditur
783 5156 883 5224 rebus,

56 5260 126 5315 quur
141 5243 171 5298 in
186 5244 288 5300 ordine
299 5244 477 5301 conditionis
487 5260 542 5300 nee
553 5260 673 5300 summa
683 5248 761 5313 sunt,
773 5261 827 5300 nec
843 5244 885 5300 in-

938 4888 1004 4961 ipsa
1019 4887 1075 4943 sibi
1087 4888 1151 4943 haec
1167 4886 1312 4960 sapientia
1327 4886 1377 4943 llci
1401 4891 1567 4960 spontanea
1594 4883 1767 4955 dignatione
1845 4965 1849 4968 .

939 4982 1112 5035 assumeret.
1140 5000 1153 5026 ιι
1170 4977 1245 5044 Quia
1272 4981 1301 5034 ct
1323 4977 1433 5034 vermis
1458 4976 1555 5050 speeie
1582 4972 1767 5031 tradiderunt

939 5068 1037 5141 ipsam
1057 5067 1160 5125 divina
1188 5068 1337 5142 sapientes
1363 5067 1494 5139 seipsam
1523 5061 1766 5120 circundorman-

939 5160 1008 5214 tem.
1023 5180 1036 5206 ι
1053 5157 1133 5216 Sicut
1147 5158 1291 5231 seriptum
1306 5162 1350 5213 est
1366 5175 1373 5212 :
1400 5179 1413 5205 ιι
1435 5158 1497 5222 Ego
1512 5167 1579 5206 sum
1602 5147 1722 5216 vermis,
1738 5151 1768 5204 et

938 5262 999 5302 non
1015 5247 1124 5316 homo;
1138 5247 1335 5320 opprobrium
1345 5243 1513 5307 hominum,
1529 5242 1557 5295 et
1571 5236 1698 5310 abjectio
1705 5237 1766 5309 ple-

56 5331 141 5398 tima,
153 5331 258 5388 laudas
271 5333 336 5405 ipsa
346 5333 493 5403 theolegia
502 5332 637 5390 divinam
648 5333 845 5404 majestatem,
854 5337 886 5388 ut
938 5335 984 5391 bis
999 5336 1093 5407 (Pset.
1110 5338 1179 5405 ιιι).
1197 5357 1210 5382 ιι
1224 5333 1281 5388 Nisi
1292 5331 1372 5386 enim
1386 5330 1451 5401 ipsa
1464 5328 1547 5400 prius
1559 5327 1596 5381 de
1610 5342 1640 5383 se
1654 5325 1712 5383 hoe
1724 5327 1766 5383 di·

57 5421 194 5479 videlieet
207 5423 309 5494 ignem
319 5440 387 5479 eam
409 5422 548 5478 vocando
561 5442 567 5487 ς
585 5440 646 5480 non
662 5424 759 5496 qualis
773 5424 827 5481 iste
842 5429 886 5479 est
938 5425 1037 5491 sisset,
1047 5423 1115 5495 quis
1125 5422 1162 5476 de
1176 5420 1243 5493 ipsa
1257 5420 1315 5474 hoe
1329 5418 1427 5474 dicere
1442 5415 1586 5473 auderet?
1601 5419 1675 5473 Cum
1685 5417 1766 5473 enim

56 5512 223 5583 corporalis
235 5513 385 5586 ignis,qui
394 5511 461 5569 licet
475 5511 569 5584 prosit
580 5511 788 5578 illuminando,
798 5516 886 5569 nocet
939 5512 1011 5569 nihil
1039 5526 1141 5566 verme
1169 5508 1255 5563 vihus
1292 5512 1322 5563 et
1359 5506 1502 5563 humilius
1539 5522 1603 5563 esse
1629 5506 1766 5564 videatur

57 5600 646 5671 urendo,etconsumendo;seduignem
656 5600 886 5672 innocuesplen·
939 5601 1007 5674 quis
1022 5615 1173 5656 summam
1195 5598 1382 5670 majestatem
1407 5597 1438 5654 in
1464 5598 1542 5656 hane
1566 5596 1765 5670 abjectionem
