3832 6044
563 106 1126 172 necennensrenuenutaxn.
1642 130 1696 189 ,οἳ

81 245 161 289 acere
175 237 297 306 putatur
311 234 325 289 ‘l
341 234 398 291 Sed
412 233 540 293 earnalis
555 235 675 293 animus
695 235 815 293 difficile
833 236 973 294 lemnia
992 238 1031 294 ad
1053 254 1141 296 usum
1156 237 1233 310 fecit,
1249 241 1288 299 ad
1302 256 1410 315 pravos
1432 249 1533 303 nmen
1547 250 1576 303 et
1588 247 1697 306 inordi-

81 337 121 378 ιω
145 321 275 380 veritatis
298 323 425 394 invenit3
454 330 481 382 et
502 330 659 399 propterea
677 342 815 385 nonnun-
870 329 956 382 natos
969 342 1043 383 usus
1056 327 1131 384 nibil
1144 328 1221 386 fecit.

98 427 198 468 unum
219 410 322 469 vitium
353 413 487 470 descrere
512 420 618 488 sponte
642 416 814 490 acquiescit,
906 415 1032 483 oreada
1045 417 1212 487 recubitet
1226 420 1341 480 delicias
1360 424 1467 495 affluet
1488 432 1522 482 et
1536 428 1698 498 eqolllela

81 516 130 557 am
151 516 206 575 per
228 501 259 557 irl
273 501 330 559 sibi
344 502 424 559 viam
447 503 487 560 au
510 503 602 573 aliud,
617 505 700 578 quod
718 507 815 578 magis
870 502 1006 575 gloriatio
1019 505 1084 564 ista.
1102 510 1135 564 Et
1148 514 1218 566 sunt
1241 516 1342 568 amen
1361 513 1414 587 qui
1428 514 1459 571 in
1473 516 1623 588 ejusmodi
1637 518 1699 592 glo-

101 589 211 663 aperiri
235 591 337 648 cernit.
352 593 384 648 Et
397 595 480 648 tanto
494 592 639 650 audacius
652 609 683 650 se
697 593 727 650 in
747 611 816 652 con·
868 594 1004 653 riantur:
1020 601 1049 655 et
1070 599 1142 656 istos
1165 616 1286 675 quoque
1307 603 1453 677 sapientia
1474 609 1624 681 pretence
1636 625 1698 667 non

81 694 108 736 m
123 684 185 736 teta
194 679 356 737 intentione
366 680 501 751 effundit,
517 687 630 756 quanto
644 684 741 755 magis
755 700 816 742 cer·
868 684 973 744 debuit
995 686 1026 744 in
1040 704 1166 747 numere
1188 690 1363 750 vanitatum.
1389 694 1472 752 Tales
1499 696 1530 753 in
1554 698 1612 756 alio
1630 698 1698 756 loce

81 767 161 826 tabet
184 769 266 826 aliud
287 768 402 826 malum
425 786 499 839 esse,
515 771 598 844 quod
617 772 734 830 deserit.
748 777 814 831 lam
868 776 1015 850 propbeta
1038 776 1181 852 increpat,
1201 778 1323 838 dicens:
1350 783 1607 857 Vaeqaipotentes
1628 791 1699 846 estis

81 874 110 915 se
123 858 154 914 in
176 875 231 915 suo
248 857 328 915 malo
349 873 411 915 non
433 859 530 916 solum
551 860 634 918 nulla
656 863 814 936 repreben-
868 866 909 923 ed
925 866 1080 924 bibendum
1103 868 1215 938 vietam,
1238 875 1265 927 et
1284 872 1345 927 viri
1355 871 1450 941 sortes
1463 874 1504 931 ed
1517 877 1698 934 endecadem

86 946 216 1019 dignum
236 947 392 1017 existimat,
408 965 514 1005 verum
528 949 618 1006 etia'm
632 949 815 1009 laudabilem
869 955 1039 1013 ebrietatem
1065 958 1136 1023 tlsa.
1152 957 1190 1029 r).
1208 957 1279 1025 Quis
1293 959 1334 1016 ita
1347 961 1472 1029 vorabit,
1488 968 1518 1020 et
1530 963 1643 1021 deliciis
1657 965 1699 1021 af·

81 1041 154 1094 atur
177 1041 297 1094 etcum
321 1037 437 1094 malum
458 1038 614 1096 manifeste
638 1041 813 1110 committat,
868 1044 941 1101 lluet
954 1048 987 1101 ut
1001 1046 1081 1115 ego?
1095 1045 1198 1112 Qualis
1221 1052 1339 1106 amator
1352 1050 1527 1124 sapientire?
1547 1054 1699 1120 Quantum

81 1144 86 1182 r
100 1126 218 1183 malum
228 1126 423 1184 laceretideri
436 1127 507 1197 vult,
520 1129 573 1185 sed
586 1130 686 1202 potius
699 1130 814 1188 malum
867 1137 1030 1190 retrorsum
1044 1149 1217 1204 conversus,
1225 1136 1286 1194 imo
1298 1143 1447 1211 quantum
1459 1157 1582 1199 aversus
1596 1147 1699 1218 etper-

81 1231 123 1273 re.
144 1219 208 1272 Non
223 1215 303 1272 enim
326 1215 494 1273 considerat
506 1215 611 1274 titium
635 1217 814 1277 declinando
866 1239 971 1280 versus
989 1223 1030 1280 ab
1043 1223 1104 1293 illo,
1118 1225 1172 1299 qui
1190 1226 1282 1299 paulo
1296 1232 1365 1284 ante
1378 1228 1478 1287 lucem
1493 1230 1646 1305 sapientiae
1658 1233 1700 1290 vi·

81 1321 140 1362 um
165 1321 197 1362 sc
215 1304 371 1372 corruisse,
389 1310 418 1361 et
438 1305 549 1362 idcirce
568 1322 763 1382 nequaquam
782 1308 813 1365 id
867 1312 919 1380 dit,
935 1328 1063 1387 eamque
1077 1329 1096 1370 a
1108 1313 1235 1371 stultitiae
1250 1316 1380 1373 tenebris
1398 1321 1461 1375 mm
1482 1319 1582 1377 subtili
1604 1321 1699 1379 censi·

88 1394 150 1467 agit
173 1394 288 1451 malum
302 1393 418 1451 sinistre
441 1395 609 1452 notandum
620 1400 725 1469 putat;
740 1397 813 1471 quia
866 1401 1019 1460 deratione
1040 1402 1149 1471 divisit,
1168 1403 1290 1462 dicens:
1306 1405 1371 1462 Vidi
1385 1407 1469 1480 quod
1493 1411 1611 1466 tantum
1624 1426 1700 1484 prta·

81 1483 165 1558 quasi
184 1499 247 1540 non
271 1488 332 1540 mm
347 1483 443 1540 iacere
465 1500 559 1558 quam
580 1484 730 1542 declinare
748 1501 812 1543 ma·
866 1490 984 1548 eederet
996 1490 1142 1564 sapientia
1154 1491 1317 1560 stultitiam,
1333 1500 1481 1567 quantum
1495 1497 1593 1555 differt
1607 1498 1659 1555 lux
1680 1516 1699 1557 a

81 1573 197 1631 aberat.
223 1573 315 1641 Unde,
337 1577 365 1629 et
389 1573 438 1629 hic
457 1589 579 1648 quoque
599 1591 668 1631 eum
691 1574 813 1633 vidisset
831 1577 1004 1642 ntenebris,
1022 1576 1104 1634 Unde
1122 1582 1184 1635 tam
1199 1578 1256 1636 cito
1276 1580 1456 1654 pessimatus
1477 1583 1699 1658 [pessundatus]

81 1663 174 1720 iinon
184 1662 365 1736 profuturas,
379 1661 433 1718 sibi
447 1662 566 1719 divitias
579 1679 649 1719 cum
663 1663 767 1722 labere
784 1669 813 1722 et
867 1671 911 1725 est
924 1682 1030 1723 sensus
1052 1665 1106 1723 iste
1129 1667 1261 1740 putatis?
1283 1672 1327 1725 an
1343 1675 1464 1744 propter
1484 1687 1516 1729 se
1532 1689 1594 1730 non
1614 1674 1697 1743 dixit,

81 1752 179 1810 maline
213 1767 300 1809 arare
329 1756 522 1823 congregant,
549 1768 647 1826 neque
673 1753 720 1810 his
743 1770 812 1828 quae
866 1755 999 1831 quedde
1014 1771 1045 1812 se
1062 1754 1145 1824 dixit,
1165 1756 1249 1830 quod
1269 1762 1388 1815 amator
1406 1760 1557 1833 sapientia
1579 1762 1651 1821 luit:
1669 1767 1699 1822 et

81 1847 135 1900 ent
158 1846 291 1910 utuntur,
307 1841 361 1899 sed
375 1840 439 1898 aliis
453 1844 522 1915 post
540 1857 571 1899 se
585 1843 769 1916 possidenda
784 1847 813 1901 et
867 1847 926 1903 hoe
939 1860 1002 1902 non
1016 1844 1071 1903 fuit
1083 1844 1167 1918 quod
1180 1844 1268 1914 dixit;
1284 1846 1338 1904 sed
1351 1849 1504 1921 quosdam
1518 1851 1591 1909 tales
1609 1852 1699 1925 signi-

81 1949 93 1990 a
119 1931 283 2006 reliquunt,
313 1931 439 1988 miseros
466 1936 495 1989 et
516 1933 746 2006 reprehensione
770 1933 814 1989 di·
866 1933 1083 1993 lieareroluit:
1108 1937 1230 2007 propter
1242 1949 1321 2007 quos
1333 1936 1391 1993 hec
1410 1937 1493 2007 dixit,
1508 1940 1592 2013 qrred
1608 1941 1646 1998 de
1667 1958 1699 1998 se

81 2026 118 2079 ut
139 2021 260 2078 illerum
280 2020 388 2078 devitet
412 2020 576 2089 stultitiam,
603 2021 695 2079 libere
724 2038 755 2078 se
783 2022 813 2079 in
868 2022 963 2081 duit?
977 2026 1033 2091 An,
1049 2026 1078 2081 et
1090 2022 1148 2079 hoe
1163 2027 1259 2079 totum
1276 2024 1369 2082 etlam
1386 2024 1451 2099 ipse
1466 2029 1635 2086 seeundum
1646 2029 1699 2087 ali-

81 2110 162 2169 riam
176 2111 353 2169 sententiam
367 2111 493 2184 projicit,
505 2110 621 2167 dicens:
635 2114 738 2168 Nonne
752 2128 814 2169 me·
869 2113 942 2188 quid
951 2128 1020 2170 vere
1041 2111 1105 2181 fuit,
1121 2116 1150 2168 et
1163 2115 1265 2168 tamen
1277 2118 1395 2171 amator
1408 2116 1560 2188 sapientiae
1578 2123 1700 2191 propter

81 2205 96 2259 t
109 2201 279 2267 comedere,
299 2205 328 2257 et
350 2200 464 2270 bibere,
481 2205 510 2257 et
529 2200 685 2258 ostendere
705 2200 814 2259 animae
868 2205 926 2262 hoc
940 2216 1005 2259 esse
1019 2215 1081 2258 non
1095 2200 1197 2271 desiit;
1212 2200 1284 2275 quia
1298 2202 1388 2259 simul
1401 2203 1433 2260 in
1447 2220 1508 2261 uno
1522 2206 1654 2276 homine,
1670 2211 1700 2265 et

81 2306 139 2349 nna
148 2291 186 2348 de
200 2290 354 2348 laboribus
368 2290 454 2347 suis‘l
470 2292 532 2347 Una
546 2291 684 2347 omnium
696 2295 812 2348 senten·
866 2308 971 2352 sensus
993 2288 1092 2347 carnis
1115 2289 1283 2346 seeundum
1296 2290 1462 2361 ingenitam
1475 2294 1698 2367 corruptionem

81 2397 95 2449 ;,
116 2379 170 2454 qui
184 2378 329 2453 proclives
347 2381 416 2436 sunt
438 2377 469 2435 in
485 2378 600 2436 vitium.
617 2381 741 2453 Semper
760 2379 812 2436 ad·
865 2389 894 2441 et
907 2384 1074 2456 peecatum,
1090 2377 1175 2452 quod
1187 2376 1345 2434 habitatin
1365 2395 1410 2448 eo,
1427 2381 1520 2438 suasit
1533 2383 1699 2456 nequitiam

86 2467 321 2542 reprehendunt,
338 2472 370 2523 ut
384 2483 439 2524 sua
452 2467 674 2524 commendent.
690 2470 812 2525 Pereanl
865 2476 894 2529 et
914 2475 1014 2528 minen
1038 2465 1159 2540 spiritus
1181 2465 1349 2523 seeundum
1370 2466 1485 2526 virtutis
1503 2469 1654 2541 affectum,
1670 2477 1700 2528 et

93 2557 167 2615 dicit
178 2573 272 2617 vorax
283 2562 313 2615 et
325 2556 480 2630 prodigus,
505 2562 533 2613 et
556 2557 733 2627 devorabat
752 2558 812 2614 ine·
863 2558 1012 2633 judicium
1036 2553 1192 2631 probitatis
1215 2553 1317 2611 dilexit
1351 2556 1554 2631 sapientiam?
1595 2560 1696 2617 Videte

81 2663 105 2716 r,
121 2650 151 2703 et
163 2645 306 2703 distendit
320 2661 351 2702 se
366 2662 400 2702 ac
414 2644 510 2718 replet
523 2645 670 2719 usquead
684 2644 812 2703 suffoca·
865 2654 967 2707 tamen
988 2645 1063 2720 quid
1082 2645 1233 2712 sithemo,
1248 2643 1352 2701 sivein
1366 2628 1407 2701 be
1419 2645 1472 2718 qui
1492 2646 1550 2703 hoe
1571 2647 1654 2717 dixit,
1667 2651 1697 2705 et

81 2753 102 2794 ι.
125 2739 159 2793 Et
177 2735 368 2809 proverbium
392 2734 432 2791 illi
459 2738 504 2792 est
527 2751 660 2809 semper:
689 2738 813 2792 Pereant
865 2737 930 2796 talis
945 2733 1078 2804 luit,sive
1095 2732 1126 2789 in
1140 2732 1175 2789 iis
1189 2736 1312 2806 propter
1325 2749 1403 2807 quos
1418 2734 1501 2804 dixit,
1517 2736 1601 2806 quod
1615 2737 1653 2794 de
1664 2754 1696 2794 se

84 2829 122 2883 Et
135 2825 341 2883 commendari
355 2840 386 2881 se
404 2828 499 2899 putat,
515 2825 587 2900 quia
600 2824 667 2882 talis
681 2840 743 2882 non
757 2829 810 2894 est,
865 2825 956 2883 dixit:
980 2839 1059 2898 quos
1086 2821 1159 2879 tales
1187 2837 1252 2878 csse
1276 2821 1444 2887 significare
1466 2823 1570 2881 voluit·
1595 2824 1696 2882 Videte

81 2912 300 2971 rebensibiliter
314 2912 379 2969 talis
394 2913 441 2980 sit,
459 2911 556 2987 qualis
575 2917 628 2969 est.
646 2917 708 2970 lmo
721 2912 810 2970 etiam
830 2943 851 2999 C
865 2929 989 2986 prorsus
1011 2911 1086 2986 quid
1099 2911 1137 2967 sit
1147 2910 1250 2967 homo.
1264 2909 1336 2976 eris
1349 2909 1391 2969 ita
1404 2912 1529 2982 vorabit,
1542 2917 1571 2970 et
1583 2913 1697 2971 deliciis

81 3019 140 3061 rea
148 3002 215 3060 talis
228 3018 303 3070 esse,
318 3001 415 3075 qualis
430 3005 483 3069 est,
501 3000 594 3058 videri
603 3001 674 3071 vrrlt,
685 3017 723 3058 ne
737 3002 811 3059 forte
865 3004 969 3062 affluet
980 3006 1013 3059 ut
1024 3001 1103 3073 ego?
1114 3000 1193 3069 Quid
1198 3001 1520 3074 plariurisiamatitia,
1531 3005 1584 3076 qui
1589 3009 1697 3075 petens

81 3093 103 3150 it
124 3091 229 3167 quales
248 3107 313 3148 esse
332 3090 406 3148 alios
422 3095 552 3159 accusat,
564 3089 661 3164 qualis
675 3105 811 3147 essenon
866 3088 1313 3163 esinim‘quitetettPsal.n1.)
1336 3088 1364 3145 Si
1386 3104 1477 3145 nemo
1495 3095 1593 3162 petest
1613 3092 1697 3165 qued

81 3181 155 3256 [nasi
169 3197 240 3239 rere
256 3180 390 3237 medium
405 3179 528 3254 aliquod
542 3195 603 3237 non
618 3179 664 3249 sit,
678 3179 730 3236 ubi
748 3178 812 3237 fieri
866 3188 899 3241 tu
912 3180 1217 3256 potes,magnumest
1230 3176 1380 3234 sibonum
1392 3181 1499 3250 petest.
1514 3177 1543 3235 Si
1549 3193 1620 3236 vere
1634 3195 1698 3236 am-

81 3287 142 3346 que
163 3271 273 3345 possit3
288 3276 316 3327 et
330 3286 368 3327 nc
382 3269 448 3326 talis
462 3269 509 3338 sit,
523 3269 628 3335 quales
651 3285 715 3325 esse
738 3268 812 3325 alios
867 3269 991 3345 pliusin
1009 3266 1090 3325 malo
1105 3268 1200 3340 petes,
1215 3264 1289 3339 quid
1309 3263 1466 3335 gloriaris?
1486 3264 1595 3323 Malum
1616 3267 1697 3324 enim

81 3367 112 3430 rt,
131 3365 161 3418 et
174 3366 275 3418 umen
288 3360 355 3417 talis
369 3375 430 3417 non
445 3359 491 3427 sit,
506 3358 628 3433 qualem
647 3357 811 3432 impudenti
867 3374 957 3434 pesse
968 3360 1100 3431 potestas
1114 3369 1177 3411 non
1193 3357 1247 3421 est,
1262 3351 1315 3410 sed
1328 3351 1495 3411 infirmitas.
1513 3353 1584 3420 Quis
1597 3354 1696 3413 itavo-

81 3448 189 3507 ionese
210 3466 275 3506 esse
290 3449 425 3506 exsultat.
442 3446 542 3505 Uelius
552 3451 596 3504 est
609 3446 776 3514 comedere,
786 3451 815 3502 et
868 3447 954 3516 rabit,
970 3450 999 3503 et
1012 3443 1124 3503 deliciis
1139 3441 1242 3500 affluet
1256 3446 1287 3499 ut
1305 3443 1384 3513 ege?
1398 3443 1471 3510 Quis
1485 3442 1565 3500 enim
1575 3449 1630 3514 est,
1645 3445 1696 3515 ait,

81 3566 93 3609 v,
104 3538 310 3607 etostendere,
321 3537 430 3595 animae
443 3553 504 3594 susa
515 3537 597 3596 bena
611 3536 649 3593 de
659 3534 814 3593 laboribus
868 3537 921 3612 qui
935 3532 1128 3602 contradicat,
1144 3548 1214 3589 eum
1229 3534 1307 3589 lleus
1316 3532 1374 3589 boe
1379 3532 1509 3604 jubeat?
1523 3536 1602 3591 Deus
1616 3534 1697 3592 enim

81 3632 167 3696 luam
187 3629 314 3703 pulchra
327 3628 420 3686 verba
444 3627 628 3685 manducare
650 3629 679 3683 et
698 3625 811 3683 bibere!
867 3625 1001 3684 laetitiam
1014 3621 1133 3691 creavit,
1145 3626 1173 3680 et
1187 3620 1280 3679 veluit
1293 3625 1326 3678 ut
1337 3620 1390 3695 qui
1403 3621 1431 3678 ei
1442 3621 1562 3695 placent
1579 3622 1611 3682 in
1631 3623 1699 3697 ipsa

81 3722 112 3776 st
125 3718 179 3793 qui
193 3719 354 3776 obhorreat
368 3734 438 3775 cum
453 3717 537 3776 audit
550 3717 713 3775 madueare
727 3721 756 3772 et
769 3715 813 3773 bi·
864 3715 1078 3790 jucundentur,
1209 3762 1212 3769 .

85 3810 140 3865 aut
162 3811 267 3864 eontra
289 3806 469 3863 modestiam
493 3806 553 3862 sive
575 3804 752 3879 pudicitiam
765 3803 813 3861 hic
903 3804 1061 3863 Peccatori
1082 3808 1181 3861 eutem
1205 3802 1285 3861 dedit
1314 3803 1568 3876 affectioseque
1592 3818 1697 3862 eurem

81 3894 223 3952 ldictum
236 3895 343 3969 putet?
364 3895 422 3953 Sed
430 3894 501 3952 latet
514 3894 675 3968 impudens
688 3893 814 3968 turpitu-
868 3895 1064 3966 superdeum,
1077 3897 1110 3948 ut
1125 3891 1249 3959 tederet,
1266 3896 1300 3946 ut
1314 3891 1513 3965 distendatur,
1529 3896 1557 3948 et
1576 3907 1698 3965 cenare·

81 3984 106 4043 lo
134 3982 283 4058 pudicitia
306 3988 392 4042 taeta.
418 3984 500 4041 Dicat
533 3998 606 4055 ergo
627 3983 812 4041 manifeste:
870 3982 1213 4058 praenuntiandam,
1228 3982 1281 4039 sed
1295 3981 1697 4054 traderetquiplacctbee.

94 4076 142 4132 est
153 4073 307 4143 devorare,
323 4077 351 4130 et
371 4073 522 4142 inebriari,
538 4076 567 4130 ct
580 4071 814 4147 concupicentiae
871 4078 948 4147 Ergo
985 4073 1068 4132 bona
1100 4072 1199 4141 bonis,
1224 4076 1253 4130 et
1278 4072 1360 4130 mala
1381 4072 1478 4130 malis.
1508 4074 1698 4131 Considerate

81 4162 214 4221 esidcriis
228 4162 332 4220 effreni
351 4162 486 4220 chrtate
501 4161 618 4220 servire.
636 4161 665 4220 Si
679 4161 760 4219 enim
774 4160 816 4217 sic
870 4168 985 4240 quanta
1009 4168 1054 4220 est
1076 4161 1255 4237 perversitas
1268 4160 1334 4219 ista.
1350 4161 1478 4219 Mentita
1499 4168 1542 4220 est
1555 4163 1699 4234 iniquitas

81 4258 113 4321 et,
125 4254 225 4327 quatis
239 4257 317 4311 esset
330 4253 498 4311 sententia?
512 4256 546 4309 Et
558 4252 682 4327 quidem
692 4251 816 4309 omnino
835 4255 928 4351 Dcibi
945 4254 1039 4326 (Psat.
1055 4252 1143 4324 xxn).
1159 4254 1193 4308 Et
1213 4250 1250 4307 de
1265 4265 1297 4307 se
1310 4250 1434 4308 mentita
1447 4256 1492 4307 est
1504 4251 1656 4325 iniquitas,
1671 4254 1701 4307 et

81 4341 130 4412 rit3
151 4341 224 4416 quia
246 4341 305 4400 hoe
327 4341 495 4413 significare
505 4339 599 4397 voluit
619 4340 650 4397 in
674 4356 710 4398 eo
732 4339 816 4414 quod
871 4345 986 4402 debeo
998 4341 1122 4401 mentita
1136 4345 1196 4410 est3
1212 4343 1241 4397 et
1255 4342 1355 4397 amen
1369 4338 1490 4396 nonnisi
1504 4338 1562 4395 sibi
1575 4338 1700 4396 mentita

84 4428 187 4489 Uelius
196 4434 241 4487 est
251 4431 446 4499 manducare,
458 4433 487 4487 et
495 4428 608 4497 bibere,
624 4428 816 4486 etostendere
871 4439 923 4493 est,
954 4433 1031 4493 Dixit
1057 4431 1216 4506 iniquitas:
1243 4428 1437 4500 Bactrianis,
1463 4435 1493 4485 et
1509 4430 1592 4486 mala
1611 4429 1700 4486 metis

81 4534 92 4577 Ξ
107 4534 172 4576 ⁸11ae
181 4518 264 4576 bona
277 4519 316 4577 de
330 4518 486 4577 laboribus
498 4517 570 4575 suis·
871 4525 977 4597 (Eccli.
1000 4522 1110 4594 xxxix).
1127 4524 1161 4577 Et
1178 4518 1231 4576 ubi
1245 4523 1310 4574 est:
1332 4517 1552 4590 Misericordia,
1573 4523 1602 4575 et
1625 4519 1701 4576 veri-

81 4610 129 4668 bbc
145 4609 286 4667 bernabe
300 4610 357 4666 Dei
369 4614 421 4666 etl·
437 4608 544 4666 Dicunt
555 4607 613 4664 1¹0⁰
628 4606 777 4676 hmines,
788 4610 817 4664 Εἴ
872 4622 918 4674 tes
948 4613 1143 4671 debuerunt
1169 4609 1251 4666 sibi?
1278 4608 1371 4681 (Psal.
1405 4609 1531 4683 xxxxiv.)
1559 4608 1613 4666 Ubi
1637 4613 1699 4667 est:

81 4699 198 4758 minum
216 4715 322 4771 genus,
337 4699 390 4775 qui
409 4699 467 4756 hoc
481 4698 579 4756 dicere
593 4697 708 4756 solent:
724 4700 816 4754 neve
876 4705 1026 4764 universa
1053 4703 1108 4759 cta
1130 4700 1252 4757 mmai
1277 4699 1484 4758 macricuria
1510 4705 1539 4759 et
1567 4702 1702 4760 vemas?

81 4809 97 4859 r,
120 4795 151 4848 et
172 4789 364 4859 inebriemur,
380 4794 410 4847 et
421 4789 648 4848 benefaciemus
673 4787 761 4846 nobis
780 4803 817 4844 01
871 4794 966 4869 (Psoi,
982 4790 1089 4863 exam.)
1104 4788 1159 4847 Ubi
1173 4792 1235 4848 est:
1250 4789 1392 4847 Homines
1412 4795 1440 4848 ct
1449 4793 1591 4863 jumenta
1604 4793 1703 4851 selva·

81 4896 104 4937 se
117 4882 197 4937 Deus
210 4879 292 4937 dedit
308 4879 406 4948 nobis,
422 4879 494 4954 quia
514 4879 572 4936 hoc
590 4878 628 4936 de
651 4894 747 4937 manu
766 4876 818 4934 bei
873 4885 927 4953 aa,
948 4881 1090 4940 Domine:
1103 4879 1351 4953 quemadmodum
1365 4878 1578 4952 multiplicasti
1590 4882 1704 4939 maesi-

81 4969 158 5045 [πίω.
171 4970 277 5027 etheo
304 4968 372 5027 ideo
396 4969 484 5027 nobis
506 4969 578 5027 aaa
601 4967 818 5038 santernam
873 4973 1007 5032 comeam
1031 4976 1114 5029 tuam
1137 4968 1704 5049 demetriae.xxxv.)u1›iestacm-

82 5058 240 5118 iaciamus.
256 5061 354 5128 Quare
365 5058 446 5117 enim
460 5058 642 5121 haecomnia
652 5057 817 5126 factasunt,
872 5078 942 5139 que,
957 5060 1041 5138 qued
1052 5060 1163 5118 Veritas
1169 5060 1236 5135 ipsa
1246 5064 1275 5117 et
1287 5058 1492 5118 misericordia
1505 5059 1591 5117 dicit:
1602 5060 1705 5115 Estote

81 5170 87 5207 t
102 5164 177 5207 ⁰⁸⁰⁸
190 5149 359 5218 bominum,
384 5153 418 5206 ul
438 5148 481 5206 eis
502 5152 625 5206 bbblbl'
637 5146 776 5204 homines
791 5150 821 5203 el
873 5151 1087 5224 rabericerdes,
1102 5152 1179 5209 sicut
1192 5155 1221 5208 et
1232 5151 1327 5209 Pater
1340 5155 1436 5208 vester
1454 5148 1623 5205 misericors
1634 5151 1678 5202 est
1691 5161 1703 5202 .·

81 5239 116 5297 sit
129 5239 202 5315 ipsis
217 5240 247 5299 in
261 5241 296 5298 iis
308 5256 377 5315 quac
391 5238 473 5296 dedit
487 5241 565 5295 [teus
584 5236 680 5311 ipsis?
699 5238 733 5293 Et
755 5236 820 5292 haec
874 5242 928 5314 qui
940 5242 1031 5299 solem
1042 5256 1130 5297 suem
1149 5240 1225 5298 orire
1236 5240 1315 5310 feeit
1337 5252 1428 5307 super
1446 5237 1535 5293 bonos
1549 5240 1577 5291 et
1596 5234 1703 5306 tuales,

81 5330 116 5388 lo
129 5318 318 5405 exeoeeanliqr
338 5335 367 5387 et
380 5328 538 5404 rapiuntur
550 5326 614 5383 sine
628 5341 782 5393 mensura,
793 5327 823 5381 et
875 5335 903 5387 et
915 5330 995 5400 plait
1008 5331 1204 5399 tapmjmtes
1218 5330 1247 5384 et
1260 5327 1409 5395 injustos?
1420 5322 1540 5394 (Metti.
1553 5321 1593 5394 r.)
1609 5320 1638 5378 Si
1651 5321 1705 5379 be-

81 5419 131 5477 itia
155 5419 186 5475 in
199 5419 291 5492 volup
318 5436 470 5503 ..essetf-13,
491 5422 524 5505 ut
545 5416 734 5499 applaudant
754 5414 821 5485 sibi,
847 5418 922 5498 ...nis
936 5421 1051 5475 tantum
1065 5415 1226 5474 bonadata
1237 5416 1315 5478 sunt,
1323 5409 1397 5483 quid
1406 5410 1540 5483 estquod
1549 5410 1623 5469 dicit
1632 5412 1706 5471 Seri·

81 5526 134 5569 am
148 5509 214 5566 lroee
228 5494 422 5568 omnia'beus
441 5507 481 5567 ad
492 5490 642 5565 ⁷{iliadum
662 5506 746 5576 lecit;
770 5498 823 5561 s'ed
877 5512 966 5581 ptura
979 5506 1017 5564 de
1030 5504 1139 5563 benis:
1160 5503 1237 5560 Vasa
1248 5499 1338 5573 fipuli
1346 5499 1459 5570 probat
1469 5500 1596 5577 soraee,
1609 5509 1638 5562 et
1653 5504 1706 5564 tta·

81 5603 125 5658 mt
146 5614 248 5674 neque
266 5599 465 5669 considerent,
484 5598 568 5672 qued
582 5597 636 5656 etsi
650 5599 728 5654 Ueus
741 5594 824 5661 bena
877 5597 970 5660 tntae
980 5598 1079 5674 iactet
1093 5592 1228 5659 canace
1239 5588 1469 5655 ratumenna
1484 5590 1591 5667 (Uecli.
1605 5593 1706 5666 xxm.)

130 5700 256 5817 QOE·
279 5709 399 5788 citat,
1328 5767 1343 5799 ⁵
1396 5748 1439 5781 ,Γ
1549 5705 1565 5759 7
