3832 6044
478 91 481 96 ’
571 125 606 187 u
625 119 879 185 scmrsnsraa
898 121 1051 187 nouum
1067 121 1132 183 nr.
1655 126 1707 180 aa

83 248 227 323 quiedam
240 247 340 305 ridere
354 247 471 305 videtur
485 261 546 303 non
566 248 700 319 penetrat
724 247 828 311 tetum,
847 246 870 305 t
884 245 928 299 ter
942 242 1069 313 ordinat,
1081 243 1273 318 presidentia
1293 258 1354 301 suae
1371 243 1548 311 sententiam
1569 256 1631 309 non
1654 242 1707 299 im-

83 338 212 396 dubium
227 343 332 404 totum,
347 337 493 410 quianon
508 334 829 400 marrilestaturtotum3
883 334 988 389 ruutat.
1004 333 1205 408 idcircoquod
1216 332 1327 395 iactum
1337 337 1389 401 est,
1401 335 1566 407 permanet,
1583 335 1609 389 et
1619 331 1650 387 in
1664 347 1707 386 re-

81 432 159 484 terea
173 443 210 483 nc
225 427 335 482 rixetur
349 425 481 485 hornoin
497 424 709 481 dubiiscoutra
723 423 828 489 Deum,
883 439 951 479 rum
973 422 1172 494 universitate,
1201 427 1348 497 quantum
1373 422 1499 496 pertinet
1518 421 1557 479 ad
1569 420 1706 479 ordinem

81 515 233 573 rmuretin
249 515 382 572 adversis
396 514 583 581 coristitutus,
599 512 680 571 dono
695 510 746 567 liei
760 526 829 566 cou-
883 511 1093 586 dispositionis,
1104 512 1706 585 etiniudiciiejusexbibitione,quantum

81 610 146 663 otm·
160 619 304 678 prospera
318 603 422 667 mrdta,
438 608 467 661 et
480 602 588 675 placita
603 600 741 674 plurima,
755 598 830 663 utli·
883 601 922 657 nd
932 601 1107 661 senteutiam
1118 600 1384 674 predestinationis
1393 604 1514 673 spectat.
1527 602 1597 667 ome
1607 599 1707 669 lutura

81 699 168 751 riatur
183 695 275 749 bomo
290 692 378 748 bonis
387 694 469 763 justo
491 691 592 747 labore
614 689 776 764 acquisitis
800 693 830 747 et
883 690 1028 763 suntjnm
1042 690 1171 747 luerunt.
1188 694 1219 747 iu
1240 694 1365 762 utroque
1389 689 1498 747 etenim
1521 706 1588 762 quir
1607 688 1707 753 lutura

81 788 138 851 eat,
154 787 183 841 et
196 783 320 849 laetetur,
338 787 367 839 et
379 781 493 852 mitiget
513 779 726 845 conscientiam
740 795 828 839 suam
882 783 961 848 simi,
974 779 1038 851 jam
1053 778 1191 847 inerunt,
1206 778 1278 853 qnia
1290 777 1519 848 etmgcneribus
1532 793 1632 835 rerum
1642 793 1705 843 om-

81 890 140 933 sus
168 876 273 931 Deum.
303 875 336 927 Et
360 870 436 926 bene
461 870 622 937 sentiatde
647 869 707 939 illo,
723 874 752 927 et
766 884 828 933 non
882 867 1062 940 uiamquod
1080 866 1200 923 inerunt
1222 882 1258 923 ea
1280 882 1348 941 quie
1366 866 1431 937 jam
1458 881 1519 925 non
1547 870 1625 933 suut,
1648 866 1704 925 boe

81 966 129 1021 rtet
147 977 246 1033 neque
270 959 431 1019 contendat
459 959 601 1017 advorsus
623 957 717 1026 illum,
739 957 827 1031 qnasi
882 956 962 1015 idem
981 956 1148 1015 secundum
1163 959 1277 1013 uaturre
1293 954 1516 1017 similitudinem
1530 959 1559 1010 et
1572 954 1707 1011 identita-

81 1056 171 1111 rseiur
185 1054 263 1107 [teus
284 1049 337 1122 qui
360 1049 443 1105 bona
456 1047 579 1118 largitus
597 1051 650 1105 cst.
667 1050 726 1105 ltoc
746 1047 827 1109 euim
882 1050 941 1104 tem
955 1060 1117 1119 procursus
1131 1045 1162 1101 in
1175 1060 1283 1116 genere
1296 1061 1351 1101 suo
1366 1043 1484 1114 singula
1504 1042 1603 1100 lutura
1627 1048 1705 1116 sunt,

81 1141 130 1199 ult
143 1140 227 1214 quod
248 1139 448 1211 subjungitur,
471 1136 607 1195 discens:
624 1139 663 1194 Et
691 1140 825 1210 coenavi,
881 1152 949 1207 quas
963 1134 1101 1190 nondum
1115 1138 1192 1191 sunt.
1209 1137 1243 1199 at
1256 1134 1287 1201 io
1299 1133 1417 1206 judiciis
1438 1132 1545 1192 ‹litinis
1555 1149 1649 1207 quam
1660 1149 1708 1190 ve·

86 1247 149 1291 non
164 1236 238 1287 esset
253 1229 358 1285 teretius
372 1229 432 1285 eriri
447 1229 554 1297 trctari,
577 1233 604 1283 et
625 1227 728 1297 faeere
749 1227 825 1285 bono
881 1225 996 1285 ritatem
1011 1224 1041 1283 iu
1056 1223 1209 1296 picarias
1220 1228 1366 1289 serratim
1376 1221 1556 1291 audivimus,
1569 1221 1707 1279 eamdem

81 1334 181 1377 usae.
197 1316 254 1384 Qui
269 1315 349 1375 enim
365 1314 580 1375 sibibeuelacit
595 1314 624 1371 iu
640 1314 699 1372 vita
713 1330 769 1371 sua
787 1315 825 1371 de
882 1313 912 1371 in
937 1313 1214 1387 supervenientibus
1251 1312 1454 1375 exirilicudaui
1486 1315 1705 1384 exspectamus.

81 1423 126 1465 ure
150 1407 232 1465 dono
257 1405 307 1461 lici
327 1419 470 1465 concessa
493 1407 562 1469 suut
585 1402 758 1461 hominibus
786 1404 826 1461 cd
881 1407 1029 1467 instaurat
1043 1402 1123 1463 enirn
1136 1406 1213 1461 Deus
1228 1400 1707 1476 ubiquaquodabiit3quiasieut

81 1496 158 1553 dum
180 1500 213 1553 ut
233 1494 347 1560 icatur
367 1497 396 1549 et
410 1492 539 1562 gaudent
557 1491 588 1549 in
609 1495 669 1551 lico
684 1509 749 1561 suo,
764 1507 823 1551 me·
880 1510 980 1559 reruni
1002 1492 1218 1557 transeuntium
1245 1491 1395 1553 defection
1415 1507 1468 1565 per
1485 1489 1706 1549 succedentium

81 1585 137 1642 ecit
146 1600 240 1657 quam
254 1582 308 1655 qui
320 1582 454 1655 disputat
463 1585 491 1637 et
510 1580 663 1637 contendit
682 1581 825 1645 adversus
845 1583 912 1651 ssin
938 1582 999 1639 suis
1027 1581 1186 1653 generibus
1209 1580 1486 1656 multiplicationem
1513 1583 1641 1654 reparat,
1665 1579 1706 1637 ita

81 1691 100 1735 ι.
118 1674 309 1731 Omnieeeiro
325 1672 410 1729 bomo
424 1673 478 1743 qai
490 1671 627 1741 coeraedit,
643 1677 670 1728 et
691 1670 772 1743 bibit,
797 1678 825 1727 et
881 1671 1014 1746 qnotidie
1028 1671 1106 1729 iacta
1120 1671 1277 1729 hommum
1289 1671 1464 1743 judicando,
1484 1669 1640 1745 antiquam
1660 1669 1706 1742 ju·

111 1763 218 1821 bonam
252 1762 289 1818 rte
323 1761 423 1817 tabere
453 1775 517 1831 tuo,
545 1759 600 1815 boc
628 1760 739 1817 dottam
771 1762 827 1821 aa
880 1761 1027 1823 diciorum
1042 1776 1176 1827 suorum,
1191 1776 1260 1833 quar
1283 1760 1323 1819 ati
1336 1760 1418 1817 initio
1452 1758 1583 1823 exercuit
1601 1758 1705 1815 serito-

81 1852 192 1909 ldcirco
215 1852 271 1908 hoc
299 1850 370 1923 quia
392 1849 507 1905 donum
531 1848 582 1905 liei
610 1852 663 1917 est,
695 1853 723 1905 ct
748 1849 824 1913 licite
880 1849 1029 1920 tem,licet
1043 1849 1211 1913 intermissa
1225 1849 1265 1905 ad
1278 1849 1424 1922 ternplum
1447 1848 1604 1915 rideretur,
1633 1847 1705 1905 inte-

81 1942 282 2007 tssumalleo,
298 1938 404 1995 melius
421 1943 464 1994 est
487 1954 580 2011 quam
608 1937 772 2011 disputare,
797 1943 825 1998 et
880 1957 966 2011 gram
976 1956 1008 1999 se
1020 1939 1148 2001 tenuisse
1160 1938 1354 2004 demonstrat.
1378 1939 1501 2011 Semper
1521 1937 1602 1995 cuim
1623 1937 1705 2011 apud

81 2029 184 2097 ndere,
225 2033 254 2085 et
289 2043 499 2085 murmurare:
531 2027 614 2100 quod
637 2027 752 2085 donum
774 2027 826 2093 Dei
878 2031 980 2104 ipsum
994 2028 1107 2095 malitia
1120 2044 1243 2101 pecuum
1258 2026 1358 2097 babet,
1373 2031 1402 2083 ct
1423 2026 1580 2100 praemium
1602 2025 1703 2089 virtus.

81 2124 125 2186 est,
141 2134 197 2176 nce
218 2133 394 2174 concessmn
416 2115 589 2175 homiuibus
610 2133 628 2173 a
643 2120 702 2177 lieo
718 2136 725 2188 ;
750 2118 824 2193 quia
881 2120 938 2177 Sed
950 2118 1024 2194 quia
1038 2135 1196 2192 poenarum
1210 2118 1351 2191 quiedam
1366 2117 1481 2174 occulta
1496 2120 1548 2181 est,
1563 2115 1705 2189 quiedam

81 2205 336 2269 mestctalllietio
350 2221 472 2274 inagna.
488 2204 610 2265 nutum
624 2205 736 2280 quippe
751 2206 825 2264 ailli-
879 2209 1061 2274 manifesta:
1087 2209 1162 2265 dum
1175 2207 1285 2283 impios
1301 2211 1330 2267 ct
1360 2210 1531 2279 peccatores
1555 2207 1632 2262 lleus
1651 2220 1705 2278 per

84 2297 245 2371 quinoque
260 2310 361 2351 amare
375 2294 421 2351 rel
436 2293 604 2368 approbare
620 2299 725 2367 polest,
741 2297 825 2370 quod
879 2298 1053 2372 patientiam
1065 2297 1179 2365 tolerat,
1191 2302 1220 2353 ct
1232 2297 1273 2353 eis
1293 2296 1392 2359 statim
1416 2311 1537 2365 prauam
1565 2293 1705 2351 manitas·

81 2390 119 2455 ret
131 2405 139 2456 ;
150 2402 206 2443 nee
215 2385 298 2458 quod
310 2383 382 2452 odit,
393 2383 563 2443 unmutme.
573 2383 685 2443 idcirco
695 2384 824 2445 multum
879 2393 941 2447 tam
953 2403 1016 2451 uon
1026 2387 1146 2458 irrogat,
1161 2388 1296 2445 humana
1310 2383 1511 2443 stultitiarum
1524 2387 1576 2439 aut
1592 2382 1705 2439 nescire

81 2477 136 2535 itur
148 2476 201 2549 qui
213 2474 354 2548 disputat,
372 2478 400 2530 et
408 2473 521 2531 rixatur
531 2478 634 2531 contra
644 2476 749 2542 neum,
762 2475 826 2533 bla-
879 2482 931 2537 aut
943 2493 1005 2539 non
1018 2492 1122 2537 curare
1136 2475 1215 2533 iacta
1228 2474 1396 2542 homiuum,
1418 2472 1480 2529 sire
1503 2472 1603 2540 ctiam,
1621 2471 1705 2545 quod

81 2581 158 2625 nans
170 2564 284 2637 judicia
293 2564 358 2635 ejrrs
370 2568 498 2636 etopera
508 2563 573 2634 cius
584 2563 744 2634 detestans,
754 2581 824 2627 cum
878 2568 965 2640 peius
996 2570 1050 2634 est,
1079 2565 1255 2640 pravitatem
1278 2562 1506 2634 malignantium
1535 2561 1705 2635 approbare

81 2671 112 2711 ιω
124 2658 265 2729 operatur
282 2656 358 2715 lleus
370 2653 462 2710 homo
479 2651 660 2717 mullatenus
667 2653 761 2729 possit
769 2655 824 2715 im·
878 2661 973 2730 putat.
1000 2656 1071 2713 lude
1098 2671 1170 2725 ergo
1194 2670 1245 2713 cor
1275 2652 1406 2713 bominis
1433 2652 1577 2710 adversus
1609 2655 1704 2709 ileum

81 2761 122 2802 re.
878 2746 1053 2815 concutitur,
1082 2745 1163 2803 unde
1189 2747 1266 2805 oeus
1296 2743 1335 2803 ab
1358 2740 1532 2801 bominibus
1574 2739 1704 2815 arnplius

81 2832 292 2907 ›pterealquod
307 2831 439 2905 sequitur
454 2837 481 2886 ct
496 2830 587 2887 dicit:
611 2833 721 2906 liidiei,
743 2836 824 2906 qaod
879 2835 1048 2907 diligendus
1067 2840 1096 2891 et
1118 2833 1289 2893 laudandus
1311 2834 1543 2893 demonstratur.
1568 2837 1703 2909 denque-

81 2937 194 2993 zoperc
208 2937 273 2994 qna
284 2923 356 2993 f'ectt
367 2923 445 2977 Dens
453 2928 681 2991 perseverarent
696 2925 727 2979 in
739 2930 822 2981 eter—
841 2960 861 3023 Β
877 2928 950 2987 ritur
963 2926 1066 2993 bomo,
1084 2925 1167 3000 quod
1184 2924 1283 2984 malins
1305 2924 1398 2982 bomo
1427 2941 1445 2981 a
1470 2927 1531 2983 ileo
1553 2924 1701 2996 toleratur,

100 3011 182 3078 Sicut
200 3011 281 3069 enim
302 3027 393 3084 opera
414 3011 592 3069 conditionis
611 3011 641 3069 iu
661 3012 821 3084 generibus
877 3032 947 3078 cum
960 3014 1153 3077 manifestum
1167 3015 1203 3070 sit
1216 3014 1299 3088 qued
1314 3014 1414 3073 nultus
1429 3014 1521 3072 homo
1535 3016 1640 3075 luisset
1648 3018 1701 3076 bo-

81 3100 207 3167 udinem
231 3098 339 3169 divinae
359 3098 549 3161 institutionis
573 3117 635 3159 non
656 3104 819 3174 transeunt,
875 3123 944 3172 nus,
956 3104 1091 3163 sinubus
1103 3103 1265 3176 aliquando
1277 3102 1531 3161 luissettolcratus
1545 3106 1653 3162 malus.
1669 3109 1703 3167 Et

81 3208 178 3264 troque
198 3206 291 3263 opera
312 3189 494 3261 judiciorum
514 3191 588 3262 ejus,
607 3190 719 3265 qubus
743 3193 821 3257 iacta
875 3200 976 3255 nmen
984 3192 1223 3253 scandalizantur
1232 3192 1448 3249 mfirmanbmu
1460 3194 1561 3256 corda.
1575 3194 1703 3251 damvi-

81 3298 151 3339 aum
166 3286 194 3337 et
209 3284 304 3337 totum
317 3280 467 3345 mundum
487 3280 627 3354 disponit,
644 3283 821 3351 sententiam
875 3286 947 3345 dent
958 3283 989 3341 in
999 3284 1057 3343 boc
1070 3280 1185 3339 munde
1200 3280 1308 3353 impios
1318 3281 1488 3354 prosperari
1502 3285 1531 3339 et
1549 3284 1645 3355 premi
1658 3286 1702 3343 in-

81 3370 262 3433 estinationis
287 3373 315 3425 et
331 3369 524 3442 providentiae
543 3370 607 3440 ejus
627 3369 659 3438 in
676 3375 821 3435 aternum
876 3377 1032 3439 nocentem
1047 3369 1120 3444 qnia
1133 3369 1173 3427 ad
1187 3369 1252 3426 sola
1264 3386 1301 3427 oa
1311 3386 1381 3443 quc
1394 3371 1466 3428 ioris
1477 3376 1549 3429 sunt
1560 3372 1591 3429 in
1605 3374 1701 3432 manis

81 3482 85 3516 ι
101 3475 163 3517 non
183 3458 379 3517 confundunt.
395 3461 500 3533 Neque
518 3460 596 3519 enim
623 3461 733 3519 elidere
759 3465 822 3521 ittae
875 3462 950 3519 lesto
965 3458 1134 3533 respiciunt,
1148 3457 1236 3515 etilln
1250 3474 1317 3531 qua
1332 3458 1379 3515 vel
1394 3459 1586 3518 instrinsecus
1610 3462 1702 3521 latent

81 3567 157 3617 'uam
169 3566 336 3622 possamus,
351 3554 382 3611 ut
397 3551 526 3624 amplius
550 3551 587 3609 sit
609 3568 703 3626 quam
724 3554 821 3626 provi·
876 3550 1001 3617 occulta,
1014 3549 1061 3606 vel
1072 3548 1104 3605 in
1119 3548 1218 3606 tuturo
1228 3548 1385 3606 mnniiesta
1397 3550 1567 3615 exhibenda
1580 3568 1700 3610 servan-

81 3643 136 3709 est3
153 3654 246 3709 neque
265 3639 380 3708 aelfere,
397 3643 428 3694 nt
443 3638 500 3695 sint
526 3640 627 3707 minus
650 3657 718 3714 quae
743 3641 822 3700 iacta
874 3645 931 3708 tur,
941 3654 1004 3697 non
1017 3638 1181 3697 attendunt.
1196 3640 1331 3705 Quorum
1343 3639 1466 3713 quercla
1476 3655 1512 3697 ex
1527 3657 1589 3715 qua
1608 3658 1701 3703 eausa

85 3731 119 3783 ut
134 3727 272 3791 timemur
285 3729 372 3783 bens.
390 3730 511 3800 Propter
525 3729 581 3785 boc
606 3745 739 3805 namque
763 3733 822 3789 dis·
875 3733 986 3801 surgat,
999 3728 1131 3802 aperitur
1144 3745 1215 3786 cum
1224 3729 1383 3786 subditur:

81 3834 216 3875 ererum
238 3817 399 3874 visibilium
426 3819 456 3875 io
485 3835 575 3876 cursu
602 3824 821 3891 transeuntium
917 3819 985 3877 Vidi
1009 3819 1147 3876 salsole
1178 3820 1209 3875 ia
1239 3821 1303 3877 lero
1325 3820 1438 3890 jndicie’
1463 3822 1644 3891 impietatem
1670 3832 1700 3883 et

81 3911 136 3965 aet
151 3905 374 3965 succedentium
389 3905 591 3979 vicissitudine
600 3910 738 3975 ordinem
758 3928 820 3973 non
875 3911 906 3967 in
919 3909 982 3965 loco
997 3909 1125 3977 justitia
1148 3909 1346 3979 iniquitaten.
1371 3909 1446 3966 vidit
1471 3910 1594 3985 quippe,
1615 3914 1700 3987 quod

81 3994 157 4064 ndit,
174 4000 206 4051 ut
220 3995 294 4055 sciat
307 3995 820 4071 iromoctintelligatproridentiam
874 3998 905 4053 in
932 3997 989 4055 hoe
1015 3995 1131 4053 mundo
1158 3999 1236 4052 Deus
1263 3997 1372 4070 impios
1395 3999 1512 4071 jndices
1543 4015 1608 4058 esse
1635 4019 1701 4077 per-

81 4089 219 4151 doceam,
231 4101 299 4157 quia
310 4083 349 4147 ab
361 4083 444 4152 initio
453 4090 519 4141 rata
528 4089 735 4163 constantique
748 4106 822 4163 proe-
874 4086 970 4154 mittit,
985 4089 1016 4142 et
1024 4088 1203 4158 potestatem
1212 4086 1345 4145 obtinere
1358 4091 1392 4145 ut
1405 4089 1597 4149 dominentur
1609 4098 1639 4150 et
1648 4110 1701 4168 op

81 4174 127 4233 sui
142 4174 362 4243 examinatione
377 4174 636 4247 quemadmodum
657 4184 821 4251 proventus
874 4176 1006 4249 primunt
1030 4174 1213 4242 innocentes,
1241 4180 1271 4232 el
1295 4176 1373 4237 foeta
1400 4179 1558 4237 h0mi11um
1585 4178 1697 4257 iniqua,

81 4263 262 4336 emporibus
275 4262 336 4319 suis
349 4268 612 4336 consequerentur,
632 4272 740 4327 cuneta
761 4268 821 4327 dis-
874 4282 942 4339 quie
952 4266 1033 4336 justa
1045 4280 1110 4321 esse
1129 4263 1306 4333 debuerunt,
1320 4271 1349 4322 et
1361 4266 1392 4323 in
1414 4269 1460 4324 his
1473 4271 1614 4329 omnibus
1629 4290 1700 4329 con·

81 4358 98 4410 t.
116 4355 152 4409 Ut
165 4351 247 4409 illam
261 4368 382 4424 quoque
398 4352 429 4409 in
452 4351 536 4411 iactis
558 4353 618 4409 suis
638 4354 735 4425 discat
757 4374 820 4415 me·
875 4354 1023 4411 fusionem
1038 4367 1182 4423 magnam
1194 4369 1259 4410 esse
1273 4354 1329 4409 sub
1342 4353 1412 4411 sole.
1433 4358 1509 4422 Quia
1521 4359 1602 4417 enirn
1621 4363 1699 4416 Deus

95 4440 184 4511 opius
196 4439 445 4512 omnipotentiam
459 4440 552 4503 cernit
573 4441 603 4499 in
622 4443 737 4505 cuneus
757 4445 820 4507 suis
874 4446 1051 4516 potestatem
1064 4442 1095 4499 in
1107 4442 1166 4499 hoc
1177 4443 1293 4500 mimae
1311 4443 1457 4516 perversis
1479 4445 1589 4514 tribuit,
1610 4465 1700 4522 prop

81 4545 145 4601 pus,
159 4529 278 4601 judiciis
291 4529 586 4604 constantiamatquc
601 4531 819 4597 immutabilem
876 4537 955 4590 terea
967 4531 1104 4604 impietas
1118 4536 1162 4588 est
1176 4530 1207 4587 iu
1224 4532 1290 4589 loeo
1303 4532 1416 4604 judicii,
1441 4537 1471 4591 et
1482 4534 1588 4592 inloco
1613 4538 1699 4609 justi·

81 4634 179 4679 nuere.
194 4621 266 4689 tiata
281 4618 393 4692 quippe
408 4619 563 4692 dispositio
574 4621 672 4694 operis
684 4627 713 4681 et
741 4627 821 4685 certa
874 4622 922 4679 tiae
935 4619 1093 4693 iniquitas:
1110 4625 1143 4677 ut
1155 4621 1197 4677 ibi
1212 4620 1247 4677 sit
1258 4621 1395 4695 bnpietas
1418 4624 1472 4681 ubi
1491 4641 1554 4682 esse
1578 4626 1700 4686 deberet

81 4707 169 4778 ratio,
185 4725 247 4781 qua
261 4712 369 4764 cuncta
395 4709 580 4781 temporibus
599 4711 661 4769 suis
680 4713 720 4777 ad
733 4713 820 4771 eiice-
873 4710 1031 4782 iudicium,
1046 4709 1124 4766 etibi
1138 4710 1278 4784 iniquitas
1303 4711 1355 4767 ubi
1375 4713 1497 4784 justitia.
1525 4719 1608 4787 Nam,
1627 4719 1699 4793 quia
1800 4780 1808 4789 ,

81 4797 207 4855 »rodaco
233 4800 321 4861 Deus,
341 4797 496 4863 maniiestc
515 4800 709 4870 demonstrat,
737 4804 821 4877 quoii
873 4799 988 4873 prelati
1001 4803 1072 4857 sunt
1092 4800 1185 4873 impii,
1201 4800 1311 4861 idcirco
1337 4807 1406 4861 sunt
1437 4805 1530 4880 iniqui
1552 4808 1697 4881 sirbjecti3

89 4902 147 4953 sua
172 4888 318 4961 sapientia
342 4888 372 4944 in
400 4888 597 4958 discernendo
617 4907 679 4958 non
698 4892 818 4963 totlitur,
873 4889 1015 4964 quianisi
1040 4889 1081 4947 illi
1099 4907 1153 4964 per
1175 4891 1358 4966 impietatem
1378 4893 1579 4955 innocentiam
1600 4900 1700 4974 oppri-

81 4992 170 5050 roque
184 4977 342 5035 consilimn
355 4995 444 5041 suum
460 4978 665 5050 injudicando
679 4998 741 5043 non
755 5000 820 5043 mu·
873 4983 998 5049 merent,
1014 4979 1060 5037 isti
1074 4996 1128 5054 per
1141 4980 1326 5056 iniquitatem
1348 4985 1492 5056 trebiam
1515 5004 1577 5045 non
1601 4990 1699 5062 impu·

110 5066 195 5136 Qrcod
214 5068 331 5138 saetam
360 5074 402 5129 ert
421 5071 517 5139 ipsum
536 5078 704 5141 paraenet.
740 5074 820 5135 sicut
875 5073 1008 5141 gnorent.
1028 5073 1187 5144 Propterea
1201 5088 1334 5147 namque
1346 5073 1498 5132 inferiores
1526 5077 1565 5132 ad
1592 5077 1699 5148 iniqui·

81 5159 170 5225 {toto
190 5172 291 5223 rerum
306 5158 493 5223 conditarum
518 5176 642 5234 corpore
665 5162 819 5234 qnodlae·
873 5165 963 5221 tatem
976 5162 1208 5236 perpetrandam
1222 5165 1352 5221 audaces
1371 5170 1449 5231 eunt,
1473 5166 1545 5236 quia
1567 5165 1698 5237 superlo-

81 5249 119 5302 est
143 5252 309 5319 permanet,
338 5248 409 5321 qnia
434 5249 636 5322 dispositionis
660 5252 734 5315 ordo
756 5268 820 5313 non
874 5266 921 5308 res
935 5251 975 5308 od
988 5253 1145 5315 tutandam
1159 5253 1361 5310 innocentiam
1380 5254 1420 5326 pii
1439 5268 1500 5309 non
1516 5256 1603 5320 sant3
1625 5253 1698 5327 quia

81 5333 196 5402 oditur,
225 5336 340 5401 etiamsi
365 5341 471 5394 natura
499 5338 651 5405 mutabilis
678 5340 818 5409 varietur,
870 5339 895 5396 si
908 5340 951 5396 illi
964 5340 1105 5413 injuriam
1124 5342 1304 5416 patientibus
1325 5341 1472 5412 judicium
1490 5341 1629 5411 iacerent,
1651 5344 1698 5402 isti

81 5439 138 5481 ,am
151 5424 183 5487 in
196 5424 315 5494 iudiciis
330 5427 394 5497 ejus
414 5427 497 5499 quod
512 5427 623 5487 laetum
638 5434 683 5486 est
703 5445 820 5503 perma-
875 5431 914 5487 ad
927 5431 1113 5491 inferendam
1138 5431 1280 5503 iniuriam
1306 5435 1368 5488 tam
1389 5431 1520 5505 prompti
1542 5449 1604 5490 non
1628 5435 1698 5495 luis-

81 5512 179 5584 juiain
191 5529 227 5571 eo
241 5514 330 5573 etiam
345 5516 427 5589 quod
452 5518 618 5579 secuudum
639 5518 820 5579 ineffabilem
876 5526 950 5579 sent.
967 5523 1024 5579 Sed
1038 5522 1135 5579 inhoc
1149 5538 1271 5597 quoque
1290 5520 1346 5578 sub
1362 5521 1423 5577 sole
1446 5521 1583 5597 impietas
1610 5528 1697 5585 estio

81 5601 255 5677 medonem,
270 5605 465 5668 variationem
479 5609 646 5693 temporum
664 5607 822 5680 dissimili.
874 5609 942 5669 loeo
952 5611 1066 5684 judieii,
1077 5615 1106 5672 et
1118 5613 1149 5671 in
1161 5611 1229 5672 loco
1240 5611 1512 5689 iustitioiniquitas
1524 5634 1530 5674 :
1541 5618 1625 5689 cuod
1635 5634 1699 5681 om-

673 5812 694 5848 ὁ
