3832 6044
70 139 140 197 reos
408 140 588 200 russina
611 143 646 200 rr
666 135 1437 214 renumerantur.s.rrorrsi1.-us.u.
1690 146 1778 228 ’rest

68 264 122 319 sed
139 277 298 338 nunquam
322 263 491 339 suscipitur,
516 264 573 322 nisi
597 281 667 323 cum
685 262 835 320 volumus.
863 265 935 321 ate
952 270 997 324 est
1008 267 1132 326 omnino
1146 273 1229 344 quod
1240 272 1340 332 bonus
1350 279 1494 336 Dominus
1508 281 1539 338 in
1549 284 1703 358 republica
1724 308 1779 349 sua

65 368 137 409 oum
151 353 303 422 volumus,
315 352 438 428 quidem
450 371 469 413 a
479 352 896 428 lieovolumus‚quiad0num
951 355 1049 414 honos
1062 359 1119 415 sub
1134 377 1164 417 se
1179 361 1330 421 ministros
1343 367 1542 428 constituerit:
1570 387 1701 446 quorum
1724 379 1778 436 rni-

65 441 117 499 ltei
131 443 324 500 estvoluntas
349 443 441 501 bona.
471 447 546 503 Cum
571 448 671 502 autem
696 442 848 510 uolumus,
878 458 897 499 a
952 443 1073 503 nisterio
1088 451 1116 504 et
1129 448 1302 524 hocpostea
1317 453 1429 513 factum
1444 459 1561 533 estqui
1576 476 1612 518 ex
1639 463 1778 533 genttlm
1826 505 1829 511 ,

64 528 154 588 nobis
168 532 321 602 nolumus,
337 534 409 608 quia
422 533 501 591 nolle
522 532 595 590 nihil
623 532 705 591 aliud
732 535 776 589 est
803 546 896 605 quam
952 533 1110 608 credimus,
1126 539 1312 611 respeximus
1333 558 1386 616 per
1398 543 1490 602 fidem
1512 547 1552 604 ad
1565 551 1670 621 Deum,
1685 556 1715 611 et
1738 554 1779 614 ad

64 635 129 677 non
143 618 237 677 velle:
254 621 338 695 quod
349 621 476 679 desertio
488 621 560 678 boni
574 625 617 679 est
632 622 672 680 ad
685 637 748 679 non
769 636 844 690 esse,
869 622 898 678 et
951 614 1168 694 plenitudinem
1182 626 1408 689 illuminationis
1422 633 1497 706 ejus.
1512 636 1626 696 reducti
1640 654 1776 713 pareest

64 708 149 779 nihil,
165 709 400 784 quodsineipso
414 709 527 768 factum
551 715 605 769 est.
634 715 737 785 ltaque
763 731 777 760 a
793 709 896 768 divina
951 711 1035 783 quod
1050 712 1226 788 utiquenon
1239 717 1386 793 fecissent,
1412 721 1436 778 si
1462 721 1535 781 boni
1559 740 1620 783 non
1642 726 1776 789 fuissent

64 800 182 857 lumina
192 799 327 873 providae
337 798 574 870 illuminationis,
585 823 599 853 e
614 801 687 876 quia
700 816 754 874 per
767 815 803 857 ea
817 802 895 856 Deus
951 801 1011 856 lloe
1021 805 1065 858 est
1078 803 1162 875 quod
1176 803 1256 863 dicit.
1272 807 1383 865 lieiude
1398 808 1488 868 etiam
1517 829 1554 870 ex
1570 814 1628 872 hoc
1655 817 1778 890 probari

64 889 190 962 provide
203 887 360 957 illuminat,
390 889 440 946 iila
465 889 589 964 quidem
610 906 670 948 non
696 912 710 940 «ι
726 889 895 947 revelantur
950 891 1152 963 potestquod
1165 891 1238 949 boni
1252 895 1350 965 angeli
1365 897 1480 969 praelati
1494 899 1614 959 fuerunt
1627 905 1777 977 gentibus,

64 977 285 1053 perpropriam
297 983 476 1053 potestatem
490 980 731 1054 providentiam:
753 1002 767 1030 n
796 978 893 1053 idest,
951 975 1024 1048 quia
1038 977 1149 1035 scilieet
1162 979 1235 1055 ipsis
1246 982 1310 1039 aliis
1325 984 1475 1061 gentibus,
1490 1004 1559 1061 quse
1571 1005 1634 1048 uon
1658 993 1779 1053 fuerunt

64 1084 171 1125 eorum
186 1067 238 1142 qui
252 1083 289 1125 ex
302 1067 344 1125 eis
359 1069 488 1143 acceptis
506 1069 698 1143 providentes
722 1068 817 1138 iiunt;
845 1065 893 1124 vel
949 1081 986 1122 ex
1000 1067 1100 1140 lsrael,
1116 1069 1276 1144 exquibus
1289 1073 1427 1143 gentibus
1441 1080 1471 1133 et
1497 1092 1563 1148 nos,
1593 1081 1647 1152 qul
1673 1089 1778 1156 postea

64 1156 265 1231 provisorum,
278 1157 308 1214 id
324 1161 378 1227 est,
394 1174 499 1216 eorum
520 1159 573 1233 qui
605 1158 715 1232 provisi
744 1162 822 1226 sunt,
848 1155 894 1214 vel
950 1154 1111 1231 credimus,
1127 1160 1325 1234 respeximus,
1340 1163 1477 1221 conversi
1496 1180 1550 1239 per
1571 1166 1664 1226 iidem
1688 1172 1719 1227 in
1744 1171 1777 1228 id

62 1245 266 1319 predestinati
280 1261 298 1303 a
311 1248 370 1303 ileo
385 1246 424 1304 ad
437 1246 488 1304 iila
502 1245 686 1320 accipienda.
711 1245 891 1316 Notandum,
948 1260 1096 1316 magnum
1122 1251 1151 1305 et
1173 1251 1330 1322 copiosum
1362 1251 1489 1326 pelagus
1514 1255 1607 1312 divini
1641 1257 1775 1330 luminis,

62 1335 147 1408 quod
157 1333 209 1390 ubi
223 1349 280 1392 nos
292 1337 469 1394 revelantur
482 1335 640 1404 habemus,
656 1334 715 1393 alia
733 1334 829 1393 ilttera
841 1334 894 1391 ha·
949 1335 1030 1407 quod
1046 1339 1185 1408 paratum
1200 1342 1245 1396 est
1258 1344 1287 1396 et
1299 1344 1437 1414 apertum
1449 1344 1634 1402 omuibusin
1645 1348 1777 1406 cadiae

60 1424 113 1480 bet
127 1423 338 1495 obcaecatam
353 1441 421 1499 quae
434 1424 502 1482 licet
514 1424 631 1482 diversa
656 1423 724 1492 sint,
750 1424 790 1481 ad
814 1439 894 1480 eam·
948 1437 1028 1495 nem,
1042 1425 1105 1480 sive
1119 1423 1320 1498 largitionem,
1332 1431 1405 1503 quia
1421 1429 1547 1502 largitur
1573 1450 1606 1491 se
1630 1439 1660 1492 et
1686 1437 1777 1494 uadit

59 1512 132 1569 dem
148 1517 248 1570 umen
262 1513 417 1571 veritatem
444 1513 639 1572 astruendam
660 1511 830 1587 pertinent:
860 1515 894 1569 ut
947 1512 1271 1573 omnibusvolentibus
1284 1520 1313 1575 et
1337 1518 1577 1579 desiderantibus
1601 1522 1675 1581 iliud
1699 1528 1777 1583 acci·

60 1599 172 1657 scilicet
186 1601 361 1660 ostendatur
373 1603 458 1677 quod
471 1607 573 1659 utrum
587 1602 690 1660 divina
708 1601 825 1660 lumina
849 1617 928 1675 reg
948 1617 1028 1674 pere.
1046 1602 1104 1659 iliis
1114 1604 1252 1663 videlicet
1262 1606 1401 1678 gentibus
1414 1624 1475 1666 uon
1499 1612 1690 1684 imperabant
1705 1614 1775 1673 alie·

59 1687 206 1759 velentur,
222 1689 317 1759 idest,
333 1691 569 1761 manifestentur,
586 1707 626 1748 an
640 1692 840 1760 obcaecentur,
862 1690 891 1747 id
946 1693 1064 1762 nigenoe
1078 1693 1204 1766 quidam
1218 1695 1272 1768 dii,
1292 1699 1431 1770 quamvis
1450 1699 1508 1756 hoc
1536 1701 1634 1758 videri
1663 1708 1773 1776 posset,

59 1780 114 1847 est,
130 1777 357 1836 abscondantur
369 1783 398 1837 et
410 1778 605 1849 occultentur,
618 1794 681 1837 non
695 1779 726 1836 in
747 1783 892 1853 potestate
947 1782 1020 1853 quie
1032 1781 1113 1840 idola
1127 1783 1293 1857 coluerunt,
1307 1789 1336 1842 et
1347 1786 1439 1843 falsos
1465 1787 1538 1844 deos
1562 1790 1774 1853 adoraveurnt.

58 1864 281 1941 accipientium,
296 1868 348 1925 sed
362 1867 525 1927 inarbitrio
553 1868 652 1926 dantis
677 1872 802 1926 constat.
834 1867 892 1926 Sed
948 1869 1006 1927 Sed
1020 1886 1099 1927 unus
1114 1873 1191 1929 Deus
1209 1873 1267 1928 illis
1295 1875 1475 1948 imperabat,
1503 1881 1533 1934 et
1548 1877 1773 1951 dominabatur,

58 1961 162 2015 tamen
174 1957 314 2032 quamvis
329 1957 395 2032 ipsa
404 1956 603 2016 manifestatio
618 1959 666 2016 vel
687 1957 890 2016 mardalinis
945 1960 1161 2032 quiasicutest
1175 1977 1271 2018 unum
1288 1965 1472 2037 principium
1493 1968 1642 2037 omnium,
1669 1985 1689 2027 a
1711 1986 1774 2043 quo

57 2061 166 2103 eorum
178 2050 322 2120 potestate
338 2063 401 2105 non
427 2047 474 2122 sit,
502 2046 652 2120 susceptio
679 2051 781 2104 tamen
813 2063 889 2104 nun-
946 2053 1015 2106 aunt
1029 2051 1143 2119 omnia,
1158 2051 1259 2108 itaest
1272 2066 1350 2108 unus
1365 2054 1521 2122 Dominus,
1540 2059 1569 2112 et
1582 2061 1688 2127 rector,
1708 2058 1774 2114 sub

57 2151 153 2209 quam
167 2134 210 2204 iit,
221 2134 279 2192 nisi
289 2152 359 2194 cum
374 2135 650 2205 eorumvoirmtate,
660 2135 734 2209 quia
745 2135 889 2194 rationale
945 2139 1032 2211 culus
1046 2143 1191 2212 potestate
1206 2142 1449 2200 constituissent
1476 2145 1627 2212 universa.
1652 2147 1710 2214 Qui
1737 2149 1775 2203 si·

56 2222 175 2280 bonum
188 2226 232 2280 est
245 2223 329 2297 quod
343 2218 585 2298 non’potestnisi
605 2239 623 2279 a
637 2227 836 2294 cognoscente
862 2226 891 2281 et
945 2231 995 2284 cut
1009 2228 1041 2285 in
1056 2231 1155 2302 seipso
1169 2228 1334 2298 bonusest,
1352 2232 1393 2288 ita
1411 2233 1564 2290 ministros
1590 2234 1689 2292 bonos
1715 2236 1773 2293 sub

56 2311 175 2369 volente
194 2311 319 2387 percipi.
337 2313 427 2384 igitur
437 2315 489 2370 aut
501 2328 597 2386 prava
619 2311 771 2370 voluntate
796 2304 830 2369 ii't
857 2316 891 2370 ut
945 2331 976 2372 se
991 2320 1119 2376 rectores
1132 2320 1161 2374 et
1174 2316 1268 2374 duces
1281 2317 1405 2388 angelos
1420 2321 1583 2388 constituit,
1604 2324 1635 2378 et
1655 2320 1698 2378 illi
1721 2338 1774 2380 an·

54 2398 182 2458 omnino
190 2399 438 2474 repellantur,aut
449 2399 616 2457 differentia
622 2399 712 2457 bonae
718 2399 887 2474 voluntatis,
946 2406 1003 2477 geli
1018 2406 1201 2463 reduxerunt
1210 2420 1266 2464 nos
1277 2410 1436 2480 sequentes
1449 2424 1504 2486 per
1512 2408 1604 2466 fldem
1618 2410 1774 2485 adipsum

55 2494 91 2546 ut
99 2488 280 2547 dissimiliter
291 2489 515 2564 participentur.
529 2491 589 2547 lloc
611 2492 658 2546 est
683 2489 767 2563 quod
792 2490 886 2548 dicit:
943 2495 1128 2568 principium
1142 2497 1288 2551 nostrum.
1303 2495 1503 2566 deduxerunt,
1513 2496 1594 2568 diem
1605 2499 1773 2558 secundm
1862 2556 1864 2562 Α

56 2602 70 2629 «
85 2577 143 2636 Sed
158 2578 401 2636 intellectualium
419 2579 582 2651 visionum,
599 2601 614 2629 υ
634 2579 692 2636 boc
721 2583 776 2652 est,
804 2579 888 2656 spiri·
942 2583 1122 2657 quoderant
1148 2584 1325 2652 sacerdotio,
1351 2584 1382 2641 id
1406 2590 1450 2642 est
1472 2600 1560 2643 sacra
1586 2587 1770 2661 prefatione,

56 2669 184 2727 tuelium
198 2669 355 2728 oculorum
382 2669 573 2727 rationalium
602 2669 712 2728 scilicet
730 2670 887 2742 mentium,
943 2672 1100 2744 frmgentes
1113 2671 1281 2728 secundum
1295 2686 1544 2746 unamquamque
1557 2677 1687 2747 gentem,
1714 2674 1773 2732 boc

57 2756 298 2816 «dissimilitudo
317 2758 387 2816 facit
414 2758 608 2816 donationem
633 2759 718 2833 lucis,
751 2760 887 2818 »venien-
944 2763 997 2830 est,
1013 2761 1223 2835 unusquisque
1241 2776 1278 2817 ex
1291 2776 1329 2816 ea
1343 2764 1430 2831 gente
1455 2762 1487 2816 in
1509 2777 1574 2835 qua
1592 2761 1771 2832 uadem,

57 2852 119 2905 tem
133 2847 243 2906 scilicet
256 2871 270 2899 α
285 2849 323 2905 dc
337 2848 527 2923 superplena,
541 2871 555 2901 »
576 2849 634 2906 hoo
659 2854 713 2920 est,
738 2850 776 2908 de
798 2850 887 2908 vaide
942 2850 974 2906 id
988 2853 1033 2907 est
1041 2864 1127 2907 sacra
1136 2852 1291 2924 potestate,
1303 2849 1493 2922 fungebatur,
1522 2851 1562 2908 ad
1585 2849 1679 2908 iidem
1703 2864 1774 2909 con-

56 2932 149 3008 plena
162 2940 191 2992 et
203 2935 379 2994 excellenter
389 2936 480 3010 plena
493 2941 619 3010 patema
632 2936 765 2997 bonitate
781 2957 789 3009 3
804 2938 887 2996 illam
902 2972 923 3030 ο
942 2940 1028 2997 vertit
1041 2954 1104 3012 eos,
1119 2939 1172 3012 qui
1185 2938 1387 3007 crediderunt,
1396 2939 1471 2998 etad
1485 2940 1671 3014 principium
1682 2957 1772 2999 sauna

56 3023 400 3096 inquam,donationem
412 3025 483 3083 facit
498 3025 565 3100 ipsa
591 3025 811 3098 dissimilitudo,
837 3034 889 3086 aut
942 3029 1148 3098 respexerunt.

58 3113 185 3171 omnino
199 3129 262 3173 non
276 3115 513 3192 participantem,
527 3121 556 3176 et
569 3134 630 3175 non
641 3117 830 3177 distributam
848 3119 888 3177 ad
951 3109 954 3114 ’
979 3116 1118 3188 Sequitur
1133 3132 1141 3171 ε
1159 3115 1411 3184 «Melchisedech,
1429 3115 1668 3186 instillandum,
1691 3133 1771 3176 ΝΜ·

57 3218 164 3260 earum
186 3202 296 3261 scilicet
335 3202 485 3263 visionum
509 3205 777 3265 reformationem:
806 3230 820 3258 «
836 3212 889 3266 aut
943 3218 1028 3259 mum
1062 3201 1249 3259 sacerdotem
1274 3205 1450 3261 existentem
1475 3205 1604 3263 Domino
1628 3206 1773 3264 amicast·

56 3291 129 3350 facit
142 3291 384 3368 participationes
404 3294 585 3370 differentes,
608 3297 666 3354 hoc
699 3301 752 3365 est,
776 3313 888 3373 parvas
943 3306 1029 3347 mum
1044 3292 1245 3360 Θῑῑῦῐθῦίίῑῑῐΰ,
1260 3306 1322 3348 Μ
1336 3292 1538 3362 ammutium,
1550 3292 1607 3351 ”d
1616 3308 1686 3352 we
1698 3296 1774 3352 0¹¹⁸*

58 3383 260 3454 autmagnas,
275 3381 420 3441 obscuras
448 3388 500 3443 aut
527 3383 634 3454 claras,
656 3384 746 3442 unius
769 3386 888 3444 ionalis
943 3380 1032 3437 untia
1045 3377 1155 3436 excelsi
1168 3380 1231 3436 Dei·
1245 3401 1259 3430 ν’
1284 3382 1325 3436 De
1354 3379 1532 3451 angelorum
1556 3383 1722 3441 ministerio
1743 3385 1775 3440 et

58 3469 351 3544 radii,etsimplicia,
366 3476 525 3548 etsemper
539 3474 646 3533 eodem
666 3475 758 3533 modo
782 3492 813 3533 se
836 3476 889 3534 ba·
942 3467 1193 3537 offleiotraclffls,
1212 3468 1311 3526 subiit)
1335 3468 1374 3526 (¹0
1388 3468 1602 3528 Melchisfldeoh
1627 3474 1772 3530 nuntio·

57 3559 167 3634 hantis,
181 3562 210 3618 et
222 3562 448 3636 superexpansi.
465 3583 480 3614 »
491 3563 603 3620 Radius
615 3564 696 3620 enim
719 3563 828 3622 divinae
856 3566 888 3622 il-
942 3575 1014 3616 nem
1028 3557 1145 3616 inducit
1159 3573 1245 3615 :non
1258 3561 1342 3632 quia,
1369 3564 1403 3616 ut
1428 3559 1556 3634 qaudam
1583 3563 1771 3634 putaverunt,

58 3648 263 3707 luminationis
278 3650 392 3710 alonte
405 3650 479 3710 boni
492 3651 679 3710 descendens
701 3652 733 3710 in
752 3669 783 3711 se
809 3670 888 3712 unus
943 3646 1086 3721 angelum
1100 3648 1201 3721 ipsum
1216 3647 1318 3717 fuisse,
1338 3650 1453 3722 autper
1465 3649 1523 3708 hoo
1551 3649 1617 3722 ejus
1635 3651 1773 3709 sacerdo·

56 3741 87 3793 et
98 3736 236 3812 simplex,
259 3742 288 3798 ct
316 3755 435 3813 semper
457 3740 564 3798 ecdem
581 3742 674 3800 modo
701 3759 733 3799 se
760 3742 887 3820 babens,
943 3739 1019 3795 tium
1042 3739 1120 3795 inter
1144 3737 1311 3795 ministeria
1333 3735 1512 3809 angelorum
1533 3753 1776 3802 commemoran-

59 3827 174 3884 cuncus
184 3827 380 3887 rationalibus
392 3828 544 3888 mentibus
560 3832 840 3908 superexpanditur,
860 3839 890 3893 et
942 3827 1017 3885 dum
1033 3829 1191 3897 existimet,
1207 3826 1453 3886 sedatostendat
1475 3819 1561 3900 qued
1587 3842 1650 3884 nen
1672 3825 1775 3888 euna

57 3913 100 3972 ab
114 3914 227 3974 eisnon
241 3917 409 3975 secundum
425 3933 512 3976 suam
527 3918 755 3993 simplicitatem,
771 3923 824 3980 sed
844 3940 888 3983 se·
943 3915 1130 3991 angelorum,
1147 3915 1200 3973 sed
1214 3917 1305 3974 etiam
1317 3920 1493 3974 sauctorum
1516 3918 1547 3973 et
1572 3917 1633 3975 lieo
1654 3915 1776 3991 mea»

58 4004 194 4063 cundum
203 4006 322 4065 illarum
335 4007 538 4066 diversitatem
548 4008 719 4067 differenter
731 4011 888 4089 participe·
942 4007 1019 4064 tium
1028 4005 1189 4064 hominum
1201 4006 1328 4080 aliisque
1342 4005 1520 4065 hominibus
1534 4007 1567 4063 in
1581 4007 1619 4063 iis
1632 4022 1703 4083 quse
1728 4006 1775 4064 dt·

57 4096 117 4151 tur.
129 4097 186 4152 iiut
199 4095 279 4155 enim
290 4111 393 4171 pravae
408 4100 487 4167 sunt,
499 4101 528 4156 et
542 4097 667 4155 omuino
685 4097 767 4157 illam
794 4100 889 4174 repei-
942 4099 1013 4155 vina
1030 4096 1151 4154 fuerunt
1175 4099 1416 4170 praepositorum,
1441 4111 1532 4170 opere
1554 4101 1584 4154 et
1606 4099 1774 4158 ministeria
1894 4119 1900 4131 ’

58 4182 136 4256 lunt,
171 4188 201 4242 et
231 4183 345 4243 iaciunt
380 4190 413 4243 ut
438 4186 522 4245 nullo
558 4187 651 4246 modo
684 4187 888 4266 participetur,
944 4187 1056 4244 factum
1071 4185 1110 4240 sit
1118 4183 1201 4257 quod
1217 4182 1364 4240 increduli
1378 4183 1569 4254 exgentibus
1583 4185 1729 4245 adiideas
1743 4190 1775 4244 et

56 4287 158 4346 neque
172 4272 366 4332 disbibuatur
378 4274 418 4333 ad
432 4291 538 4335 earum
549 4275 792 4336 reformationem
809 4297 816 4349 ;
837 4284 891 4340 aut
904 4326 928 4382 Β
943 4275 1057 4335 cultum
1069 4273 1131 4331 veri
1149 4273 1198 4329 liei
1225 4273 1361 4329 conversi
1388 4275 1467 4329 sunt.
1491 4272 1664 4329 &cundum
1686 4273 1776 4331 bunc

56 4360 337 4423 dissimfliterbcne
352 4367 431 4434 sunt,
453 4368 482 4422 ct
503 4363 674 4426 differenter
701 4384 771 4426 eum
797 4369 889 4428 susci·
944 4368 1046 4440 itaque
1060 4363 1199 4436 modum,
1213 4377 1275 4437 quo
1290 4359 1389 4433 angeli
1403 4376 1440 4419 ex
1463 4359 1566 4419 cilicie
1589 4359 1775 4435 metiente

55 4448 153 4524 piunt.
944 4473 1005 4515 suae
1018 4454 1185 4514 sacerdotio
1199 4453 1293 4510 fuucti
1307 4453 1418 4509 suntin
1435 4450 1585 4524 gentem
1614 4451 1654 4509 sd
1677 4450 1774 4510 fldem

94 4539 234 4616 Sequitur
250 4558 257 4598 ι
274 4562 288 4592 «
305 4540 417 4601 Deinde
431 4542 505 4618 quia
531 4545 560 4600 ct
581 4542 645 4602 aliia
671 4543 820 4622 gentihus,
849 4563 890 4606 ex
943 4548 1006 4605 veri
1018 4547 1070 4603 Ilei
1085 4543 1300 4616 convertentes,
1314 4538 1544 4614 intelligendum
1558 4541 1603 4597 cat
1625 4537 1773 4607 lelohim·

56 4627 890 4708 quibusetnosrespeximusinillud‚omnibusparatum
944 4635 1021 4694 decb
1035 4648 1190 4692 summum
1205 4629 1391 4689 sacerdotem
1403 4628 1496 4686 fuisse
1519 4629 1695 4688 existamus
1718 4631 1774 4688 lle·

55 4720 88 4776 in
102 4719 293 4778 traditionem
308 4725 337 4777 et
347 4726 485 4795 apertum
497 4722 589 4780 divini
609 4723 742 4795 luminis,
770 4730 800 4785 et
824 4743 889 4785 ma·
943 4728 1028 4784 mino
1044 4724 1264 4783 amicissimum
1278 4721 1415 4779 omnium
1427 4720 1630 4792 existentium,
1645 4721 1708 4778 imo
1720 4734 1774 4796 pa-

56 4809 890 4893 gnumetoopiosumpelagus;noualienigenaequidem
944 4818 1003 4874 tius
1016 4829 1080 4873 non
1094 4812 1294 4883 existentium,
1311 4806 1364 4868 sed
1383 4824 1454 4868 vere
1478 4810 1630 4894 existentis
1660 4808 1772 4870 excelsi

56 4897 249 4973 imperabant
260 4898 311 4971 dii,
322 4916 419 4960 unum
434 4907 535 4962 autem
549 4903 687 4964 omnium
694 4905 887 4983 principium;
944 4907 1006 4964 Dei.
1023 4898 1350 4977 litteraperplexaest.
1376 4901 1487 4959 Sensus
1513 4904 1616 4960 antem
1640 4899 1692 4959 istc
1715 4901 1771 4957 esc

57 4991 89 5046 et
111 4987 151 5046 ad
176 4988 278 5064 ipsum
302 4991 487 5053 reduxerunt
523 4999 681 5071 sequentes
720 4998 888 5057 secuudum
944 4994 1020 5061 Quia
1034 4992 1152 5051 dixerat
1163 4987 1377 5049 Melchisedech
1391 4990 1618 5049 mmmoiafsse
1630 4987 1774 5044 amidssi·

53 5091 307 5154 unamquamque
319 5084 439 5153 gentem
468 5083 634 5142 sacerdotio
662 5082 819 5155 iungentes
837 5098 889 5141 an
943 5081 1180 5146 mumomnium
1204 5081 1404 5150 cumaeam,
1433 5080 1521 5154 qnasi
1550 5077 1702 5147 σοιτί-μω
1724 5074 1774 5132 di·

57 5165 144 5239 geli.»
157 5171 199 5226 Ac
213 5168 239 5226 si
263 5168 393 5227 diceret:
417 5172 504 5239 Quod
526 5173 668 5245 gentibus
695 5172 768 5231 boni
789 5173 888 5246 angeli
944 5174 1217 5251 ctumsuum,quia
1231 5171 1430 5243 coequivere
1440 5182 1504 5224 non
1515 5170 1586 5224 Μυῒ
1610 5165 1771 5225 mmm

56 5255 173 5330 praelati
187 5257 305 5333 fuerint,
316 5275 379 5318 non
394 5261 493 5319 solum
517 5277 608 5322 exeo
631 5262 754 5338 probari
779 5267 886 5338 potest,
943 5264 1069 5334 dixerat,
1096 5261 1262 5334 subjungit,
1290 5271 1354 5314 non
1376 5256 1579 5324 existentium,
1602 5252 1772 5313 mandam

56 5344 142 5417 quod
157 5345 324 5405 altissimus
338 5350 481 5407 terminos
493 5351 676 5425 populorum
701 5353 887 5410 constituisse
941 5352 1025 5428 quod
1040 5350 1263 5426 scriptumest:
1281 5366 1295 5394 «
1304 5346 1415 5401 Omnes
1424 5347 1525 5413 ΕΜ
1533 5343 1768 5417 tliffiflfflffiffls

55 5433 260 5507 dieiturJuxta
281 5454 443 5494 numerum
457 5440 634 5511 angelorum
646 5442 698 5499 Dei
713 5442 765 5499 sed
789 5460 825 5499 ex
851 5458 887 5500 eo
942 5446 984 5500 sic
998 5433 1772 5508 suntcorameo(lsaaxleatquasiquerereturquis
1816 5513 1825 5524 ,

56 5522 159 5598 etlam,
174 5524 258 5599 quod
273 5526 345 5602 ipsis
360 5526 500 5600 gentibus
510 5544 573 5588 non
587 5530 760 5604 alienigenae
779 5531 820 5587 dii
847 5531 886 5587 ab
941 5547 1014 5603 ergo
1024 5529 1139 5596 existat,
1147 5524 1319 5596 subjungit:
1332 5543 1346 5572 a
1355 5520 1441 5579 Solus
1452 5520 1595 5593 excelsus,
1616 5525 1693 5580 Deus
1713 5525 1770 5598 qui

56 5610 141 5671 initio
150 5612 351 5689 imperabant,
367 5617 420 5675 sed
434 5633 513 5675 unus
522 5621 610 5678 neus.
627 5619 782 5678 Probabile
805 5619 885 5678 enim
941 5634 1046 5678 reram
1059 5614 1382 5674 sucessionem.»
1403 5610 1493 5679 Quod
1517 5617 1617 5674 cm
1644 5627 1708 5672 aon
1726 5613 1771 5672 eit
