3832 6044
103 109 167 162 tort
281 104 433 160 llUGONlS
452 103 497 159 DE
517 101 545 159 S.
565 101 714 158 vicione
734 101 808 157 ΟΡΡ.
829 101 917 158 PARS
938 104 958 157 l.
979 132 1012 141 -
1033 102 1234 160 pisuertes.
1254 134 1288 143 -
1307 107 1340 160 ll.
1362 106 1396 160 IN
1416 105 1632 162 succendis.

100 229 199 304 prima
209 226 377 285 hierarchia
389 225 581 300 sequentibus
593 229 662 298 post
687 241 718 281 se
743 224 903 281 insinuavit
918 243 925 281 ι
941 229 965 281 Α
984 240 1068 295 gans,
1079 225 1109 283 id
1124 230 1168 283 est
1177 226 1401 298 circumligatio,
1415 228 1487 303 quia
1496 228 1699 300 circumligat
1712 246 1726 287 o

100 317 185 394 quod
197 333 270 374 vera
284 315 393 385 unitas,
409 320 438 372 et
452 331 573 371 summa
587 313 700 370 trinitas
713 313 854 382 extendit,
882 313 928 369 rel
982 318 1010 371 et
1024 315 1239 388 complectitur,
1253 320 1282 372 et
1296 316 1426 374 continet
1438 317 1726 392 superessentialiter

100 413 256 484 penetrare
271 405 515 463 iacitbonitatcm
530 420 616 461 suam
630 403 928 478 asapercoelestibus
982 402 1218 461 immensurabili
1244 406 1434 475 continentia,
1458 424 1527 481 quae
1554 411 1661 465 totum
1691 425 1726 465 co

101 496 244 564 essentiis,
256 511 351 569 usque
366 494 404 552 ad
419 494 690 561 novissimarum,
706 492 805 565 idest,
821 508 929 549 asum·
982 493 1094 562 hendit,
1110 498 1139 550 et
1148 493 1178 550 in
1192 494 1259 567 ipsa
1272 494 1587 569 incomprehensibilis
1600 502 1724 555 manet

100 589 158 647 mis
170 585 396 662 usqueadimu;
411 584 586 653 bonitatem,
597 583 666 640 dico
676 583 851 640 existentem
862 598 929 656 pro·
983 597 1054 652 crgo
1069 582 1249 656 principium
1269 588 1323 653 est,
1338 601 1357 641 a
1370 601 1432 658 quo
1445 587 1524 643 iacta
1553 591 1630 644 sunt
1660 605 1726 645 omi

100 676 263 735 videntium
277 675 308 732 in
323 674 435 742 omnia,
444 673 516 748 quia
525 672 667 730 omnibus
677 672 812 745 providet
818 676 847 728 et
856 670 929 727 nihil
983 687 1075 728 cansa
1089 687 1250 745 perquam
1264 672 1421 731 factasunt
1433 675 1548 743 omnia,
1561 680 1593 732 et
1606 676 1727 733 circum

101 784 163 824 ase
172 765 303 823 alienum
316 762 465 837 relinquit,
478 766 579 837 utpote
590 778 658 836 quae
668 765 712 818 cst
722 759 929 834 superprinci·
982 760 1173 830 continentia,
1194 762 1225 818 in
1240 778 1301 836 qua
1327 763 1492 821 subsistunt
1523 765 1686 823 universa.
1716 771 1726 823 l

101 856 178 931 pule,
191 854 238 911 vol
251 851 507 928 superessentiale
520 849 701 923 principium
715 848 815 906 omnis
830 864 929 905 essen·
983 848 1072 922 plena
1082 854 1125 909 est
1137 849 1235 906 omnis
1245 855 1322 907 terra
1337 852 1431 923 gloria
1444 854 1520 924 ejus,
1535 855 1697 928 quoniam
1713 872 1727 911 a

102 941 467 1013 tiae‚etcausaomnium;
483 939 555 1013 quia
568 938 694 1011 abipsa,
719 941 748 994 et
770 937 809 994 ad
830 937 929 1011 ipsam
982 937 1115 995 bonitate
1143 938 1303 1012 replentur,
1319 944 1348 996 et
1370 941 1544 998 nutriuntur
1558 944 1686 1012 omnia,
1703 961 1724 999 u

101 1035 180 1093 lacta
193 1036 263 1090 sunt
274 1031 394 1089 omnia:
412 1035 442 1088 ct
454 1046 523 1104 quie
549 1032 594 1086 est
621 1028 757 1086 omnium
783 1025 930 1086 circumli-
984 1026 1089 1084 sistant
1100 1027 1130 1084 in
1141 1027 1217 1102 ipsa,
1233 1045 1300 1103 quae
1314 1028 1392 1087 iacta
1405 1035 1475 1087 sunt
1486 1031 1672 1104 peripsam.

721 1470 893 1560 LIBER
934 1471 1192 1561 OCTAVUS.

741 1783 886 1887 urucas
905 1830 1062 1903 csrrrvu
1083 1831 1139 1886 vru
1160 1849 1166 1886 ;

402 1989 446 2043 De
459 1983 722 2050 dominationibus,
746 1988 774 2039 et
789 1980 987 2053 potestatibus
1002 1986 1031 2040 et
1044 1981 1080 2038 dc
1094 1981 1192 2039 media
1205 1998 1307 2039 eorum
1323 1983 1504 2041 bierarcbio.

441 2191 596 2247 llt'rnlsn.
945 2188 965 2242 Β
984 2187 1031 2258 iis,
1043 2202 1103 2243 nori
1113 2189 1272 2257 tyrannice
1283 2189 1314 2243 in
1323 2203 1367 2260 cu,
1380 2190 1624 2259 inferioresunl,
1630 2198 1728 2261 potes

139 2282 365 2345 Transeundum
381 2285 480 2337 aretem
494 2293 576 2335 nuria
589 2276 673 2334 nobis
688 2277 719 2333 in
735 2275 863 2333 urediam
873 2291 927 2334 cce·
982 2275 1144 2332 virtutibus
1151 2279 1359 2350 precipuum,
1372 2277 1423 2335 sed
1437 2284 1578 2348 potenter
1590 2281 1627 2336 in
1639 2281 1728 2337 divin

102 2378 218 2437 testium
234 2372 438 2430 intellectuum
456 2368 686 2438 dispositionem,
712 2367 927 2423 dominationes
983 2363 1215 2422 beneordinotas
1226 2367 1367 2434 redemta,
1379 2373 1406 2424 et
1419 2375 1560 2438 praeposi
1575 2384 1650 2426 eam
1667 2370 1728 2440 deif

100 2469 171 2526 illas
185 2460 439 2535 supermundanis
455 2459 550 2516 oculas
563 2463 708 2530 quantum
717 2454 860 2526 passibile
874 2460 926 2522 esi,
983 2457 1028 2509 ter
1038 2453 1215 2522 reducentis,
1231 2460 1257 2511 ct
1273 2454 1314 2511 ad
1321 2457 1527 2525 potentificam
1543 2460 1708 2515 cacasaiem
1720 2478 1728 2531 2

99 2550 338 2628 explorantibus,
353 2555 381 2607 et
396 2562 463 2606 vere
473 2547 608 2617 potentia
624 2545 830 2616 speculamina
853 2544 927 2601 divi·
983 2543 1066 2610 tiam,
1077 2545 1279 2614 quanturnfas
1291 2550 1343 2616 esi,
1353 2546 1537 2616 assimilata,
1553 2552 1580 2602 ct
1599 2562 1672 2603 eam
1688 2554 1725 2604 ui

99 2661 209 2704 narum
219 2644 413 2714 potestatum,
436 2643 465 2694 et
479 2637 634 2694 virtutum.
656 2635 774 2690 Etenim
788 2647 928 2704 unaqua-
983 2631 1050 2700 bile,
1061 2632 1176 2703 anpelr's
1198 2633 1358 2689 revelantis
1381 2635 1412 2690 in
1433 2633 1504 2691 bene
1517 2638 1641 2692 ornatis
1653 2653 1716 2707 per

99 2746 260 2809 quesupra
277 2745 330 2786 nos
344 2727 540 2785 essentiarum
559 2724 778 2795 capnominotia
797 2722 854 2779 Dei
867 2722 928 2777 imi·
982 2719 1137 2776 ordinibus
1143 2722 1325 2790 potestativa
1337 2723 1522 2779 virtutelias
1532 2723 1729 2796 bubcnsdeif

100 2823 226 2883 talarius
240 2834 345 2876 carum
358 2816 508 2887 sipnificat
536 2813 695 2881 deiformes
714 2812 926 2881 proprietates.
978 2809 1179 2878 proprietates
1187 2809 1284 2865 media
1296 2812 1459 2867 celestium
1474 2812 1650 2869 annuorum
1665 2814 1729 2886 disp

100 2914 200 2987 lpilur
216 2913 392 2967 sanctarum
418 2903 655 2960 dominationum
671 2901 926 2970 manifestativam
979 2903 1134 2968 purpatur
1142 2897 1271 2969 quidem,
1278 2904 1306 2954 et
1321 2900 1526 2973 illuminatur,
1539 2907 1567 2957 et
1573 2905 1729 2973 perficitur

99 2999 331 3062 nominationem
340 2995 475 3052 existimo
484 2990 642 3049 declarare
650 2990 817 3047 absolutam
828 3003 928 3060 aarum·
982 2985 1172 3044 madmadum
1184 2986 1297 3044 dictum
1309 2994 1391 3060 est,a
1411 2991 1520 3046 diuinis
1536 2991 1729 3051 illuminatio

98 3093 178 3161 dam,
194 3094 222 3148 et
236 3087 318 3146 omrai
327 3081 463 3156 pedestri
475 3081 676 3138 minoratione
686 3078 927 3148 libcramauapo
983 3075 1085 3131 inditis
1099 3073 1155 3130 sibi
1168 3077 1297 3132 secundo
1304 3092 1362 3146 per
1372 3079 1505 3147 primam
1529 3078 1729 3139 trierarcbian

97 3197 165 3255 pen,
181 3178 326 3249 nullaque
336 3168 852 3245 tyrannicarumdissirniliiudirmm
864 3165 928 3222 ullo
979 3165 1165 3233 positionem,
1175 3168 1203 3220 et
1211 3180 1269 3234 per
1280 3166 1407 3223 mediam
1417 3167 1504 3224 iilam
1518 3170 1657 3226 secunda
1679 3185 1729 3229 mo

99 3269 184 3327 modo
195 3263 408 3324 universaliter
422 3275 486 3317 eam
497 3258 686 3327 inclinatam,
705 3255 872 3312 liberaliter
886 3269 927 3309 se·
983 3255 1094 3310 tatiane
1107 3254 1225 3311 delatis.
1244 3255 1347 3328 Itaque
1355 3271 1411 3325 per·
1420 3257 1514 3312 alium
1523 3257 1642 3315 dictum
1654 3260 1729 3317 verri

99 3373 199 3418 veram
215 3353 457 3417 dominationem,
468 3348 551 3405 omni
566 3346 720 3403 minutivae
733 3345 872 3401 servituti
881 3359 928 3399 su·
982 3342 1013 3397 in
1027 3343 1122 3399 alium
1138 3343 1277 3414 arrpelum
1293 3344 1441 3414 auditum,
1457 3344 1628 3414 symbolum
1637 3348 1729 3417 facia

95 3445 291 3518 perpositam,
305 3439 489 3510 superiorem
501 3434 678 3505 subjectioni
691 3433 782 3499 omrai,
798 3436 826 3488 et
835 3446 928 3488 remo·
984 3432 1071 3503 lonpe
1082 3448 1173 3502 super
1180 3435 1337 3503 perfecta,
1352 3438 1380 3489 et
1387 3449 1445 3503 per
1453 3436 1680 3504 processionem
1694 3454 1729 3496 oe

100 3540 162 3590 tam
176 3530 214 3588 ab
237 3531 378 3585 universa
392 3522 645 3594 dissimilitudine,
665 3527 693 3578 et
716 3519 963 3599 dominationisc
983 3520 1013 3575 in
1027 3522 1179 3593 sequentia
1184 3521 1389 3590 perfectionis.
1405 3523 1484 3578 Nam
1508 3525 1664 3592 sapientes
1678 3527 1730 3595 cin

99 3623 284 3680 incessanter
297 3619 494 3686 appetentem,
506 3618 534 3668 et
549 3612 590 3668 ad
602 3611 687 3667 iltius
702 3611 928 3680 ipsiusnatura·
982 3625 1049 3666 cras
1059 3615 1177 3667 nostras
1185 3611 1401 3667 immolationes
1414 3613 1510 3682 aiunt,
1522 3615 1730 3684 perseipsasi

102 3713 172 3772 liter
183 3706 367 3766 subsr'stentis
382 3703 501 3760 virtutis
515 3700 754 3770 similitudinem,
782 3702 927 3768 quantum
983 3703 1023 3755 tes
1033 3699 1203 3755 divmarum
1209 3699 1415 3767 plenitudines
1424 3716 1482 3770 per
1505 3701 1585 3757 alias
1605 3709 1730 3774 contem

99 3798 239 3875 possibile
264 3799 316 3864 cst,
339 3796 366 3849 et
394 3792 530 3860 seipsam,
556 3792 583 3844 et
598 3801 663 3857 quar
675 3789 742 3855 post
767 3799 832 3841 eam
846 3789 926 3856 sunt,
982 3800 1089 3842 variam
1095 3787 1364 3856 participationum
1375 3789 1730 3859 esscper·fectiores.Sice

101 3891 221 3960 optima,
236 3891 264 3942 ei
280 3883 407 3952 speciose
417 3878 664 3946 conformantem,
679 3873 720 3930 ad
730 3873 852 3929 nultum
866 3888 929 3930 una
981 3878 1063 3929 meet
1075 3874 1280 3945 anpelicorum
1290 3875 1429 3933 ordinum
1441 3876 1730 3949 imruedmtampurr

102 3976 277 4043 videntium,
290 3969 342 4026 sed
355 3967 396 4024 ad
403 3964 526 4036 propria
537 3967 564 4015 bu
575 3962 745 4030 uniuersale
757 3976 927 4018 conversam
984 3963 1090 4018 tionem
1097 3963 1198 4032 prima
1208 3962 1238 4017 in
1247 3963 1537 4053 Deumectepicrum
1543 3966 1730 4036 perfectores

102 4073 130 4126 et
144 4062 309 4122 Dominicoe
323 4069 439 4127 semper
450 4053 661 4124 deiformitatis
678 4054 709 4108 in
723 4053 930 4123 participatio-
982 4052 1229 4121 pernrcdietatem
1236 4053 1450 4124 perfectorum.
1467 4053 1696 4126 Propterquod
1704 4063 1730 4114 et

102 4172 149 4226 ne,
163 4149 324 4211 secundum
339 4145 419 4218 quad
422 4142 563 4215 possibile
571 4147 612 4199 est
621 4143 681 4213 ipsi
700 4141 929 4212 faciamesam
984 4147 1048 4198 sira
1064 4142 1246 4198 sacerdotali
1268 4142 1429 4199 traditione
1437 4143 1626 4215 perfectivae,
1648 4146 1730 4215 tucs'f

103 4245 356 4305 verosanctarum
369 4237 514 4293 virtutum
527 4232 637 4302 fortem
651 4231 823 4303 quamdam,
840 4235 868 4288 et
887 4233 931 4286 in·
981 4232 1154 4302 purpativoe
1175 4233 1299 4288 virtutes
1316 4233 1406 4301 prima
1432 4232 1602 4289 intellectus
1618 4237 1730 4293 nomin

103 4329 341 4394 commutabilem
354 4325 529 4382 virilitatem
545 4322 576 4377 in
596 4335 696 4377 omnes
710 4320 872 4377 secundum
885 4335 931 4377 ea·
985 4320 1325 4391 inferiorum,tanquom
1331 4335 1440 4390 pereas
1449 4322 1730 4396 inomniumsupen

104 4442 172 4483 rum
186 4416 418 4489 deiformitatem
433 4410 629 4483 operationes,
650 4408 691 4466 ad
704 4408 823 4464 nullam
837 4422 933 4464 susce·
986 4409 1058 4466 tiata
1064 4409 1250 4479 principium
1268 4410 1469 4478 reductorum,
1485 4416 1513 4467 ct
1533 4414 1731 4482 mysticarum

100 4516 235 4588 ptionem
255 4506 422 4563 inditarum
436 4499 650 4557 vidicinorum
673 4496 931 4554 illuminationum
985 4499 1139 4570 potionum
1149 4503 1176 4555 et
1184 4498 1439 4556 illuminationum
1448 4501 1731 4570 etperfectionumir

105 4597 295 4660 imbecilliter
307 4593 503 4661 infirmatam,
523 4592 663 4657 patenter
685 4587 716 4642 in
739 4585 932 4643 imitationem
986 4587 1341 4659 ticipaiiane‚secundum
1357 4589 1485 4658 quodeis
1496 4589 1558 4660 fas,
1570 4590 1731 4658 factorum

106 4693 162 4748 Dei
176 4688 340 4754 reductam,
352 4697 412 4737 uon
426 4680 642 4749 relinquentem
656 4676 762 4733 suimet
781 4674 934 4733 imbecilli·
986 4676 1118 4734 enimait
1132 4677 1251 4733 ornninc
1263 4674 1366 4733 divina
1385 4676 1575 4734 ordinatione
1590 4679 1731 4739 divinitu

108 4783 168 4836 talc
182 4776 355 4846 deiformem
379 4775 501 4836 matum,
517 4766 568 4823 sed
585 4767 714 4837 firmiter
735 4765 882 4836 ferentem
901 4764 933 4822 in
987 4766 1166 4838 mulpatum,
1177 4766 1343 4836 perprimo
1356 4765 1488 4824 secunda
1504 4766 1617 4824 divinis
1627 4772 1731 4838 parm

106 4860 391 4939 superessentialem,
399 4862 426 4913 et
434 4856 641 4927 potentificam
651 4847 931 4923 virtutemutipsiu's
945 4900 967 4953 D
987 4853 1268 4913 illuminationibus.
1277 4855 1412 4912 Invenies
1422 4861 1521 4912 autem
1533 4854 1589 4912 boc
1598 4862 1628 4914 et
1638 4862 1731 4919 mulir

107 4955 266 5029 imapinem
279 4948 385 5007 virtuti
396 4945 533 5012 similem,
541 4945 636 5014 juata
646 4944 726 5017 quod
735 4943 931 5014 ticet,factam
987 4943 1448 5015 tbaolopisecpr·essurn.0uando
1456 4944 1646 5005 mundivilla
1654 4955 1731 5021 etpo

109 5054 135 5108 ct
146 5044 291 5114 adipsum
301 5034 419 5110 peridem
430 5038 463 5089 ut
474 5032 933 5104 principalemvirtuiempoten·
989 5031 1263 5090 immanitaslsracl
1273 5034 1482 5103 nutritivcpra
1494 5048 1527 5092 eo
1537 5048 1628 5094 sacra
1647 5040 1731 5108 ejus.

110 5145 156 5197 ter
170 5141 364 5194 conversam:
378 5123 419 5182 ad
436 5121 567 5181 metenda
588 5135 656 5178 vero
674 5121 815 5177 virtutem
833 5119 934 5177 dando
989 5121 1731 5196 corripiens,etulciscentibus,etrmmanibusnativ

109 5228 196 5300 [dans
211 5222 248 5293 ai]
261 5215 447 5287 deiformiter
463 5211 696 5282 provenientem.
713 5208 813 5278 ipsam
835 5215 935 5266 autem
989 5212 1020 5266 in
1035 5211 1249 5280 correptionem
1264 5211 1397 5276 tradens,
1412 5212 1571 5283 crnnipena
1581 5217 1731 5282 provisor

110 5320 284 5373 sanctarum
307 5308 482 5376 potestatem
512 5301 738 5371 aequipotentem
763 5298 936 5353 divinarum
990 5301 1096 5356 melius
1107 5298 1303 5368 traductione,
1320 5306 1347 5357 ei
1362 5301 1567 5371 captivitatem
1581 5302 1716 5379 dimisit,

111 5402 357 5467 dominationum,
369 5399 395 5450 ei
408 5393 553 5448 virtutum
563 5388 633 5444 bene
642 5390 827 5458 ornatum,et
836 5386 936 5441 incon·
986 5388 1118 5457 priorem
1152 5388 1311 5445 eternenier·
1337 5389 1458 5446 reducit
1487 5389 1730 5464 beneficentiam,

111 5492 212 5561 fusam
222 5491 303 5547 circa
315 5485 432 5542 divinas
451 5479 649 5550 susceptiones
664 5477 895 5545 ordinationem,
909 5482 937 5534 et
992 5475 1195 5546 tbeclcparurn
1211 5492 1287 5532 unus
1300 5477 1464 5534 Zacbarins
1480 5493 1573 5535 urium
1590 5482 1732 5550 primori

113 5566 937 5643 ordinatumsupermundanaminternaruatispcusta-
991 5565 1137 5636 eristimc,
1163 5570 1189 5623 et
1217 5567 1298 5624 circa
1321 5568 1416 5625 Deum
1444 5569 1622 5640 anpelvrum
1644 5574 1732 5641 (carm
