3832 6044
369 150 596 217 OUAESTIONES
616 155 648 210 ΙΝ
670 151 856 210 EPISTOLAS
875 152 987 208 PAllLl.
1004 153 1088 208 -ΙΝ
1109 152 1160 208 ΕΡ.
1181 152 1228 209 Ab
1247 151 1329 209 ROll.
1652 153 1704 210 466

81 275 99 330 ιι
110 271 194 346 quod
212 271 317 329 eadem
332 277 385 340 est,
401 274 512 346 quibus
526 274 626 331 obviat
639 276 863 344 AugustinnsA
913 276 1042 340 Οιιιιειιο
1066 277 1172 331 cxxxi.
1206 275 1403 332 Reconcittatz'
1432 289 1532 331 sumas
1559 276 1619 332 Deo
1647 290 1706 346 per

99 359 201 417 locum
215 375 369 433 exponens
390 366 417 417 ει
430 362 541 428 dicens,
558 363 641 436 qnod
664 363 711 418 hie
726 362 823 432 agitur
845 362 848 367 ’
876 369 1000 420 mortem
1013 363 1088 420 Fr'tit'
1098 354 1172 433 ejice}
1188 363 1334 428 Quaeritur
1344 363 1498 437 quomodo
1509 364 1565 420 hoc
1578 363 1705 420 verbum

81 450 199 518 aritate,
220 467 281 523 qua
296 465 351 506 nos
366 451 518 520 diligimus
546 454 650 519 Deum,
665 451 756 509 veluti
771 452 821 520 ibi,
877 450 914 507 sit
928 451 1162 522 intelligendum.
1174 452 1314 524 Nunquid
1326 456 1394 509 ante
1404 456 1530 509 mortem
1543 451 1706 508 nobistan-
1751 496 1756 501 .

85 539 220 597 charitas
230 545 272 597 εει
292 540 321 612 (I
332 541 420 597 Joua.
439 545 488 608 rr),
514 541 611 612 agitur
625 542 662 597 de
682 541 824 599 charitate
877 557 970 614 quam
984 541 1190 615 peecatoribus
1211 545 1275 598 erat
1287 541 1388 607 iratus,
1402 542 1488 612 juxta
1499 540 1592 598 illud:
1611 542 1708 600 Odisti

81 644 124 687 ιοε
138 629 234 699 diligit
246 632 323 685 Deus
339 647 345 684 ε
370 629 453 702 quod
468 630 661 699 condiceret,
679 630 703 687 si
717 631 823 688 eadem
877 647 986 703 cmiter,
999 633 1053 703 cut
1063 636 1228 702 operantur
1239 631 1426 702 iniquitatem
1443 632 1537 695 (Psct.
1551 631 1597 702 ι);
1613 636 1642 687 ει
1651 647 1705 705 ρει

105 721 178 775 Item
201 717 272 774 alibi
295 718 388 774 dicit:
415 719 593 777 Charitatem
611 736 685 777 voco
707 724 824 779 motum
877 724 1004 778 mortem
1024 720 1084 778 Filii
1098 720 1134 775 sit
1145 719 1232 776 nobis
1251 717 1396 791 placatus,
1412 725 1441 776 et
1459 721 1549 793 coepit
1561 725 1632 777 tunc
1647 721 1705 794 pri-

81 810 100 864 ἐ
112 808 153 865 ad
174 808 366 879 diligendum,
376 812 469 865 ileum
484 815 607 882 propter
621 828 663 876 se,
683 816 712 867 et
726 811 824 884 proxi·
876 826 961 866 mum
974 810 1100 866 amare?
1122 809 1180 866 Sed
1191 808 1216 864 si
1229 809 1287 864 hoc
1302 812 1354 876 est,
1368 810 1523 881 quomodo
1547 810 1634 880 clegit
1648 827 1704 866 nos

88 902 211 972 propter
225 901 328 955 Deum,
345 901 423 954 bens
437 915 498 956 ιιοιι
513 904 557 956 εει
570 905 679 967 motus,
696 898 766 971 ergo
780 903 824 957 est
876 905 944 956 ante
957 898 1063 955 mundi
1075 896 1337 954 constitutionem?
1349 895 1489 968 Nunquid
1503 913 1564 952 non
1579 898 1704 967 diligens

81 990 131 1055 tas,
151 1002 219 1060 qiua
241 1002 304 1043 non
324 991 366 1043 est
384 990 470 1045 Deus.
491 991 562 1045 ttem
582 988 710 1044 charitas
727 992 824 1061 potest
876 987 986 1058 elegit;
1012 986 1058 1043 vel
1071 985 1226 1060 quomodo
1247 1001 1309 1042 non
1323 984 1457 1059 placatus
1469 1000 1524 1058 pro
1546 985 1634 1041 nobis
1647 991 1705 1042 tra-

81 1075 95 1130 ί
104 1078 134 1131 ει
151 1074 257 1142 minui,
274 1078 351 1131 neus
370 1081 471 1133 autem
486 1091 548 1133 non
563 1081 669 1149 potest,
694 1092 765 1146 ergo
779 1081 824 1134 εει
876 1077 951 1135 didit
965 1076 1096 1134 Filium?
1123 1076 1244 1135 Salutio.
1268 1080 1313 1134 tra
1334 1075 1385 1132 Dei
1408 1075 1514 1132 dicitur
1535 1091 1596 1131 non
1611 1075 1704 1132 animi

81 1169 131 1232 tas,
146 1180 215 1237 quar
229 1179 290 1221 non
304 1168 349 1221 est
363 1167 450 1222 Deus.
470 1168 519 1222 Est
532 1166 633 1239 itaque
647 1165 771 1223 tirmiter
783 1169 823 1223 te·
876 1166 986 1239 passio,
1003 1167 1055 1223 sed
1067 1165 1198 1223 vindicta
1208 1167 1298 1238 justa,
1324 1170 1352 1222 et
1365 1181 1434 1221 oum
1449 1163 1514 1222 talis
1528 1165 1572 1220 ira
1590 1164 1702 1234 finitur,

81 1269 128 1311 rm
145 1253 229 1326 quod
242 1269 354 1311 nomen
375 1254 527 1312 charitatis
549 1255 701 1327 aequivoce
716 1254 823 1313 dicitur
875 1256 958 1329 quod
971 1255 1082 1312 lactum
1098 1260 1141 1312 est
1155 1271 1208 1329 per
1228 1260 1356 1312 mortem
1370 1254 1484 1322 Christi,
1507 1257 1584 1310 Deus
1597 1255 1703 1311 dieitur

81 1357 115 1409 o,
130 1357 201 1398 cum
215 1341 322 1398 dieitur
334 1346 411 1399 bens
437 1342 565 1400 charitas
578 1347 631 1409 est,
648 1347 676 1399 ct
696 1342 734 1399 de
748 1359 822 1415 qua-
874 1344 962 1400 nobis
976 1344 1098 1419 placari,
1117 1349 1214 1402 etuas
1235 1345 1262 1402 ei
1282 1343 1466 1402 reconciliari
1483 1361 1489 1411 ;
1513 1359 1568 1400 nec
1591 1347 1701 1412 tamen,

81 1429 194 1498 virtute,
210 1447 280 1487 oum
294 1431 411 1498 dicitur,
426 1432 568 1506 quiedam
587 1432 681 1487 virtus
696 1437 740 1488 est
754 1432 822 1488 cha·
875 1433 947 1506 quia
960 1434 1162 1491 reconciliavit
1173 1434 1303 1503 amavit,
1317 1434 1369 1489 sed
1381 1433 1453 1507 quia
1464 1433 1586 1501 amavit,
1599 1449 1702 1488 recon-

86 1519 136 1577 vcl
149 1520 278 1577 charitas
292 1520 343 1576 bei
364 1521 474 1578 diffusa
497 1520 584 1577 estin
599 1520 740 1578 cordibus
754 1537 822 1577 nos·
875 1521 993 1579 ciliavit.
1008 1526 1047 1579 lle
1058 1523 1239 1594 justitiailla,
1256 1539 1317 1596 qna
1332 1523 1463 1580 Christus
1472 1521 1551 1590 vicit,
1566 1524 1702 1596 superius

81 1608 232 1680 Apostolus
244 1608 352 1666 Paulus
367 1608 426 1665 lere
437 1609 550 1682 ubique
562 1610 620 1666 hoc
634 1609 757 1666 nomine
772 1609 821 1664 de·
840 1623 860 1678 g
875 1611 1053 1681 dictumest,
1068 1612 1146 1669 etde
1161 1612 1253 1668 modo
1268 1612 1490 1686 redemptionis
1515 1617 1573 1670 Nec
1586 1614 1703 1686 oportet

81 1695 252 1761 turtulam,
279 1714 347 1771 quie
365 1700 441 1754 licus
460 1713 522 1754 non
546 1703 600 1766 est,
625 1697 678 1754 sed
700 1700 820 1754 exneo.
875 1705 941 1757 acta
956 1715 1043 1771 agero
1058 1720 1064 1756 :
1082 1704 1197 1757 tantum
1220 1701 1313 1758 verba
1333 1700 1490 1772 Augustini
1510 1701 1702 1776 breviterpo

81 1798 121 1841 ιεε
131 1785 239 1843 eodem
247 1786 368 1843 nomine
379 1788 527 1857 significat
537 1788 637 1859 ipsum
650 1789 821 1843 Deumlloc
875 1791 994 1856 nantur,
1010 1787 1121 1860 quibus
1146 1803 1214 1844 eam
1229 1787 1317 1861 plane
1340 1788 1487 1861 exprimit.
1508 1789 1554 1845 Ait
1578 1788 1699 1862 itaque:

81 1873 191 1946 rquod
214 1875 396 1943 Augustinus
419 1875 489 1932 dicit
511 1876 594 1948 quod
617 1876 745 1932 charitas
765 1874 822 1932 lra-
875 1881 941 1934 Haec
956 1877 1131 1949 estjustltia,
1145 1893 1207 1951 qua
1222 1877 1353 1935 Christus
1365 1877 1435 1934 vicit
1457 1877 1621 1934 danorum.
1636 1878 1702 1935 bia-

81 2005 85 2028 ,
100 1978 162 2036 qua
177 1962 328 2033 diligimus
351 1963 489 2031 invicem,
512 1970 557 2020 est
572 1968 658 2021 Deus.
683 1964 822 2021 Concedi—
874 1968 962 2023 bolus
976 1972 1093 2024 amator
1106 1968 1256 2041 potentiae,
1270 1971 1299 2024 ct
1318 1966 1450 2022 desertor
1459 1965 1589 2037 justitiae,
1607 1966 1702 2022 Chris-

84 2050 218 2109 dicantes
233 2053 315 2125 qnod
339 2057 415 2110 lteris
430 2054 558 2110 charitas
580 2053 651 2111 lacit
664 2070 719 2111 nos
731 2055 821 2111 etiarn
875 2062 949 2126 tum,
971 2055 1002 2113 in
1016 2073 1078 2130 quo
1098 2054 1172 2112 nihil
1193 2056 1320 2127 dignum
1340 2059 1435 2111 morte
1447 2054 1569 2124 invenit,
1583 2053 1701 2111 occidit.

83 2155 114 2197 ra
130 2140 269 2209 invicem,
286 2142 340 2198 sed
358 2143 500 2199 charitate
520 2143 680 2212 mediante,
694 2143 770 2200 sicut
781 2142 822 2200 la·
877 2145 957 2202 Unde
969 2146 1085 2218 Justum
1100 2150 1145 2203 cst
1156 2150 1188 2202 ut
1199 2144 1240 2201 illi
1252 2161 1329 2218 quos
1346 2143 1464 2200 tenebat
1479 2142 1565 2200 liberi
1575 2142 1702 2201 dimitte-

81 2247 100 2286 »s
114 2229 234 2286 erodere
245 2230 304 2287 fide
316 2231 482 2299 mediantc3
498 2248 515 2288 a
529 2249 590 2304 quo
606 2231 737 2288 enimcst
746 2232 821 2288 tides
874 2240 985 2304 ιειιιιιι,
1000 2235 1153 2292 credentes
1167 2235 1198 2291 iu
1210 2233 1270 2303 illo,
1287 2232 1339 2307 qui
1354 2232 1416 2289 sinc
1429 2232 1490 2288 ullo
1500 2231 1606 2289 merito
1620 2232 1701 2290 malo

81 2319 160 2377 ιιειιι
182 2324 226 2376 εει
250 2321 388 2388 charitas
413 2325 444 2376 ut
459 2321 531 2377 dicit
553 2325 746 2392 Augustinus.
764 2321 822 2379 Sed
875 2323 991 2380 occisus
1004 2328 1056 2380 est.
1073 2322 1170 2380 Noluit
1181 2322 1282 2395 itaque
1301 2325 1404 2378 contra
1418 2324 1583 2377 amatorem
1599 2325 1703 2394 poten·

81 2413 131 2466 tur
146 2428 153 2465 ι
168 2412 246 2465 bens
261 2410 391 2466 charitns
406 2410 491 2466 estin
506 2410 604 2478 ιιοίιίε,
616 2415 644 2466 ει
653 2411 743 2468 ειίειιι
754 2412 822 2468 cha·
875 2413 922 2470 tiae
937 2410 980 2469 uti
994 2411 1136 2486 potentia,
1150 2411 1203 2467 sed
1216 2415 1319 2467 contra
1330 2410 1512 2466 desertorem
1523 2408 1641 2480 justitiae
1650 2425 1703 2465 vo·

85 2514 153 2573 quar
169 2499 337 2569 estvirtus3
357 2516 429 2570 ergo
444 2500 511 2557 duae
533 2501 690 2557 charitates
711 2501 821 2558 suntin
874 2500 929 2558 luit
941 2501 983 2557 ιιιί
993 2499 1114 2572 justitia,
1138 2503 1171 2556 ut
1191 2516 1246 2556 nos
1271 2498 1446 2556 informaret
1457 2497 1584 2571 qualiter
1599 2501 1703 2554 contra

83 2629 91 2656 ‚
114 2588 160 2644 vel
184 2588 304 2644 duabus
326 2589 520 2646 charitatibus
540 2589 691 2659 diligimus
716 2593 820 2647 boum.
876 2591 1017 2647 eumdem
1040 2590 1156 2645 hostem
1172 2588 1258 2645 nohis
1273 2588 1309 2645 sit
1327 2588 1527 2660 pugnandum
1544 2604 1551 2655 ;
1568 2585 1704 2643 videlieet

81 2675 116 2733 io.
131 2680 196 2734 Non
218 2677 286 2734 ideo
301 2678 368 2735 (lure
385 2683 462 2734 sunt.
481 2678 561 2735 Sicut
584 2678 629 2735 sol
645 2695 700 2735 nos
715 2678 822 2734 illumi·
876 2680 937 2736 no‘n
962 2677 1104 2753 potentia,
1130 2676 1182 2732 sed
1205 2677 1303 2751 potius
1321 2675 1444 2747 justitia,
1465 2679 1494 2732 et
1515 2674 1556 2731 sic
1577 2673 1703 2731 victores

81 2768 200 2829 :radius
215 2769 295 2836 solis,
316 2784 388 2838 ergo
409 2769 470 2824 duo
482 2785 538 2825 uos
557 2769 736 2837 illuminant,
759 2785 822 2826 non
875 2769 996 2825 erimus.

81 2860 137 2925 tur,
150 2857 223 2930 quia
248 2858 305 2914 hoc
329 2862 406 2914 esset
427 2873 573 2924 seorsum,
591 2862 620 2915 et
638 2858 819 2930 separatim:
911 2860 1040 2925 Qnssno
1054 2859 1171 2915 CXXth.
1187 2845 1352 2927 Propterea
1366 2856 1443 2912 strat
1453 2870 1509 2926 per
1521 2871 1625 2922 unum,
1647 2858 1704 2912 etc.

81 2943 129 3002 ιίιιι
141 2947 338 3018 portellium,
355 2950 383 3002 ει
405 2949 481 3002 lteus
494 2961 548 3019 per
569 2946 743 3005 charitatem
765 2946 821 3003 vir·
837 2975 857 3029 C
877 2947 1022 3014 Quaeritur
1033 2947 1233 3019 quarepotius
1243 2946 1322 3002 dicat
1332 2961 1385 3019 per
1396 2960 1493 3001 unum
1504 2945 1603 3001 virum
1610 2959 1706 3018 quam

81 3048 152 3088 ιιιοε
167 3032 314 3091 illuminat
326 3034 387 3091 sive
399 3034 534 3091 illustrat.
875 3053 1037 3111 perunum
1061 3036 1216 3093 mulierem
1238 3036 1363 3093 intrasse
1386 3040 1544 3108 peccatum
1568 3035 1598 3090 ίιι
1619 3050 1706 3090 mnn-

81 3136 163 3177 εειιο
178 3123 308 3179 cxxviii.
324 3127 395 3180 ltem
408 3122 551 3195 quieritur
560 3138 600 3180 an
613 3122 706 3180 semel
720 3124 822 3181 habita
876 3127 960 3196 dum,
975 3143 1045 3183 cum
1057 3124 1171 3199 pcccati
1185 3124 1303 3181 initium
1317 3123 1404 3179 fuerit
1417 3123 1517 3196 potius
1534 3123 1566 3179 in
1580 3122 1705 3178 muliere

81 3213 125 3265 tas
145 3210 238 3282 possit
261 3211 385 3268 amitti?
412 3214 444 3267 Et
463 3211 568 3268 (ίίειιιιι
587 3212 713 3285 quidam
739 3213 822 3286 quod
876 3233 969 3291 quam
983 3215 1120 3273 inviro?
1144 3214 1264 3271 Soluti0.
1281 3211 1615 3271 (tonsuetudinistcnuit
1629 3211 1706 3268 ordi·

81 3303 175 3368 soleat,
189 3301 260 3373 quia
275 3301 497 3373 scriptumest:
516 3301 822 3373 Charitaanunquam
877 3323 956 3373 nem,
973 3310 1005 3361 ut
1026 3304 1209 3374 Augustinus
1232 3302 1312 3370 dicit,
1338 3301 1410 3374 quia
1431 3301 1587 3375 posteritas
1611 3317 1707 3358 nona

82 3388 148 3460 itt!
159 3389 228 3447 Cor.
246 3390 315 3461 ιιιι).
340 3389 452 3446 Salutio
467 3408 473 3446 :
497 3393 557 3446 Hoc
579 3390 693 3453 dictum
717 3395 761 3448 cst
785 3391 822 3447 da
876 3392 1280 3463 muliere,sedavi1·osolet
1301 3391 1460 3447 nominari.
1484 3391 1535 3447 Vel
1554 3390 1621 3446 idco
1634 3391 1707 3464 quia

81 3481 123 3535 eta
135 3477 286 3546 charitate,
307 3478 354 3535 vel
365 3478 434 3536 ideo
454 3479 568 3536 dictum
587 3484 640 3548 est,
656 3480 739 3552 qnod
754 3481 823 3537 cha·
876 3485 921 3542 vir
935 3488 963 3540 et
977 3482 1084 3539 mulier
1096 3498 1157 3538 una
1169 3485 1316 3538 carosnnt
1330 3499 1337 3550 ;
1350 3479 1478 3552 ideoque
1486 3479 1634 3553 quidquid
1646 3479 1708 3536 lae-

81 3581 233 3639 nunquam
248 3568 366 3636 excidit,
379 3567 451 3641 quia
464 3569 592 3626 habetur
603 3568 781 3643 inpraesenti
795 3575 824 3628 et
878 3581 940 3630 tum
955 3575 999 3629 est
1013 3571 1052 3628 ab
1067 3571 1117 3628 illo
1129 3571 1177 3627 vel
1190 3568 1249 3637 illa,
1266 3570 1306 3626 ad
1324 3568 1457 3643 primum
1468 3569 1623 3626 hominem
1635 3569 1708 3626 dici-

81 3671 146 3714 uro.
562 3675 565 3681 ’
579 3690 581 3692 ·
877 3670 924 3721 tur
935 3662 1092 3738 pertinere.
1106 3662 1156 3717 Vel
1171 3660 1264 3729 aliter,
1281 3660 1304 3715 si
1319 3659 1362 3716 vir
1376 3675 1439 3717 non
1446 3662 1608 3733 peccasset,
1622 3659 1706 3716 sorsi-

81 3769 161 3810 rrsrro
183 3757 289 3812 cxxix.
317 3755 450 3812 Charitas
474 3761 519 3812 est
541 3755 676 3813 tonsilla
701 3758 823 3831 dequo
876 3758 927 3810 tan
942 3751 1031 3809 aliam
1047 3750 1160 3807 sociam
1173 3749 1199 3806 ei
1213 3748 1392 3823 providisset
1413 3750 1500 3815 Βειιε,
1525 3748 1563 3803 de
1588 3764 1650 3820 qua
1663 3746 1707 3803 in·

81 3858 105 3899 ιι
125 3846 198 3898 est:
229 3845 304 3898 Fons
326 3859 413 3916 aquas
445 3850 502 3900 tuae
529 3845 566 3901 sit
591 3845 642 3902 tibi
672 3847 821 3920 proprius,
876 3845 1027 3911 ιιοεειιιεε,
1043 3845 1072 3898 et
1084 3840 1139 3896 sihi
1163 3839 1331 3897 conformes
1353 3837 1513 3908 genuisset,
1529 3836 1577 3893 vel
1599 3837 1705 3894 merito

81 3931 311 3989 ncommunicet
322 3932 375 3988 tibi
390 3932 514 3990 ahenas.
532 3935 677 3999 Quaritur
689 3936 739 4009 qui
754 3941 824 3993 sunt
875 3932 969 4005 ipsius
982 3935 1105 4005 peccata
1119 3929 1221 3986 ιιιοιίε
1234 3927 1395 3984 dimisisset
1411 3946 1417 3996 ;
1441 3926 1493 3982 scd
1506 3926 1578 4001 quia
1600 3942 1706 4000 pecca-

83 4020 161 4089 ,nisi
175 4020 305 4092 reprobi,
319 4025 348 4078 et
360 4022 491 4094 quisunt
503 4023 651 4079 audituri:
667 4025 721 4095 lte,
733 4026 823 4082 ειειε-
876 4022 926 4089 vit,
940 4038 994 4095 per
1005 4022 1106 4095 ipsum
1120 4035 1181 4076 non
1204 4017 1350 4074 immerito
1365 4022 1523 4091 peccatum
1534 4016 1659 4074 intrasse
1673 4017 1705 4074 in

97 4110 131 4166 in
156 4111 254 4180 ignem
278 4115 422 4167 aeterium
444 4109 563 4180 (natat.
589 4111 666 4184 xxv),
691 4117 746 4169 etc.
764 4114 822 4170 Sed
876 4111 1025 4167 mundum
1040 4109 1157 4167 dicitur.

89 4197 128 4255 de
140 4213 267 4254 numero
279 4197 384 4254 talium
395 4197 523 4268 diligrmt
545 4199 584 4255 ad
597 4203 725 4272 tempus,
740 4205 769 4257 ει
779 4201 820 4256 είε
912 4203 1039 4267 Ουιςειιο
1060 4200 1190 4257 cxxxnt.
1206 4201 1278 4253 ιιειιι
1292 4196 1435 4270 quaritur
1457 4213 1510 4252 cur
1529 4213 1583 4269 ρει
1609 4197 1706 4255 ίιοιιιί-

89 4284 128 4341 ιίε
142 4285 222 4342 fonte
248 4287 306 4342 hoc
320 4288 554 4345 communicant.
582 4286 703 4345 Salutio.
725 4288 857 4382 Alieni„
876 4305 946 4345 nem
965 4293 994 4346 ει
1011 4304 1073 4345 ιιοιι
1092 4303 1145 4361 ρει
1164 4283 1320 4342 diabolum
1334 4283 1451 4340 dicatur
1462 4284 1587 4341 intrasse
1600 4302 1704 4358 peeca-

82 4376 131 4429 tur
143 4375 310 4432 secundum
320 4375 547 4447 praescientiam,
561 4375 819 4447 dequibusmodo
875 4384 949 4445 tum,
966 4394 1035 4434 eum
1050 4376 1132 4451 prius
1145 4373 1274 4432 fueritin
1294 4371 1354 4439 illo,
1369 4377 1396 4428 ct
1414 4387 1468 4444 per
1480 4371 1564 4428 illum
1576 4372 1704 4429 intrave-

81 4462 217 4535 bquitur,
242 4464 294 4520 sed
319 4465 485 4521 secundum
507 4467 683 4538 praesentem
707 4461 819 4534 injusti·
874 4469 911 4524 rit
923 4467 1012 4524 etiam
1024 4467 1056 4522 in
1068 4465 1199 4538 primum
1209 4462 1373 4530 hominem,
1384 4460 1463 4518 unde
1475 4460 1618 4534 seriptum
1632 4466 1677 4519 est
1693 4480 1700 4518 ε

86 4566 193 4608 οιιιιιεε
208 4552 316 4612 scilieet
338 4555 390 4628 qui
413 4570 474 4610 ιιοιι
488 4553 615 4623 diligunt
632 4552 734 4620 modo,
757 4551 819 4609 sive
872 4556 993 4614 Invidia
1007 4555 1121 4611 diaboti
1134 4568 1212 4608 mors
1224 4549 1344 4607 intravit
1357 4550 1388 4607 in
1402 4549 1552 4606 mundum
1567 4551 1647 4624 (sap.
1659 4551 1699 4624 ιι).

81 4637 156 4707 ίεειί,
170 4639 231 4697 sive
243 4657 314 4709 non,
331 4643 404 4698 ethi
419 4642 504 4700 utsic
519 4657 580 4698 non
596 4641 820 4699 communicant
873 4645 994 4705 solutio.
1007 4642 1097 4700 Aliter
1114 4658 1168 4716 ρει
1186 4640 1351 4708 diabolum,
1377 4639 1461 4698 aliter
1481 4656 1535 4714 per
1546 4641 1701 4699 hominem

81 4728 252 4787 dilectionis.
871 4738 1028 4809 peecatum
1046 4730 1174 4788 intravit.
1196 4729 1264 4788 Sola
1287 4730 1368 4787 enim
1391 4729 1565 4800 imitatione,
1588 4736 1617 4789 et
1639 4748 1701 4790 non

81 4842 159 4886 asaro
181 4831 274 4886 CXXX.
292 4829 450 4895 Quomodo
472 4830 529 4884 hoo
543 4828 579 4884 sit
592 4845 707 4895 verum,
734 4829 817 4902 quod
870 4821 1084 4899 propagatione
1100 4836 1154 4894 per
1174 4820 1340 4877 diabolum.
1361 4823 1425 4878 Non
1440 4820 1505 4878 sola
1524 4820 1698 4892 imitatione,

81 4934 119 4975 r:
147 4918 283 4974 Christus
299 4925 433 4975 rncrtuaa
455 4924 498 4975 est
508 4933 567 4989 pro
591 4919 697 4988 impiis.
715 4919 817 4973 Nonne
870 4916 923 4973 scd
949 4914 1039 4972 etiam
1066 4912 1281 4986 propagatione
1307 4911 1426 4971 intravit
1453 4929 1508 4987 per
1533 4913 1698 4973 hominem.

81 5005 115 5063 lis
129 5010 246 5063 tauhun
258 5012 394 5063 mortuus
409 5011 452 5062 εει
473 5005 613 5074 Christus,
628 5005 738 5080 quibus
762 5021 818 5061 sua
871 5004 1031 5062 Sciendum
1041 5001 1263 5073 estPelagianos
1270 5000 1380 5059 dixisse
1388 5001 1533 5071 originale
1540 5006 1698 5075 peecatum

81 5094 204 5168 prodest
219 5096 233 5151 ‘t
246 5095 299 5152 sed
312 5112 373 5151 non
383 5095 506 5168 prodest
519 5094 575 5150 nisi
589 5093 655 5166 piis,
669 5109 740 5164 ergo
761 5108 817 5166 pro
869 5093 933 5150 sola
943 5091 1106 5148 imitatione
1127 5095 1155 5148 ct
1168 5106 1230 5148 non
1253 5091 1470 5165 propagatione
1492 5089 1618 5145 intrasse
1644 5103 1698 5159 per
1788 5093 1791 5099 '

81 5189 177 5242 mlum
192 5189 327 5242 mortuns
343 5190 395 5242 est.
410 5184 529 5240 Videtur
543 5183 816 5257 itaqne‚qnodnon
868 5182 965 5239 Adam
981 5181 1120 5256 :quodsi
1141 5184 1348 5247 verumesset‚
1370 5195 1432 5235 non
1454 5177 1617 5242 hominem,
1644 5174 1697 5231 sed

81 5273 155 5349 aptis
180 5280 317 5331 mortuus
341 5274 385 5330 sit.
410 5272 531 5332 solutio.
555 5275 683 5329 Mortuus
705 5279 748 5331 est
761 5290 816 5348 pro
869 5271 1024 5329 diabolum
1038 5270 1152 5345 peccati
1167 5272 1320 5326 auctorem
1338 5267 1482 5323 dixisset:
1503 5263 1584 5320 unde
1604 5264 1696 5321 etiam

81 5380 97 5431 ι,
110 5362 142 5420 id
154 5367 199 5420 est
210 5378 265 5435 pro
277 5361 433 5419 dilectione
448 5378 553 5418 eorum
574 5360 720 5435 quiprius
733 5368 817 5421 erant
868 5362 1018 5431 dicebant,
1042 5361 1125 5435 quod
1146 5359 1178 5415 in
1199 5357 1350 5429 baptismo
1372 5353 1515 5423 originale
1536 5357 1695 5427 peecatum

95 5457 124 5510 ει
137 5469 191 5526 per
202 5451 295 5509 fidem
310 5451 378 5510 tacti
394 5457 463 5509 sunt
483 5452 534 5525 pii,
550 5452 633 5508 etita
653 5468 759 5509 rerum
774 5457 817 5510 est
868 5451 1000 5526 parvulis
1020 5465 1081 5506 non
1102 5446 1266 5512 dimittitur,
1290 5442 1362 5518 quia
1389 5441 1565 5512 secundum,
1592 5461 1644 5501 eos
1664 5444 1695 5503 in

81 5558 165 5600 mors
187 5542 292 5600 Christi
314 5543 392 5600 sacta
418 5559 476 5615 pro
488 5543 587 5615 impiis
606 5546 659 5611 εει,
687 5547 715 5600 ει
734 5543 817 5615 qnod
869 5539 1059 5597 nascentlbus
1082 5535 1198 5593 nullum
1214 5533 1418 5591 contrahitur:
1441 5533 1494 5589 sed
1506 5533 1581 5590 fides
1596 5537 1697 5594 catho-

82 5632 185 5690 rodest
196 5632 253 5689 nisi
265 5632 331 5706 piis.
867 5629 926 5696 lica
934 5630 991 5687 hoc
1004 5643 1066 5685 non
1077 5630 1164 5696 tenet,
1176 5624 1293 5690 sedhoe
1305 5622 1457 5699 praedicat,
1466 5623 1523 5683 hoc
1537 5624 1694 5701 Scriptura
