3832 6044
54 113 108 169 353
340 127 343 131 ’
723 107 896 166 ΑΒΝΟΤΑΤ.
915 108 950 166 ΙΝ
967 106 1109 167 JOELEM.
1721 120 1774 180 354

55 234 150 307 gellis,
166 231 328 291 defecatur
350 231 437 300 vitiis,
462 233 610 308 eliquatur
622 233 662 291 ab
685 232 761 291 otiis.
783 233 890 290 Pronu-
908 233 1041 308 Aponat
1055 234 1209 305 sarcinas;
1232 242 1380 311 exspectet
1394 239 1490 296 donec
1513 241 1712 300 ascendamus
1735 246 1775 303 ad

56 330 104 382 tur
126 322 336 391 acalamitate,
351 321 513 379 ‹leiaeeatur
538 324 577 380 ab
590 322 755 397 iniquitate,
779 321 891 396 eliqua-

945 327 1090 392 montem,
1115 329 1142 381 et
1166 331 1329 399 postquam
1349 327 1574 386 adoraverimus
1595 335 1776 389 revertemur
1833 314 1835 318 ⁵

56 418 104 471 tur
119 429 137 469 a
150 412 292 469 vanitate.
309 411 380 468 ilinc
395 427 528 486 namque
543 411 656 468 elicitur
664 410 791 482 gemitus
805 428 890 487 purae
945 413 1099 487 adipsum
1116 419 1163 484 ;et
1172 415 1277 472 videns
1291 418 1425 491 requiem
1439 419 1511 492 quia
1521 423 1565 477 est
1576 419 1667 490 bona,
1683 424 1711 477 et
1721 425 1776 478 ter·

56 500 263 569 confessionis,
279 500 348 557 hine
363 499 461 556 rurant
479 499 620 572 lacryma
635 500 731 559 anxiae
746 516 891 574 compun-

56 591 173 658 ctionis,
188 590 258 647 hino
269 593 395 647 manant
409 589 536 658 suspiria
549 590 691 662 jucundas
712 590 889 659 devotionis,

56 681 127 738 hino
149 679 308 755 liquefiunt
332 679 480 736 desideria
503 678 688 735 suavissimae
714 679 888 749 dilectionis,

55 767 128 823 hinc
140 765 298 823 eliciuntur
313 763 460 822 stiltichha
473 763 689 837 limpidissimae
707 765 890 838 contempla-

56 855 156 913 tionis.
174 857 368 912 Frumentum
386 858 430 910 est
446 853 587 927 perfectio
608 853 728 924 Justilire
746 873 753 924 ;
774 854 889 922 vinum,

944 520 1011 560 ram
1039 503 1111 577 quia
1138 504 1262 579 optima,
1287 512 1439 580 supponat
1461 508 1621 566 humerum
1647 510 1687 567 ad
1709 525 1777 584 por-

944 593 1081 650 tandum.
1109 592 1190 651 liical
1204 593 1288 662 mihi,
1304 593 1440 668 inquam,
1465 595 1517 653 ubi
1534 597 1678 654 Dominus
1692 598 1776 672 spiri·

945 685 1008 739 tum
1037 681 1196 751 effuderit;
1225 682 1314 751 dieat,
1351 684 1402 740 uhi
1434 686 1615 759 prophetias,
1648 687 1775 756 somnia,

944 769 1083 839 visiones,
1109 770 1170 840 filii,
1197 787 1292 839 senes,
1315 772 1440 843 juvenes
1467 774 1603 833 viderint.
1631 776 1687 834 Sed
1704 775 1777 849 quia

944 859 1008 916 haee
1031 861 1249 933 quoquomodo
1273 860 1407 933 evolvere
1428 862 1544 934 poterit,
1569 863 1649 920 ‹lical
1671 865 1777 922 saltem

58 943 177 1001 claritas
198 941 358 1017 spiritualis
380 941 731 1012 intelligentiae301eum,
759 943 890 1000 suavitas
945 947 997 1004 ubi
1012 948 1199 1018 sanguinem,
1225 948 1326 1019 ignem
1341 952 1369 1005 et
1389 965 1534 1022 vaporem
1559 951 1702 1008 Dominus
1725 953 1777 1010 de-

57 1031 228 1108 purissimre
244 1031 442 1089 conscientiae.
469 1031 606 1106 Sequitur
623 1051 628 1088 :
647 1035 679 1088 lit
700 1031 826 1089 reddam
839 1047 890 1088 vo·
945 1037 1029 1106 derit,
1059 1037 1110 1093 ubi
1138 1037 1183 1094 sol
1216 1054 1321 1095 versus
1344 1039 1376 1095 in
1408 1040 1557 1108 tenebras,
1590 1044 1618 1096 et
1647 1039 1720 1099 luna
1745 1041 1777 1098 in

56 1124 104 1180 bis
127 1139 233 1191 annos
248 1137 326 1196 quos
341 1121 470 1178 comedit
483 1121 609 1190 locusta,
634 1125 689 1179 etc.
713 1126 745 1178 ln
759 1122 891 1179 adventu
946 1125 1123 1197 sanguinem
1137 1131 1261 1185 mutata.
1279 1130 1311 1185 Et
1325 1143 1394 1184 eum
1407 1128 1563 1185 ostendere
1578 1144 1640 1185 non
1658 1129 1775 1202 poterit,

58 1212 210 1286 alquidem
227 1211 331 1271 Christi
346 1211 434 1268 nobis
455 1211 705 1269 1·cddunt1n·anni
718 1227 795 1284 quos
817 1227 890 1284 prse-
944 1220 1048 1286 regnet
1062 1215 1168 1273 Christi
1182 1216 1326 1290 sapientia
1341 1233 1359 1274 a
1372 1217 1440 1273 filiis
1464 1216 1525 1274 suis
1547 1216 1720 1289 glorificata.
1737 1220 1777 1274 lic

58 1303 119 1360 lata
134 1302 226 1375 pestis
245 1301 441 1358 devoraverat
458 1319 464 1368 ;
481 1300 552 1374 quia
576 1300 608 1357 in
622 1317 657 1357 eo
681 1300 769 1358 nobis
788 1305 891 1357 contra
946 1304 1078 1361 adventu
1112 1303 1201 1376 igitur
1232 1305 1337 1363 Christi
1369 1322 1500 1379 praesens
1530 1305 1626 1364 littera
1657 1307 1777 1382 proprie

57 1391 219 1459 locustam,
235 1405 339 1468 veram
353 1388 435 1447 dedit
452 1388 660 1456 humilitatem,
681 1389 783 1447 dicens
800 1407 806 1445 ε
826 1391 892 1445 Dis·
946 1393 1138 1465 intelligitur3
1163 1394 1200 1451 de
1229 1395 1371 1452 missione
1397 1394 1520 1469 Spiritus
1544 1396 1686 1470 paracleti
1708 1412 1778 1471 pro·

58 1482 115 1538 rite
129 1496 149 1539 a
162 1496 218 1548 me,
230 1481 301 1552 qnia
315 1481 395 1536 initis
409 1495 486 1551 sam,
495 1484 522 1545 et
538 1477 659 1535 inmites
670 1479 758 1536 corne
770 1479 890 1552 (Marta.
947 1483 1047 1557 phetia
1061 1483 1163 1540 clausa
1178 1484 1218 1540 ad
1232 1484 1381 1559 liquidum
1396 1485 1526 1543 solvitur.
1543 1486 1599 1543 Sed
1612 1485 1777 1543 videndum

58 1571 109 1643 m).
126 1572 235 1628 Contra
248 1568 410 1637 bruchum,
435 1567 598 1642 perfectam
623 1567 822 1637 sobrietatem,
849 1568 892 1625 di·
911 1592 932 1647 Β
948 1572 1055 1645 primo,
1070 1573 1152 1646 quod
1169 1573 1297 1631 dieitur:
1321 1577 1354 1631 at
1368 1575 1422 1632 erit
1442 1579 1510 1649 post
1529 1575 1604 1632 liaeo.
1634 1575 1710 1643 Quid
1734 1580 1778 1633 est

59 1677 154 1718 cens:
177 1661 286 1728 Videte,
308 1675 345 1718 ne
363 1664 531 1731 precentur
544 1659 636 1716 eorda
661 1665 759 1716 vestra
782 1661 813 1716 in
828 1674 892 1716 ern-
947 1661 1093 1734 posthaec
1108 1656 1215 1728 ‘t'Quid
1238 1663 1318 1720 enim
1342 1663 1478 1738 superius
1493 1663 1617 1731 dixerat,
1642 1665 1681 1721 ad
1693 1663 1778 1740 quod

55 1752 148 1821 pule,
160 1755 186 1807 et
201 1749 352 1820 eirtetate,
375 1754 402 1805 et
428 1749 508 1805 eteris
523 1748 614 1818 liujus
633 1750 702 1806 ritae
723 1750 806 1823 (Luc.
822 1749 891 1821 xm).
948 1748 978 1805 id
992 1749 1076 1823 quod
1090 1749 1289 1823 subjungitis,
1306 1751 1407 1809 referri
1425 1752 1595 1811 debeatur?
1610 1753 1777 1810 Videndum

59 1842 172 1895 Contra
186 1837 365 1909 rubiginem,
380 1835 544 1911 perlectam
563 1837 749 1910 patientiam,
765 1836 891 1895 dicens:
948 1843 993 1895 ast
1006 1838 1104 1909 igitur,
1133 1840 1288 1913 quomodo
1312 1840 1407 1898 littera
1426 1843 1583 1900 cohaereat.
1613 1845 1777 1900 Commune

58 1929 96 1986 Si
108 1929 174 2000 qais
189 1933 216 1984 te
225 1928 408 1998 parassent
424 1928 455 1983 in
471 1927 625 1984 desieram
640 1928 894 2001 inceiltamfflra-
948 1943 1080 2002 namque
1112 1928 1238 1985 humani
1265 1930 1381 1999 generis
1408 1929 1605 1988 infortunium
1632 1931 1778 2004 propheta

60 2017 95 2074 be
110 2018 160 2074 illi
172 2019 340 2075 stulterum
355 2015 474 2088 (Mallia.
491 2016 529 2088 v),
549 2019 658 2073 Contra
681 2032 813 2084 erucam,
829 2032 895 2090 por·
949 2015 1086 2089 superius
1113 2016 1312 2090 multipliciter
1343 2023 1531 2092 exposuerat,
1565 2023 1635 2075 rota
1662 2017 1776 2092 populi,

59 2107 168 2165 sectam
183 2106 359 2176 castitatem,
374 2105 496 2162 dicens:
512 2106 579 2162 Sint
600 2106 695 2162 lacinii
708 2107 800 2163 vestri
813 2121 897 2176 proe.
948 2104 1080 2162 lamenta
1107 2106 1307 2176 sacerdotum,
1331 2106 1687 2183 squalorem-virginum,
1716 2123 1779 2163 sus·

60 2197 161 2264 cincti,
177 2201 206 2254 et
221 2197 350 2253 lucernae
370 2196 508 2254 ardentes
522 2195 604 2268 (Lae.
623 2195 681 2267 ru),
707 2199 762 2253 etc.
786 2197 894 2253 Locus·
948 2195 1025 2270 piria
1039 2199 1158 2269 patrum
1172 2196 1359 2271 praelixerat
1373 2197 1485 2256 lieinde
1507 2197 1670 2254 adventmn
1685 2196 1779 2256 Chris·
1796 2258 1799 2263 ,

59 2292 123 2344 tam
136 2286 225 2360 igitur
248 2284 463 2353 exterminavit,
488 2284 613 2342 clicone:
639 2285 729 2342 Beati
744 2299 895 2355 pauperes
948 2283 980 2352 ti,
995 2284 1232 2342 incarnationem
1246 2285 1343 2356 Verbi,
1369 2285 1624 2360 dispensationem
1644 2285 1778 2360 mysterii
1856 2276 1858 2281 ’

59 2380 182 2450 spirita.
198 2378 290 2435 Beati
306 2378 359 2448 qai
373 2378 475 2449 tepent
495 2376 615 2449 (Marta.
633 2375 669 2448 v).
686 2376 837 2432 Bruchum
852 2376 895 2432 di·
949 2373 988 2429 ad
1013 2372 1220 2430 liberationem
1247 2374 1361 2448 populi,
1392 2375 1431 2432 ad
1459 2376 1656 2432 remotionem
1687 2374 1778 2434 lnior-

59 2484 153 2527 cens:
178 2468 269 2525 Beati
295 2466 498 2523 irriserieordes
525 2464 629 2538 (itta).
657 2464 836 2536 Robiginem
854 2465 896 2522 di·
950 2462 1023 2520 tunii
1052 2463 1219 2538 supposuit,
1241 2468 1360 2538 etpost
1382 2464 1421 2521 ad
1436 2464 1684 2522 illuminationem
1700 2469 1777 2537 'gen-

60 2574 132 2615 cens
148 2575 154 2613 :
179 2557 270 2615 Beati
278 2556 411 2626 pacifici.
434 2556 522 2612 Beati
535 2555 619 2612 mites
634 2553 740 2627 (itin).
756 2556 893 2623 Erucam,
949 2552 1033 2621 tium,
1049 2552 1088 2609 ad
1101 2552 1312 2626 perlectionem
1327 2554 1463 2612 omnium
1476 2555 1639 2626 subjunxit,
1653 2553 1776 2612 dicaam

60 2646 163 2704 dicens
180 2646 291 2704 :Beati
305 2645 416 2702 meando
431 2645 521 2702 eorde
534 2643 638 2717 (idid).
654 2643 801 2718 Sequitur.
827 2646 895 2700 For·
950 2646 984 2699 Et
1013 2643 1066 2700 erit
1091 2647 1160 2716 posi
1185 2642 1249 2699 haee
1272 2662 1278 2699 :
1305 2643 1459 2700 effundam
1493 2644 1629 2716 spiritum
1663 2659 1776 2710 meum,

60 2737 156 2795 titudo
170 2753 239 2794 mea
253 2751 375 2808 magna,
399 2717 583 2808 quam'misi
596 2734 626 2790 in
640 2751 704 2790 vos.
720 2736 826 2804 Magna
841 2732 895 2790 uti-
948 2735 1003 2789 etc.
1029 2730 1166 2802 Legimus
1193 2731 1354 2790 Dominum
1374 2733 1412 2789 de
1439 2732 1543 2806 spiritu
1564 2731 1656 2806 lloysi
1680 2731 1780 2789 abstu-

61 2842 121 2901 que
137 2825 279 2882 fortitudo
295 2824 400 2882 Christi
417 2823 481 2892 fuit,
496 2839 587 2898 quem
601 2825 685 2879 Pater
700 2821 730 2879 in
744 2823 895 2879 mundum
948 2821 1017 2878 lissa
1043 2839 1049 2877 :
1079 2824 1108 2877 et
1129 2837 1219 2895 super
1247 2821 1435 2897 septuaginta
1464 2822 1667 2897 presbyteros,
1695 2821 1779 2896 quod

62 2914 151 2983 misit,
167 2932 238 2972 cum
251 2913 289 2970 sit
300 2915 451 2984 attinpens
464 2928 555 2985 usqae
572 2912 613 2970 ud
624 2914 715 2982 fierem
728 2912 853 2983 sortiter
866 2916 895 2969 et
914 2951 935 3006 C
949 2911 1085 2970 ablatum
1099 2909 1203 2980 luerat,
1219 2911 1364 2985 posuisse.
1389 2912 1526 2983 Legimus
1549 2912 1620 2970 ilem
1640 2912 1779 2970 Eliseeum

62 3003 221 3075 disponens
231 3004 331 3060 omnen
345 3004 478 3059 saeviter
493 3002 574 3072 (Sap.
590 3006 660 3070 vm).
677 3000 732 3068 Qui
742 3017 895 3075 expugna·
949 2999 1100 3073 duplicem
1124 2999 1260 3073 spiritum
1282 3001 1349 3057 Elire
1371 3001 1521 3075 accepisse
1538 3021 1544 3070 ;
1568 3001 1620 3058 sed
1634 3002 1779 3059 hactenus

62 3093 106 3149 vit
133 3093 297 3161 diabolum,
323 3090 462 3165 spoliavit
483 3090 643 3158 infernum,
669 3090 777 3148 delevit
800 3090 895 3149 chirc-
948 3106 1010 3145 non
1025 3089 1152 3159 legimus
1177 3089 1325 3147 Christum
1350 3089 1490 3163 Spiritum
1515 3106 1603 3147 suum
1627 3089 1778 3146 effudisse.

65 3180 228 3253 graphum,
242 3179 358 3236 reduxit
380 3178 543 3253 captivum,
559 3178 739 3235 manuduxit
763 3195 893 3248 servum,
950 3180 999 3237 llic
1014 3195 1083 3234 vero
1098 3177 1211 3246 effudit,
1227 3194 1288 3235 non
1308 3178 1400 3250 ldoysi
1414 3178 1544 3246 abstidit,
1568 3195 1623 3234 nec
1638 3177 1706 3235 etia
1725 3177 1780 3233 du·

64 3287 98 3325 se
124 3285 155 3324 se
184 3269 307 3325 servavit
331 3268 468 3325 illaesmn.
496 3266 655 3340 Sequitur:
680 3271 712 3324 lit
732 3267 895 3324 comedetis
949 3268 1057 3342 plicam
1078 3266 1186 3340 rapuit,
1212 3266 1264 3322 scd
1291 3282 1379 3322 suum
1403 3267 1559 3339 proprium
1582 3265 1701 3336 largiter
1722 3265 1780 3321 dis-

64 3361 230 3425 vescentes,
258 3361 286 3413 ct
299 3355 516 3424 saturabimini,
533 3361 587 3412 otc.
612 3356 777 3413 Comedetis
793 3357 895 3431 utique
950 3356 1061 3413 tribuit.
1090 3354 1261 3411 Notandrun
1286 3369 1367 3423 vero,
1396 3354 1479 3428 quod
1501 3354 1631 3410 dicitur:
1661 3353 1778 3411 Effudit.

64 3450 167 3507 cibum
195 3447 358 3517 suavitatis,
378 3449 546 3505 doctrinam
570 3446 680 3503 sedicet
700 3446 819 3518 justitiae
834 3465 841 3515 ;
857 3446 896 3503 ei·
949 3445 1047 3502 Primo
1062 3444 1142 3501 enim
1164 3442 1249 3512 fudit,
1275 3443 1408 3500 seeundo
1427 3443 1544 3513 infudit,
1567 3443 1652 3500 tertio
1665 3442 1779 3501 effudit.

64 3538 139 3594 bum
164 3537 290 3607 virtutis,
315 3553 425 3612 panem
449 3536 558 3593 scilieet
577 3535 654 3607 vilae.
682 3535 839 3609 Sequitur:
864 3537 897 3591 Et
950 3534 1036 3592 Fudit
1049 3534 1079 3590 in
1095 3532 1245 3606 paradiso,
1257 3532 1364 3589 infudit
1376 3533 1406 3590 in
1421 3533 1547 3602 deserto,
1565 3532 1669 3590 effudit
1681 3533 1781 3590 inooe-

65 3644 125 3685 non
142 3626 342 3684 confundetm·
355 3626 486 3700 populus
501 3642 587 3682 meus
600 3625 630 3681 in
646 3630 800 3681 aternum.
816 3629 857 3680 Ac
872 3625 897 3681 si
950 3624 1068 3682 naeulo.
1083 3628 1115 3681 ln
1126 3623 1267 3696 paradiso
1279 3623 1376 3695 legem
1387 3624 1490 3681 dando
1504 3629 1628 3693 naturae,
1644 3624 1673 3681 in
1685 3623 1783 3681 deser-

65 3716 176 3773 dicerei
191 3735 197 3772 :
215 3715 290 3782 Quia
304 3731 424 3771 mecum
438 3715 469 3771 ln
483 3713 621 3788 praesenti
636 3713 781 3770 sustinent
796 3713 897 3769 eoniu-
951 3720 981 3772 to
995 3717 1144 3788 praecepta
1158 3717 1187 3770 et
1199 3713 1392 3771 caeremonias
1406 3714 1480 3784 legis
1494 3714 1620 3788 scriptae,
1640 3713 1670 3770 in
1684 3728 1783 3771 coena·

67 3805 182 3862 sionem
207 3808 236 3861 et
262 3802 470 3877 opprobrium,
504 3802 604 3860 ltetitia
636 3803 816 3876 sempiterna
844 3801 898 3858 erit
952 3803 1019 3860 culo
1034 3802 1249 3876 plenitudinem
1264 3802 1375 3874 grane.
1392 3803 1474 3861 Unde
1488 3802 1526 3859 de
1540 3802 1639 3875 primo
1651 3801 1780 3858 dicitur:

68 3909 158 3965 super
172 3892 271 3965 capita
286 3908 409 3949 eorum:
426 3892 495 3948 hinc
511 3892 645 3949 Salvator
657 3891 696 3948 ad
710 3889 873 3965 discipulos
889 3908 896 3946 ε
952 3893 1141 3962 Irasasllearit
1156 3894 1302 3950 Bonrinns
1321 3894 1353 3949 in
1367 3893 1465 3951 Adam
1480 3892 1565 3965 (Gen.
1581 3891 1621 3964 u).
1638 3894 1672 3947 ut
1685 3890 1722 3947 de
1739 3905 1783 3947 se·

73 3983 128 4037 Vos
141 3984 219 4054 estis,
234 3982 342 4055 inquit,
366 3984 419 4054 qai
434 3983 642 4051 permansistis
655 3996 769 4038 ineram
790 3982 822 4036 in
838 3985 899 4037 len·
953 3981 1075 4039 cundo:
1100 3983 1219 4039 Voeavit
1230 3984 1310 4040 Dens
1323 3983 1456 4054 Mensem
1470 3983 1506 4039 de
1528 3982 1624 4039 inedia
1643 3981 1783 4053 eclipinis

68 4071 230 4128 tattontoas
247 4073 318 4129 ineis
333 4087 345 4142 ,·
358 4076 385 4127 et
400 4086 453 4142 eqo
466 4071 591 4140 repono
604 4070 694 4143 vobis,
710 4072 786 4127 sient
803 4071 899 4140 dispo·
954 4072 1061 4144 (Beod.
1085 4071 1172 4143 xxiv),
1188 4075 1243 4128 etc.
1260 4071 1342 4129 Unde
1357 4071 1451 4128 inlula
1471 4071 1579 4128 dicitur
1602 4069 1690 4145 quasi
1704 4069 1784 4127 intus

65 4162 127 4217 snit
141 4161 217 4217 miti
227 4163 322 4219 Pater
336 4176 426 4228 raetis,
450 4176 574 4233 repetam
596 4160 833 4233 (coexsulare.
851 4162 898 4217 Se·
954 4161 1017 4217 fula
1033 4179 1039 4230 ;
1054 4160 1126 4233 qula
1149 4160 1342 4231 intelligentia
1362 4159 1521 4234 spiritualis
1543 4160 1690 4217 velamine
1710 4158 1784 4231 legis

66 4248 167 4322 quitur
183 4267 189 4305 :
955 4253 1018 4307 erat
1029 4248 1155 4316 inclusa,
1167 4252 1195 4304 et
1209 4248 1324 4304 corticis
1338 4248 1463 4319 ealigine
1478 4248 1668 4304 obumbrata.
1683 4252 1715 4304 ln
1728 4251 1785 4304 ter·

102 4340 142 4394 Et
156 4340 214 4396 erit
224 4344 294 4409 post
317 4338 390 4412 hoee,
406 4339 558 4410 effrenatam
581 4339 720 4408 spiritum
740 4355 837 4396 ineam
851 4305 935 4394 stt-D
954 4339 995 4396 tio
1009 4354 1091 4405 vero,
1107 4337 1137 4393 in
1161 4336 1256 4408 igneis
1269 4336 1378 4401 hannis
1393 4336 1547 4393 deseendit
1562 4336 1685 4408 Spiritus
1699 4351 1784 4392 sanc-

62 4444 119 4498 per
134 4445 250 4485 ornnem
274 4443 421 4501 earnenr;
442 4435 469 4487 et
481 4428 707 4500 prophetabant
721 4429 781 4497 filii
797 4429 897 4496 nestri,
956 4433 1013 4495 tus,
1038 4429 1109 4500 qaia
1133 4427 1170 4483 tle
1188 4425 1378 4497 plertitudine
1400 4427 1464 4494 ejas
1491 4440 1590 4482 ornnes
1618 4425 1784 4494 accepimns

67 4522 94 4573 et
106 4518 182 4587 filia
200 4523 314 4575 nestra.
338 4518 425 4574 Senes
450 4519 542 4574 cestr-t
560 4518 674 4574 somnia
698 4517 897 4585 soraniamrnt,
955 4518 1053 4591 (Joan.
1066 4518 1094 4588 1).
1112 4515 1197 4573 Fudit
1211 4531 1282 4586 ergo
1296 4514 1394 4588 primo
1404 4513 1531 4586 rigando
1540 4529 1642 4571 aream
1649 4517 1783 4581 naturar3

68 4611 94 4661 et
103 4608 231 4676 junones
248 4608 344 4663 vestri
362 4607 486 4663 visiones
509 4605 660 4663 videbant.
682 4605 740 4662 Sed
760 4610 787 4662 et
810 4621 900 4676 reaper
954 4605 1062 4663 infudit
1075 4604 1207 4661 seeundo
1227 4609 1387 4660 torrentem
1401 4602 1543 4661 doctrinae
1560 4621 1567 4673 3
1583 4601 1688 4660 alludit
1700 4601 1785 4661 tertio

67 4709 166 4750 aereos
179 4711 267 4762 ineos,
285 4700 312 4752 et
334 4696 464 4751 circillas
479 4710 558 4752 meas
572 4697 603 4751 in
618 4695 720 4752 diebus
735 4695 796 4751 illis
807 4696 901 4765 effren·
954 4694 1080 4752 fluvium
1102 4693 1214 4765 gratier.
1408 4692 1415 4704 '

68 4782 137 4838 darn
151 4784 292 4853 spiritam
304 4799 412 4840 incarn.
428 4784 467 4839 Bt
481 4782 557 4841 dabo
569 4784 712 4855 prodiqia
727 4786 757 4840 in
773 4785 856 4855 carto,
872 4789 900 4840 et
991 4783 1080 4841 Aliter
1093 4789 1219 4858 possunt
1232 4785 1296 4842 haee
1312 4784 1366 4842 tria
1380 4784 1481 4842 referri
1495 4799 1626 4857 congrue
1636 4783 1677 4842 ad
1690 4768 1785 4842 in'car·

68 4872 99 4927 in
114 4877 207 4944 tene,
221 4874 408 4945 sanquinem,
425 4879 452 4930 et
472 4875 580 4945 ianam,
597 4879 624 4930 et
646 4889 786 4944 vaporem
809 4873 898 4944 serini.
955 4875 1108 4932 nahonem
1120 4875 1305 4932 Verbil'udit
1317 4880 1525 4950 namqueante
1539 4861 1796 4941 resurrectionem¹

66 4959 121 5016 Sol
135 4967 268 5018 vertetur
287 4964 318 5018 in
339 4963 486 5036 terraneos,
512 4968 540 5019 et
561 4964 634 5020 lerna
659 4964 690 5019 in
712 4965 899 5036 sanquinem,
956 4969 1056 5040 aperte
1071 4965 1218 5034 docendo,
1234 4964 1378 5024 mbaeula
1392 4965 1538 5035 iaciendo,
1553 4964 1699 5024 beneficia
1712 4980 1787 5039 prte-

66 5055 229 5123 antequam
252 5053 350 5108 vertial
364 5053 425 5110 dies
441 5053 562 5109 liornini
577 5069 713 5125 tircanus,
730 5059 757 5110 et
774 5053 903 5111 horridi.
957 5054 1074 5111 stando.
1090 5054 1199 5111 inludit
1213 5059 1280 5128 post
1294 5056 1550 5122 resurrectionem,
1570 5054 1681 5128 quibus
1695 5049 1786 5107 voluit

67 5140 103 5195 lis
117 5153 130 5211 ‚·
144 5141 238 5196 eterit
253 5157 264 5196 .·
279 5143 449 5212 qraicanqne
459 5143 642 5199 invocaverit
651 5159 756 5199 raonren
770 5145 901 5214 Bonn'ni,
956 5142 1042 5216 quasi
1057 5143 1171 5200 occulte
1191 5160 1221 5199 se
1236 5135 1786 5213 manifestando,discipulisinconcla·

65 5230 169 5285 salens
183 5231 250 5285 erit.
268 5229 317 5285 llic
330 5230 451 5285 ludentis
465 5230 588 5303 appella
603 5231 767 5300 erarhcscat,
783 5233 830 5289 hic
848 5249 902 5289 cre·
955 5231 983 5286 vi
994 5230 1192 5288 residentibus
1207 5233 1343 5306 spiritum
1358 5229 1550 5296 insultando,
1562 5228 1664 5283 dicens
1679 5242 1685 5279 :
1698 5225 1784 5281 Aeet-

65 5317 185 5373 eitatem
210 5321 239 5373 et
262 5318 410 5375 insaniam
431 5319 597 5390 crubescat,
624 5326 655 5376 nt
682 5321 734 5395 qui
760 5321 903 5392 gloriatur
952 5323 1017 5391 pile
1030 5320 1176 5391 Spiritum
1195 5327 1330 5376 sanctam
1353 5320 1451 5391 (Joarr.
1472 5317 1531 5387 ss),
1554 5317 1609 5370 eie.
1634 5310 1785 5371 Effuditin

65 5420 97 5462 se
122 5405 233 5463 ducam
256 5423 416 5476 caecorum,
443 5414 471 5465 et
497 5407 571 5480 legis
600 5413 698 5468 tenere
724 5409 901 5481 lueernam;
956 5410 1003 5467 dic
1030 5413 1214 5468 pentecostes
1242 5406 1458 5481 plenitudinem
1482 5404 1583 5476 graden
1602 5403 1783 5479 prieslando.

65 5494 207 5553 tenebras
234 5496 280 5552 sui
301 5497 408 5554 erroris
429 5503 458 5554 et
477 5497 632 5574 imperitia
655 5517 717 5558 sure
745 5500 903 5572 caligimm
956 5500 1074 5568 Effudit,
1090 5499 1167 5566 dico,
1183 5514 1245 5555 non
1259 5495 1423 5554 minuendo
1437 5493 1605 5570 quidquam
1619 5493 1726 5555 ffivinn
1741 5511 1786 5554 aa·

64 5584 168 5668 inhoc
194 5583 261 5644 loco
283 5585 501 5662 deprehendat.
521 5588 629 5650 eamus
653 5603 738 5651 meus
756 5587 831 5672 inihi
853 5588 903 5648 de·
955 5587 1086 5663 pectre,
1101 5585 1154 5646 sed
1167 5584 1297 5661 leviora
1318 5581 1404 5645 solito
1419 5583 1591 5660 prestando
1605 5583 1786 5652 caminata
