3832 6044
155 124 221 177 1095
246 122 256 139 ⁰
365 116 516 173 llUGONlS
536 117 581 170 DE
601 116 629 171 S.
649 115 798 172 vicione
818 114 892 170 OPP.
912 112 1002 169 PARS
1021 114 1042 167 l.
1056 143 1091 152 -
1106 114 1261 170 nlenten.
1283 144 1316 152 -
1337 116 1369 168 ll.
1390 115 1424 168 IN
1445 113 1654 169 innormen.
1809 116 1865 169 toth

152 261 220 301 vere
235 242 362 300 existens
380 241 514 297 excelsus
538 242 624 310 Dens,
640 257 656 291 ι
670 238 722 294 sed
745 253 813 294 vere
832 235 1019 293 existennsa
1036 237 1166 294 dotalem
1203 237 1428 308 intelligentiam
1461 236 1694 294 admonebimus
1728 237 1817 310 quod
1846 243 1870 295 el

153 331 260 389 excelsi
267 330 328 398 Dei,
337 334 459 403 propter
470 327 693 384 similitudinem
701 326 894 402 praecedentis
902 325 982 381 vocis
1036 325 1181 383 Pharaoni
1196 326 1279 399 apud
1293 326 1375 399 ipsos
1401 326 1553 399 ,llgyptios
1568 326 1740 399 imperante
1767 326 1869 396 angelo

152 420 264 478 laetum
279 422 333 488 cst,
348 415 593 490 ntpereumdem
604 432 708 472 casum
719 415 981 489 responderetnon
1035 421 1063 472 et
1084 415 1316 488 Babyloniorum
1332 415 1459 488 principi
1485 415 1610 488 praeside
1634 413 1776 488 proprio,
1793 415 1870 472 omni

152 507 350 575 existentium,
365 529 378 557 c
396 505 420 560 si
435 521 500 561 vere
524 505 673 562 existentis
688 505 795 562 excelsi
808 505 868 561 Dei.
885 521 900 555 »
935 504 983 559 Vel
1035 503 1231 575 providentia,
1246 508 1275 560 et
1288 504 1501 561 dominationis
1512 504 1683 578 providum,
1699 509 1733 561 et
1745 510 1868 578 potesta·

153 598 193 653 sic
206 596 264 667 legi
287 599 394 669 potest.
422 593 635 652 Melchisedech
659 594 832 651 existentem
856 594 982 650 Domino
1035 593 1129 649 tirum
1144 593 1311 649 secundum
1325 593 1485 651 divisiones
1502 593 1719 651 distributum:
1738 598 1770 651 et
1785 595 1869 665 genti-

152 683 369 742 amicissimum
390 682 526 738 omnium
545 681 734 738 existentium
755 679 982 751 intelligendum
1034 681 1158 738 busiMis
1169 682 1289 739 veriDei
1303 682 1430 739 ministri
1444 682 1535 738 duces
1551 683 1651 739 statuti
1667 686 1743 739 sunt
1766 682 1870 740 ferma·

151 778 195 831 est
206 772 295 829 fuisse
304 770 490 828 sacerdotem
500 769 980 844 nonquornmlibetexistentium,
1036 771 1151 828 tionum
1161 772 1200 828 ab
1216 772 1328 843 angelis
1343 771 1465 829 visionis
1489 771 1744 841 manifestatione,
1759 773 1870 843 angelis

152 863 205 921 sed
219 861 327 920 excelsi
342 861 394 917 Dei
407 877 476 917 vere
492 859 651 928 existentia,
666 859 742 916 sicut
756 858 899 931 seriptum
916 862 980 914 est:
1035 860 1176 917 continuo
1191 861 1282 918 sacris
1295 860 1362 917 viris
1375 862 1484 934 loseph
1500 865 1527 918 et
1548 860 1662 917 Danieli
1675 878 1713 917 ex
1730 864 1796 918 Deo
1822 878 1870 935 per

152 977 166 1004 ι(
183 957 250 1009 Erat
264 951 346 1008 enim
361 950 501 1006 sacerdos
516 948 568 1005 Dei
581 948 715 1004 altissimi
731 949 815 1015 (Gen.
832 952 899 1015 ιιι).
916 967 931 1001 »
1035 950 1158 1020 angelos
1168 951 1315 1007 revelatae.
1333 973 1347 1001 ι»
1362 950 1467 1006 Adbuc
1480 948 1571 1006 aliam
1594 949 1758 1022 subjungit
1773 955 1869 1007 aucte

187 1045 221 1098 Et
241 1039 394 1112 seqnitur:
412 1058 427 1091 ‹
444 1037 557 1093 Etenim
583 1035 624 1092 sic
639 1035 810 1110 simpliciter
834 1036 981 1094 Melchise-
1033 1039 1160 1106 ritatem,
1177 1054 1214 1094 ex
1227 1055 1288 1111 quo
1303 1038 1431 1114 probare
1445 1037 1509 1094 vult
1521 1037 1659 1108 gentibus
1673 1037 1769 1094 bonis
1785 1055 1869 1110 ange·

151 1130 227 1187 decb
255 1128 312 1202 ipsi
340 1126 497 1198 theosophi
523 1142 584 1181 non
606 1125 737 1182 amicum
751 1126 811 1195 Dei,
831 1126 884 1182 sed
897 1129 926 1182 et
936 1142 981 1182 sa·
1033 1127 1078 1184 los
1094 1144 1111 1183 a
1125 1129 1185 1184 Deo
1200 1125 1348 1201 praelatos,
1364 1126 1447 1200 quod
1466 1125 1602 1183 videlicet
1615 1126 1699 1200 apud
1714 1127 1869 1200 AEgyplios

114 1237 120 1247 ·
151 1219 301 1277 cerdotem
328 1221 520 1283 vocaverunt.
535 1235 550 1268 s
566 1218 652 1284 Bene,
675 1214 779 1288 inquit,
796 1215 858 1272 dixi
871 1215 981 1272 Melchi-
1033 1215 1180 1274 Pharaoni
1195 1216 1320 1287 angelus
1330 1215 1475 1272 visionem
1488 1213 1683 1283 demonstrat,
1695 1219 1726 1271 et
1739 1232 1869 1289 peream

151 1308 260 1365 sedech
274 1305 460 1363 sacerdotem
474 1303 699 1375 intelligendum
721 1304 794 1377 quia
811 1303 980 1377 theosophi,
1033 1302 1074 1360 illi
1088 1303 1125 1360 De
1141 1303 1240 1360 futura
1255 1303 1403 1359 sterilitate
1428 1302 1575 1360 cautelam
1594 1302 1750 1377 imperat:
1781 1303 1869 1360 mani

151 1398 182 1454 id
193 1396 349 1454 estdivina
364 1395 524 1452 scribentes
536 1411 598 1451 non
609 1394 651 1452 sic
664 1394 835 1468 simpliciter
849 1394 981 1452 amicum
1034 1392 1139 1450 festata
1164 1391 1272 1448 deinde
1286 1392 1393 1449 eadem
1407 1391 1520 1449 visione
1540 1408 1593 1466 per
1605 1393 1729 1466 loseph,
1748 1397 1781 1450 et
1795 1393 1868 1448 simi-

151 1489 360 1546 tantummodo
375 1486 436 1554 Dei,
460 1484 512 1543 s'ed
536 1485 625 1542 etiam
649 1485 835 1543 sacerdotem
856 1477 981 1543 vocave—
1033 1481 1097 1538 liter
1112 1480 1345 1554 Babyloniorum
1355 1481 1492 1555 principi,
1503 1481 1611 1539 seilicet
1625 1479 1869 1539 Nabuchodone

151 1583 230 1635 runt.
245 1580 278 1634 Et
292 1593 385 1651 quare
411 1574 597 1631 sacerdotem
612 1581 796 1632 vocaverunt
815 1574 979 1647 subjungit,
995 1585 1016 1640 Β
1034 1587 1093 1639 sor,
1119 1570 1259 1647 proprius
1273 1587 1394 1644 praeses,
1412 1571 1502 1628 idest
1519 1571 1659 1645 proprius
1685 1570 1868 1645 praepositus

151 1667 255 1724 dicens
270 1684 276 1722 ε
293 1689 307 1717 «
332 1671 377 1722 An
399 1669 430 1721 ut
451 1663 635 1738 sapientibus
655 1663 857 1735 significarent
880 1667 980 1738 aperte
1034 1677 1115 1728 suus,
1130 1660 1266 1718 videlicet
1290 1660 1429 1734 proprius
1446 1660 1569 1732 angelus
1584 1660 1735 1717 visionem
1750 1659 1868 1727 format

151 1756 235 1831 quod
246 1772 308 1813 non
321 1754 463 1813 solumex
477 1753 519 1810 eis
533 1752 671 1827 inipsum
686 1753 818 1827 quivere
833 1757 877 1810 est
887 1757 980 1809 Deum
1033 1750 1200 1824 eademque
1215 1755 1319 1824 postca
1341 1766 1395 1824 per
1419 1749 1570 1808 Danielem
1594 1749 1764 1807 reserando
1779 1749 1870 1806 mani·

152 1845 295 1904 convertit
309 1846 323 1902 ι
336 1843 442 1901 Adhuc
455 1848 556 1900 autem
580 1847 608 1899 et
617 1841 682 1899 aliis
696 1847 727 1898 nt
739 1859 875 1899 summus
886 1859 980 1900 sacer·
1033 1839 1127 1897 festat.
1145 1843 1176 1896 ln
1192 1838 1303 1912 quibus
1319 1838 1459 1896 omnibus
1472 1842 1597 1913 apparet
1613 1838 1699 1912 quod
1714 1841 1800 1895 Deus
1812 1855 1870 1895 om·

151 1935 207 1992 dos
221 1935 328 2006 educet
339 1949 375 1990 ea
385 1948 453 2005 quae
468 1930 564 2001 estad
579 1947 681 1987 veram
693 1934 722 1988 et
734 1930 830 1986 selam
844 1930 980 1987 divinita·
1033 1927 1117 1983 nium
1132 1945 1232 1985 rerum
1248 1932 1277 1985 et
1302 1927 1489 2001 providentia
1514 1927 1623 1995 habet,¹
1636 1932 1665 1984 et
1689 1926 1870 1984 dominatio

151 2027 212 2079 lem
226 2020 407 2078 reductione.
425 2038 440 2072 ›
456 2018 550 2086 Quod,
573 2018 678 2091 inquit,
691 2018 912 2087 Melchisedech,
927 2020 980 2092 qui
1033 2032 1113 2084 nem,
1130 2021 1158 2073 et
1168 2021 1355 2089 potestatem,
1370 2017 1536 2073 secundum
1546 2014 1773 2089 quodperillas
1787 2015 1872 2072 visio

152 2112 190 2168 de
220 2108 330 2167 tudaeis
362 2124 423 2165 non
451 2112 522 2176 erat,
551 2122 613 2163 non
635 2107 733 2164 solum
757 2109 889 2165 amicum
917 2109 977 2178 Dei,
1033 2121 1086 2162 nes
1098 2105 1270 2175 discretum,
1288 2106 1336 2162 vel
1350 2105 1532 2174 distinctum,
1543 2103 1800 2161 veldislributum
1810 2110 1869 2161 est:

152 2196 305 2255 sedetiam
318 2195 503 2253 sacerdotem
516 2195 566 2252 Dei
577 2199 780 2265 vocaverunt;
794 2211 832 2252 an
847 2194 980 2251 ideohoc
1033 2209 1101 2266 quae
1112 2194 1241 2250 visiones
1251 2195 1383 2267 primum
1397 2192 1511 2264 angelis
1517 2193 1659 2250 revelatae
1677 2196 1749 2249 sunt
1771 2209 1792 2249 a
1803 2196 1870 2260 Dee,

151 2287 309 2344 fecerunt?
324 2285 425 2358 utique
441 2285 482 2340 sie
496 2284 563 2341 ideo
572 2286 630 2342 hoc
645 2285 786 2354 lecerunt,
796 2289 829 2341 ut
843 2282 980 2357 sapienti·
1032 2286 1061 2340 et
1074 2283 1181 2341 deinde
1195 2284 1336 2341 continuo
1350 2300 1404 2357 per
1427 2283 1551 2353 angelos
1565 2283 1655 2340 sacris
1670 2282 1746 2339 viris
1761 2281 1872 2355 loseph

151 2378 209 2435 bus
223 2380 323 2449 aperte
339 2374 541 2446 significarent
552 2374 635 2447 quod
644 2390 706 2431 non
722 2374 820 2430 solum
832 2390 868 2429 ex
881 2373 933 2444 ειε,
949 2372 979 2427 id
1033 2376 1061 2429 et
1083 2372 1204 2439 Danieli,
1220 2373 1278 2429 hoc
1302 2372 1446 2446 estquod
1464 2371 1554 2429 dicit:
1584 2371 1790 2439 DTimolhee‚
1811 2386 1870 2427 non

151 2471 195 2522 εει
210 2481 247 2522 ex
261 2463 359 2533 lsrael,
370 2462 423 2537 qui
434 2461 489 2519 soli
504 2467 573 2518 tunc
585 2463 624 2519 ad
634 2461 835 2532 cognitionem
845 2460 979 2517 divinam
1032 2460 1130 2518 solum
1162 2461 1325 2535 superiora,
1355 2461 1407 2517 sed
1436 2462 1525 2518 etiam
1548 2460 1605 2518 hoc
1633 2459 1871 2517 admonebimus

150 2553 266 2612 reducti
279 2557 308 2610 et
328 2551 462 2609 conversi
476 2550 662 2620 videbantur,
679 2550 823 2607 convertit
834 2550 865 2607 in
879 2549 978 2623 ipsum
1031 2548 1126 2619 tham,
1143 2567 1270 2619 summe,
1286 2548 1501 2607 sacerdotalem
1513 2549 1753 2621 inteMigentiam,
1780 2549 1813 2604 id
1829 2553 1870 2605 est

151 2649 255 2713 Deum,
268 2643 325 2699 hoc
336 2646 389 2708 est,
403 2641 442 2698 ad
452 2640 543 2697 fidem
556 2645 585 2696 et
595 2640 795 2711 cognitionem
810 2638 903 2712 ipsius
917 2638 977 2707 Dei,
1032 2639 1257 2710 intelligentiam
1277 2644 1369 2708 tuam,
1385 2640 1438 2714 qui
1451 2656 1588 2696 summus
1603 2638 1747 2695 sacerdos
1762 2655 1807 2707 es,
1822 2638 1870 2696 ad·

151 2733 204 2808 qui
222 2748 290 2789 vere
308 2736 361 2799 est,
378 2731 431 2787 scd
454 2729 543 2787 etiam
569 2747 606 2787 ex
627 2729 691 2786 aliis
708 2728 846 2800 gentibus
869 2727 979 2785 multos
1031 2730 1223 2787 monebimus
1237 2730 1305 2798 hoc,
1321 2729 1404 2803 quod
1418 2728 1525 2800 angelo
1538 2729 1708 2802 imperante
1721 2727 1868 2785 Pharaoni

151 2822 257 2879 educet
269 2820 307 2876 de
326 2818 456 2877 tenebris
479 2817 663 2887 ignorantiae,
690 2816 825 2873 videlicet
843 2833 879 2872 ea
893 2815 979 2872 redu·
1032 2820 1114 2893 apud
1128 2819 1291 2892 AEgyptios,
1319 2824 1347 2874 et
1362 2818 1593 2893 Babyloniorum
1619 2817 1751 2891 principi
1776 2817 1868 2890 impe

108 2935 120 2950 ·
152 2909 247 2966 ctione
262 2923 330 2981 quae
353 2909 398 2961 est
421 2904 461 2960 ad
487 2919 590 2960 veram
618 2908 646 2960 et
666 2903 762 2960 solam
782 2902 977 2971 divinitatem,
992 2942 1013 2999 c
1031 2912 1114 2965 rante
1124 2906 1250 2980 praeside
1261 2907 1392 2981 proprio,
1409 2907 1502 2976 idest,
1521 2905 1638 2978 angelo,
1654 2906 1712 2979 qui
1726 2905 1753 2962 ei
1765 2904 1865 2980 praela·

150 2998 208 3054 hoc
222 2999 275 3064 est,
291 2993 330 3051 ad
345 2991 546 3062 cognitionem
569 2991 628 3047 Dei.
651 2994 715 3047 Mon
735 2990 818 3063 quod
832 2990 896 3065 ipse
914 2989 979 3048 Mel·
1032 3000 1079 3053 tus
1093 3001 1156 3052 erat
1172 3014 1179 3065 3
1194 3011 1246 3070 per
1260 2997 1328 3061 hoc,
1340 2996 1476 3070 inquam,
1491 2995 1575 3069 quod
1585 2993 1687 3066 angeli
1701 2993 1762 3051 illis
1775 2993 1862 3066 impe

152 3085 309 3143 chisedech
334 3082 451 3156 aliquos
470 3098 507 3137 ex
535 3081 623 3138 lsrael
647 3080 825 3154 convertisse
851 3080 977 3151 legatur,
1031 3102 1112 3143 rasse
1125 3086 1274 3157 legrmtur,
1290 3084 1482 3142 distributum
1495 3082 1713 3158 estprovidum
1730 3086 1863 3156 etpotes

151 3176 203 3250 qni
217 3174 347 3232 necdum
371 3171 502 3246 populus
516 3175 601 3228 erat:
618 3169 674 3226 nisi
684 3170 758 3226 forte
777 3170 866 3227 lsrael
881 3168 912 3226 in
926 3186 978 3242 pa·
1031 3175 1156 3232 tativum
1171 3174 1278 3231 divinae
1290 3173 1483 3248 providentiae
1502 3178 1531 3230 et
1544 3172 1751 3230 damnationis
1765 3188 1866 3229 secun·

151 3266 245 3323 tribus
271 3262 473 3337 superioribus
488 3260 681 3334 accipiamus,
697 3276 732 3316 ει
748 3258 858 3333 quibus
887 3259 979 3333 aliqui
1031 3263 1106 3319 dum
1120 3262 1196 3332 illas,
1220 3263 1330 3320 seiMcet
1351 3263 1489 3331 visiones,
1515 3262 1546 3319 id
1572 3266 1616 3318 est
1638 3265 1799 3319 ostensum
1826 3266 1865 3318 cst

150 3355 283 3413 fortassis
309 3369 362 3426 ρει
383 3353 483 3426 ιρειιιιι
502 3349 714 3408 Melchisedech
737 3355 870 3422 tempore
885 3349 978 3423 ipsius
1031 3352 1115 3426 qnod
1137 3355 1214 3408 Deus
1229 3351 1448 3425 providentiam
1469 3369 1557 3410 suam
1571 3356 1599 3408 et
1612 3355 1796 3425 potestatem
1811 3351 1865 3407 sin·

151 3446 190 3503 ad
215 3444 351 3501 notitiam
373 3441 423 3498 Dei
450 3439 628 3496 ductisunt.
655 3439 701 3496 Vel
725 3443 758 3494 ιιι
784 3438 825 3495 εἰε
852 3439 977 3509 legatur,
1033 3442 1110 3514 gulis
1126 3441 1264 3512 gentibus
1290 3440 1493 3512 gubernandis
1515 3440 1687 3508 distribuit,
1716 3445 1747 3497 ει
1769 3445 1864 3498 osten·

150 3534 233 3608 quod
247 3532 357 3589 seilicet
371 3530 481 3589 ideireo
495 3546 556 3585 non
586 3529 683 3585 solum
707 3527 822 3584 amicus
836 3528 897 3597 Dei,
925 3528 978 3585 sed
1004 3547 1099 3586 -sum
1115 3535 1159 3586 est
1180 3529 1269 3587 etiam
1284 3530 1367 3603 quod
1381 3529 1519 3601 gentibus
1543 3528 1598 3585 illis
1612 3529 1674 3586 veri
1698 3530 1752 3586 Dei
1766 3527 1864 3585 minis

150 3629 179 3680 et
191 3621 330 3681 sacerdos
342 3623 464 3675 vocatus
479 3616 524 3683 sit,
539 3616 610 3689 quia
624 3615 777 3685 convertit,
790 3616 976 3683 subauditur,
1032 3618 1066 3674 tri
1077 3618 1169 3675 duces
1183 3618 1282 3674 statuti
1297 3623 1366 3674 sunt
1382 3637 1388 3687 ;
1412 3622 1440 3675 et
1454 3617 1609 3691 quomodo
1633 3622 1803 3685 ostensum,
1819 3616 1861 3682 sit,
1887 3615 1889 3618 ’

149 3713 271 3784 ignaros
285 3714 314 3767 et
336 3707 461 3775 nescios,
477 3706 516 3763 ad
539 3706 639 3778 ipsum
665 3709 770 3774 Deum,
786 3705 834 3760 cui
853 3720 921 3760 vere
935 3708 979 3761 est
1030 3709 1087 3764 hoc
1110 3706 1292 3779 subjungit:
1318 3706 1565 3777 manifestatione,
1599 3706 1712 3763 scilicet
1742 3705 1862 3763 visionis

150 3801 344 3861 credendum.
360 3801 394 3854 Et
407 3797 494 3869 quasi
512 3794 620 3868 aliquis
641 3794 791 3865 objiceret,
816 3795 900 3866 quod
914 3795 978 3867 ipse
1030 3795 1245 3852 formationum
1269 3794 1309 3851 ab
1328 3795 1452 3868 angebs,
1468 3795 1525 3851 hoo
1550 3798 1603 3863 est,
1619 3793 1745 3850 visionis
1757 3792 1788 3850 in
1800 3809 1861 3866 qua

149 3888 371 3957 Melchisedech,
397 3885 450 3957 qui
472 3883 509 3938 de
524 3882 613 3937 lsrael
635 3896 697 3937 non
723 3886 794 3949 erat,
811 3882 864 3937 sed
879 3882 979 3939 alieni·
1031 3885 1241 3940 demonstratae
1268 3870 1339 3940 sunt
1363 3883 1566 3952 formationes,
1597 3883 1658 3939 sive
1689 3883 1796 3955 ligneae
1823 3881 1860 3939 ab

150 3966 534 4045 gena,nullumadtide1n
559 3964 611 4021 Dei
635 3965 786 4038 convertit,
802 3966 874 4039 quia
896 3966 977 4024 solus
1031 3972 1143 4044 angelis
1158 3971 1242 4029 factae
1257 3972 1289 4029 in
1302 3971 1453 4029 mentibus
1468 3971 1694 4046 prophetarum,
1720 3970 1859 4044 adsigni-

149 4061 239 4120 lsrael
253 4062 347 4116 Deum
362 4055 509 4128 cognovit,
525 4054 687 4129 respondet
705 4056 786 4129 quod
802 4071 862 4114 non
879 4058 977 4115 solum
1030 4060 1150 4119 licenda
1177 4061 1287 4135 futura,
1309 4060 1413 4135 quales
1435 4061 1554 4117 fuerunt
1576 4077 1687 4129 vaccae,
1711 4064 1742 4118 et
1762 4060 1857 4137 spiere,

150 4165 186 4206 ex
200 4146 289 4205 lsrael
302 4145 342 4202 ad
354 4144 446 4201 fidem
460 4143 511 4200 Dei
522 4145 657 4202 conversi
672 4149 750 4214 sunt,
763 4145 815 4201 sed
837 4147 978 4203 etiamen
1029 4166 1107 4223 quas
1130 4149 1202 4207 viDit
1230 4151 1344 4206 Pharao
1373 4150 1458 4217 (Gen.
1482 4154 1551 4219 ιιιι),
1577 4153 1605 4206 ει
1632 4149 1736 4220 arbor,
1761 4156 1790 4209 et
1806 4155 1858 4207 sta·

149 4238 213 4298 aliis
225 4236 365 4310 gentibus
381 4255 388 4293 :
404 4251 473 4308 quae
485 4234 595 4291 seilicet
610 4235 765 4292 conversio
780 4233 908 4292 aliorum
924 4250 978 4307 per
1030 4242 1090 4307 tua,
1113 4253 1207 4312 quam
1225 4237 1299 4294 vidit
1320 4238 1596 4296 Nabuchodonosor
1615 4237 1705 4310 (Dan.
1723 4239 1765 4313 ιι).
1787 4237 1857 4297 Talis

147 4327 249 4402 ipsum
262 4323 475 4395 Melchisedech
486 4321 564 4380 facta
578 4326 630 4378 est.
647 4323 702 4388 Qui
717 4325 787 4379 tunc
799 4322 932 4395 quidem,
946 4321 977 4379 id
991 4294 1014 4350 D
1028 4327 1129 4401 itaque
1159 4327 1281 4383 visionis
1314 4327 1551 4386 manifestatione
1583 4327 1858 4394 demonstrataest

149 4420 194 4473 est
207 4414 330 4489 quando
344 4412 496 4469 Abraham
510 4410 672 4480 benedixit,
692 4410 833 4467 sacerdos
858 4410 909 4467 Dei
936 4410 977 4469 al·
1028 4417 1128 4474 divina
1154 4416 1340 4489 providentia
1354 4421 1382 4474 et
1404 4421 1545 4490 potestas,
1561 4434 1615 4491 per
1638 4416 1767 4490 angelos
1793 4433 1857 4490 gen·

149 4504 255 4562 tissimi
266 4506 390 4561 vocatus
403 4505 456 4573 est,
470 4516 540 4557 oum
549 4517 611 4558 non
626 4505 703 4558 esset
716 4517 753 4557 ex
767 4499 866 4568 lsrael,
878 4504 911 4556 ut
930 4516 977 4557 os·
1028 4512 1071 4565 tes
1094 4507 1258 4579 disponens
1276 4526 1282 4576 ;
1309 4507 1441 4576 visionis,
1471 4507 1547 4577 dico,
1569 4507 1702 4582 primum
1722 4508 1857 4567 revelatae

148 4594 316 4652 tenderetur
341 4591 425 4664 quod
439 4589 600 4647 educturus
622 4594 699 4649 esset
721 4589 760 4646 ad
784 4591 878 4646 Deum
899 4588 976 4646 mul·
1027 4596 1174 4668 angelisa
1199 4599 1270 4666 Deo,
1298 4600 1326 4654 ct
1350 4596 1457 4655 deinde
1485 4597 1626 4655 continuo
1652 4613 1707 4672 per
1737 4599 1857 4672 angelos

100 4762 103 4767 ¹
148 4687 203 4752 fes,
219 4681 345 4755 6111111111
361 4683 438 4737 116115
463 4696 525 4738 non
546 4678 803 4749 10111111111151161,
818 4680 870 4737 sed
885 4679 975 4737 6116111
1026 4687 1163 4745 revelata
1178 4686 1269 4745 saeris
1291 4686 1371 4755 viris,
1385 4686 1618 4761 tosephscilicct
1641 4693 1671 4744 et
1693 4689 1811 4748 Danieli
1825 4705 1888 4746 ει-

147 4770 178 4829 in
207 4769 345 4842 gentibus
368 4773 397 4827 et
418 4769 603 4827 sacerdotem
627 4767 793 4826 haberetct
815 4768 972 4843 populum.
1026 4778 1096 4833 neo,

147 4862 305 4934 Propterea
318 4875 381 4917 non
402 4857 566 4927 1111111111,
590 4856 642 4914 Sed
655 4877 670 4908 «
687 4856 802 4930 61111661»
831 4879 845 4908 1
866 4856 972 4930 inquit,
1063 4865 1218 4938 Sequitur:
1233 4891 1247 4916 ιι
1264 4867 1362 4923 Unum
1372 4865 1453 4923 enim
1467 4870 1511 4924 est
1523 4865 1660 4925 omnium
1674 4866 1861 4944 principium

146 4950 192 5009 111
205 4948 279 5008 1111111
292 4948 415 5024 quidem
428 4953 557 5022 11111Ρῦ1,
573 4945 696 5020 (1111111110
711 4946 775 5004 11116
789 4946 868 5004 (liele
893 4950 971 5016 111111,
1026 4954 1262 5027 etprovidentia:
1275 4954 1390 5012 etnullo
1400 4955 1732 5014 modoexistimandum
1740 4960 1861 5019 ludaeos

146 5040 280 5099 futurum
294 5038 475 5112 significans,
488 5035 747 5110 (1161101611Ρ16
762 5035 973 5094 Melchisedech
1025 5041 1403 5118 quidempleniterduxisse
1409 5044 1593 5103 divinitatem
1604 5064 1610 5102 :
1623 5046 1751 5119 angelos
1759 5053 1862 5109 autem

146 5135 252 5204 postea
263 5146 317 5203 per
331 5145 362 5186 se
372 5144 408 5184 ex
419 5125 557 5198 gentibus
580 5125 620 5182 ad
634 5128 728 5182 Deum
743 5126 887 5183 convertit
903 5145 909 5182 :
926 5125 973 5183 vel
1025 5131 1202 5205 specialiter,
1217 5141 1269 5190 aut
1282 5148 1368 5205 teque
1389 5132 1612 5200 honorabiliter,
1625 5139 1678 5191 aut
1698 5138 1860 5211 oppositis,

148 5217 397 5293 Chrisle8,eej11⁵
429 5214 476 5272 1116
503 5218 687 5289 1ιῬ11561111»
721 5229 783 5271 non
815 5213 973 5272 80111111611
1025 5226 1077 5302 aut
1100 5222 1173 5279 deos
1192 5221 1341 5296 quosdam
1369 5221 1476 5280 alteros
1502 5222 1649 5297 imperare
1672 5223 1740 5281 aliis
1766 5228 1862 5300 genti·

147 5309 245 5379 lsrael,
259 5306 312 5365 sed
326 5306 416 5363 etiam
436 5321 474 5361 ex
495 5305 637 5362 omnibus
656 5302 793 5375 gentibus
807 5319 860 5376 per
880 5304 972 5360 fidem
1024 5309 1093 5365 bus.
1110 5332 1124 5359 v
1149 5309 1290 5383 Repetitio
1315 5311 1434 5382 prebat,
1450 5311 1532 5385 quod
1551 5328 1641 5385 supra
1664 5311 1751 5381 dixit,
1776 5317 1863 5390 quod

146 5399 256 5454 multos
271 5397 310 5455 ad
326 5394 484 5452 Ecclesiam
498 5412 585 5452 silam
602 5395 639 5450 de
654 5392 972 5450 tenclnisinsnlclitatis
1026 5415 1120 5454 unuin
1149 5404 1192 5453 εει
1224 5399 1405 5472 principium
1432 5406 1461 5458 et
1486 5400 1672 5474 providentia
1705 5405 1861 5472 omnium,

146 5483 257 5541 eduxit.
1025 5487 1055 5542 id
1082 5490 1135 5555 est,
1163 5503 1240 5543 unus
1269 5491 1355 5558 Deus,
1380 5506 1398 5546 a
1425 5506 1486 5564 qno
1517 5493 1586 5547 srrnt
1613 5490 1727 5560 omnia,
1759 5498 1791 5551 et
1807 5511 1863 5569 per

183 5573 319 5646 Sequitur
333 5593 339 5630 :
355 5598 371 5627 «
388 5577 492 5634 Ethoo
506 5581 722 5646 nulem‚tuam,
747 5591 864 5634 summe
877 5591 971 5634 sacer·
1026 5591 1117 5649 quem
1145 5579 1288 5645 reguntur
1309 5575 1445 5634 universa
1462 5595 1469 5646 ;
1489 5581 1517 5634 et
1541 5577 1651 5636 ideirco
1683 5580 1771 5638 nullo
1796 5601 1862 5640 mo-
