3832 6044
170 106 222 168 423
312 104 842 167 Ruaoutsuas.vlcroaaol>t>.
866 103 955 162 PARS
980 100 1474 165 t.-axat;allcn.-1.1us.
1497 109 1723 167 scatrruunu.
1787 125 1792 140 ·
1829 112 1882 168 lat

170 248 260 309 psum
280 231 464 292 vocabulum
478 237 627 304 respectus
642 230 809 305 quamdam
832 228 996 304 expressio·
1015 226 1038 283 Α
1055 224 1199 299 sidereas,
1216 229 1284 289 ideo
1297 229 1447 304 parificari
1466 230 1559 290 voluit
1574 250 1580 300 ;
1597 233 1685 290 haria
1710 238 1811 292 auum
1827 251 1882 294 suo

168 337 240 379 nem
252 322 345 389 notat,
360 322 394 378 ut
407 318 475 394 plus
489 316 602 393 aliquid
617 333 682 375 esse
697 317 833 376 videatur
851 316 996 392 respicere
1053 315 1157 374 laciori
1170 317 1323 377 humiliter
1339 334 1371 376 se
1386 317 1528 388 subdens,
1545 318 1684 378 ancillam
1699 336 1730 378 se
1745 322 1882 378 nomina·

169 425 261 485 quam
275 407 386 468 videre.
399 406 489 475 Quasi
500 406 580 465 enim
587 407 734 481 respicere
750 412 794 465 est
807 409 889 482 prius
899 407 997 481 abjcc-
1051 404 1093 462 vit
1109 422 1114 461 :
1128 404 1277 464 etidcirco
1291 405 1341 464 illa
1351 406 1478 479 abjecta,
1491 411 1519 463 ct
1528 406 1585 464 ista
1599 404 1691 464 electa
1705 412 1758 464 est.
1776 410 1882 483 Super·

171 503 216 556 tos
231 502 261 556 et
274 496 429 555 derelictos
439 495 569 554 visitare.
590 499 665 554 Nam
679 496 766 572 quasi
788 498 880 555 averti
895 497 933 555 ab
944 498 996 554 hc·
1050 492 1123 549 bam
1145 492 1290 567 despexit,
1306 499 1335 551 et
1348 493 1493 552 humilem
1517 495 1666 569 respexit:
1682 499 1712 553 et
1734 495 1818 568 quod
1833 514 1880 553 sn·

168 586 249 645 mine
273 589 344 643 tune
366 587 443 642 usus
471 584 589 654 dieitur,
606 602 676 644 oum
704 602 758 661 per
784 585 996 644 districtionem
1052 577 1145 649 parba
1160 580 1299 652 perdidit,
1310 582 1432 640 humilis
1446 582 1565 655 recepit.
1584 582 1653 640 ldeo
1666 583 1722 639 ait:
1743 585 1881 657 Respexit

165 671 270 743 judicii
284 672 387 745 gratiae
403 691 464 729 suoe
479 674 562 731 dona,
586 673 744 733 subtrahit,
760 678 834 734 Cum
849 692 919 735 vero
934 675 997 748 pla·
1050 666 1248 728 humilitatem
1274 671 1389 728 anciiiae
1417 688 1489 729 Stloe.
1513 672 1651 746 Respexit
1669 671 1877 742 humilitatem,

168 764 251 818 catus
260 777 314 835 per
321 761 558 820 misericordiam
569 762 720 822 subtracta
732 765 866 835 restituit,
877 781 997 822 rursum
1051 756 1180 831 respexit
1192 757 1440 818 humiliationem.
1462 761 1662 818 Humilitatem
1677 762 1814 834 respexit,
1824 762 1880 818 hu-

166 863 220 922 per
232 855 402 923 respectum
417 850 519 923 gratiae
535 851 575 908 ad
590 868 660 909 eum
687 870 718 910 se
737 853 889 911 convertit.
920 855 996 911 Bone
1051 847 1153 905 ruilem
1166 864 1372 920 remunerans,
1383 850 1620 908 humiliationem
1629 851 1766 925 respexit,
1782 852 1879 909 humi-

167 952 238 1008 ergo
252 937 341 995 llario
356 937 452 995 solam
466 938 497 996 in
511 956 543 996 se
558 939 756 998 humilitatem
771 941 996 999 Dominumres·
1051 934 1153 994 liatam
1168 937 1311 995 exaltans.
1328 940 1391 996 huo
1403 943 1480 1008 sunt,
1490 938 1642 996 humilitas
1658 944 1687 996 et
1696 939 1875 997 humiliatio:

167 1022 283 1096 perisse
306 1028 439 1094 testatur,
464 1026 538 1101 quia
560 1025 723 1086 divinitatis
743 1027 995 1102 propitiationem,
1051 1023 1258 1092 humilitasost
1271 1027 1351 1083 intus
1372 1026 1403 1083 in
1430 1024 1537 1084 virtute
1564 1028 1681 1096 mentis,
1711 1027 1877 1086 humiliatio

169 1128 263 1187 quam
278 1112 414 1171 humana
435 1120 543 1173 natura
555 1115 586 1173 in
614 1116 719 1191 primis
747 1115 921 1191 parentibus
942 1130 996 1189 per
1051 1111 1121 1168 loris
1135 1112 1224 1170 estin
1238 1113 1404 1185 abjectione
1419 1114 1564 1172 humanae
1578 1115 1737 1189 opinionis.
1754 1116 1877 1174 Sedser-

168 1199 342 1274 superbiam
357 1201 495 1276 perdidit,
512 1205 541 1261 in
569 1204 659 1264 llaria
672 1223 726 1281 per
740 1206 937 1264 humilitatem
952 1220 995 1261 re·
1051 1200 1079 1256 vi
1093 1200 1144 1258 llei
1158 1199 1321 1275 aliquando
1336 1217 1406 1259 cum
1432 1202 1599 1261 humilitate
1624 1204 1713 1262 etiam
1740 1203 1877 1261 humilia-

167 1288 329 1360 cuperavit.
346 1293 432 1359 Nam,
448 1291 520 1366 quia
534 1292 611 1351 inea
624 1294 753 1352 Verbum
777 1294 869 1352 Patris
897 1293 996 1351 earnis
1050 1287 1161 1346 tionem
1182 1288 1303 1347 habent.
1334 1290 1502 1365 Aliquando
1531 1291 1728 1349 humilitatem
1753 1291 1875 1359 habent,

168 1373 379 1445 substantiam,
405 1393 498 1451 quam
520 1378 575 1438 sihi
590 1380 695 1450 uniret,
712 1383 883 1455 assumpsit,
909 1380 996 1456 quasi
1049 1376 1287 1436 humiliationem
1301 1394 1362 1437 non
1382 1377 1503 1438 habent.
1520 1384 1679 1455 Nunquam
1693 1397 1765 1439 vcro
1778 1380 1878 1437 humi-

166 1462 205 1520 ad
220 1478 297 1533 eam,
311 1481 406 1539 quam
419 1467 503 1541 prius
513 1468 672 1541 abjecerat,
684 1473 824 1528 naturam
832 1470 995 1528 subliman-
1048 1465 1201 1524 liationcm
1216 1466 1279 1524 sine
1288 1466 1454 1525 humilitate
1464 1467 1584 1527 habent.
1598 1469 1877 1527 Humilitatemcnm

169 1549 311 1628 damper
335 1554 570 1615 misericordiam
594 1559 732 1633 respexit.
760 1557 897 1634 Respexit
924 1574 994 1632 ergo
1014 1553 1255 1634 phumiliatione
1282 1554 1405 1625 habent,
1419 1555 1471 1630 qui
1496 1560 1524 1614 et
1538 1573 1639 1615 coram
1664 1559 1723 1615 lieo
1746 1554 1877 1612 humiles

164 1637 361 1699 humilitatem
376 1640 472 1701 itariae
483 1646 560 1701 Deus
577 1665 583 1702 ι
603 1646 651 1704 cui
678 1650 801 1723 propter
820 1646 994 1705 humilitatis
1050 1645 1127 1713 sunt,
1144 1646 1172 1701 et
1184 1660 1286 1702 coram
1301 1644 1475 1702 hominihus
1500 1645 1705 1719 despicabiles.
1724 1643 1876 1702 Humilita-

164 1728 304 1788 meritum
319 1729 400 1789 dedit
414 1735 447 1789 ut
461 1732 566 1792 Filium
581 1750 670 1793 suum
685 1735 716 1793 in
744 1751 834 1794 carne
856 1751 911 1792 sua
925 1750 994 1792 con-
1050 1735 1109 1789 tem
1124 1732 1186 1791 sine
1199 1731 1405 1791 humiliatione
1420 1730 1543 1804 habent,
1559 1732 1612 1807 qul
1625 1731 1692 1789 licet
1705 1746 1808 1788 coram
1821 1727 1877 1784 ho-

165 1817 283 1892 eiperet,
301 1822 329 1875 et
340 1817 378 1876 de
392 1835 447 1877 sua
459 1837 548 1880 carne
562 1839 669 1881 verum
682 1826 786 1891 ileum,
798 1828 827 1883 et
839 1822 993 1881 hominem
1048 1818 1181 1877 minibus
1195 1819 1267 1877 toria
1279 1819 1476 1894 despicabiles
1502 1836 1564 1879 non
1593 1822 1767 1894 appareant,
1795 1819 1876 1875 intus

164 1904 301 1962 omnium
316 1906 474 1966 hominum
491 1910 649 1984 (quantum
670 1912 701 1971 in
716 1914 782 1989 ipso
796 1917 849 1983 est)
862 1911 994 1971 salvato·
1048 1911 1149 1965 tamen
1162 1907 1337 1966 humilitatis
1352 1910 1491 1966 meritum
1507 1923 1610 1966 coram
1624 1910 1684 1965 beo
1699 1902 1875 1964 inviolatum

163 2008 227 2051 rem
243 2000 405 2067 generaret.
419 1999 509 2072 Cujus
521 2001 696 2061 humilitatis
706 2002 845 2061 vhtuum
857 2018 929 2060 mox
944 2002 993 2058 de·
1048 2001 1234 2069 conservant,
1265 1995 1323 2053 illis
1347 1995 1479 2054 mundus
1507 1994 1667 2052 crucilixus
1693 1998 1748 2062 est,
1764 1997 1793 2050 et
1818 1991 1875 2066 ipsi

164 2083 327 2143 terminans
355 2084 510 2161 subjungit
524 2089 638 2148 aneihae
654 2109 726 2150 sure.
744 2091 916 2167 Numquis
938 2091 993 2149 hu·
1048 2085 1173 2156 mundo,
1190 2083 1262 2160 quia
1277 2099 1331 2160 per
1342 2083 1541 2143 humilitatem
1569 2084 1720 2142 mundum
1743 2086 1874 2139 contem·

163 2171 271 2230 militer
281 2189 321 2242 se,
333 2174 416 2250 quod
429 2182 500 2246 erat,
517 2178 656 2237 anesslam
671 2179 820 2252 cognovit,
831 2179 899 2239 ideo
909 2180 993 2255 quod
1048 2178 1132 2244 nunt,
1146 2179 1174 2232 ot
1187 2190 1241 2251 per
1252 2172 1490 2232 humiliationem
1504 2190 1523 2231 a
1535 2172 1651 2230 mundo
1678 2176 1874 2231 contemnun-

162 2274 225 2318 non
238 2265 301 2318 erat
314 2260 478 2321 sublimiter
493 2269 589 2323 mater
599 2283 664 2327 esse
677 2269 795 2339 meruit,
806 2269 860 2326 sed
875 2269 948 2344 qnia
961 2269 992 2326 in
1047 2268 1103 2320 tur.
1122 2263 1184 2321 istis
1199 2279 1270 2321 vero
1284 2261 1417 2320 mundus
1424 2259 1548 2335 quidem
1563 2261 1723 2319 crucifixus
1736 2274 1798 2318 non
1813 2260 1873 2325 titt

163 2362 209 2416 eo,
224 2348 308 2423 quod
324 2351 507 2411 scancillum
521 2355 698 2427 nominavit,
721 2357 861 2416 virtutem
874 2356 992 2415 humili·
1047 2352 1103 2424 ipsi
1119 2356 1220 2409 tamen
1237 2350 1352 2408 mundo
1380 2353 1450 2408 sunt
1476 2349 1618 2420 crucifixi,
1647 2348 1720 2424 quia
1747 2346 1874 2419 gloriam

162 2434 229 2493 illst
247 2437 374 2512 ΘΧΡΓῘΙΠῘ
401 2440 541 2512 diximus,
563 2448 606 2501 ut
623 2451 768 2521 appareat
792 2445 919 2522 qualiter
934 2445 991 2504 boe
1047 2441 1223 2510 humanam,
1238 2454 1332 2513 quam
1348 2436 1419 2495 loris
1438 2453 1499 2495 non
1528 2438 1687 2512 quaesitam
1712 2434 1872 2510 accipiunt,

162 2521 275 2591 dictum
288 2526 487 2588 humilitatem
503 2533 703 2604 commendet,
719 2532 867 2592 servitutis
881 2549 992 2604 genera
1046 2529 1125 2585 uitus
1135 2543 1189 2602 per
1198 2527 1337 2584 virtutem
1349 2524 1872 2583 humilitatisoblatamcontemnunt.

161 2607 342 2684 distinguere
355 2615 512 2676 debemus.
534 2621 662 2678 Servitus
690 2621 771 2680 cuim
784 2626 914 2695 quatuor
927 2637 991 2679 mo·
1046 2619 1122 2688 Ergo
1136 2615 1233 2683 llaria,
1249 2631 1317 2689 quae
1330 2612 1412 2687 apud
1427 2616 1520 2672 ileum
1530 2613 1652 2672 humilis
1666 2616 1738 2683 erat,
1752 2615 1781 2669 et
1791 2608 1873 2684 apud

161 2697 208 2755 dis
232 2701 374 2772 variatur,
391 2706 557 2764 secundum
586 2708 798 2779 conditionem,
823 2709 990 2767 secundum
1045 2704 1182 2763 homines
1197 2707 1318 2777 propter
1347 2704 1441 2759 Deum
1469 2702 1596 2775 abjecta,
1622 2702 1652 2760 in
1667 2705 1794 2775 utroque
1809 2715 1896 2756 sea,

160 2787 376 2861 necessitatem,
391 2795 558 2853 secundum
566 2797 713 2866 timorem,
727 2798 894 2856 secundum
901 2797 990 2856 dilec-
1045 2797 1104 2850 Deo
1119 2795 1287 2865 respectam
1301 2806 1364 2847 esse
1381 2793 1511 2859 testatur,
1535 2790 1607 2865 quia
1622 2794 1651 2849 et
1676 2789 1740 2863 ejus
1754 2785 1873 2844 humili-

160 2875 282 2936 tionem.
311 2880 481 2940 Secundum
510 2884 712 2943 conditionem
746 2884 848 2943 omnia
879 2884 989 2943 divina
1045 2884 1088 2936 its
1104 2878 1186 2952 apud
1203 2880 1297 2935 Deum
1312 2878 1502 2953 titel)labilis
1528 2878 1607 2937 facia
1623 2882 1677 2948 est,
1693 2877 1799 2949 eitius
1816 2874 1870 2932 ¹¹¹¹·

162 2965 295 3024 servituti
310 2968 421 3027 debent
433 2987 497 3030 esse
523 2973 664 3042 obnoxia,
693 2974 766 3048 quia
792 2989 869 3047 opus
886 2973 989 3031 factori
1044 2966 1168 3024 miliatio
1193 2965 1276 3042 apud
1298 2965 1436 3024 homines
1466 2967 1498 3026 in
1524 2967 1651 3040 gloriam
1675 2968 1871 3025 commutata.

160 3067 225 3123 suo,
242 3053 299 3113 hoe
314 3071 351 3114 ex
365 3059 535 3118 conditione
550 3062 595 3119 sui
610 3061 708 3131 debet,
723 3068 757 3120 ut
784 3062 848 3136 ejus
864 3063 989 3137 disposi-
1044 3055 1127 3113 Unde
1140 3055 1291 3130 sequitur:

159 3141 289 3201 tionibus
314 3145 507 3222 obtemperet,
535 3155 563 3207 et
598 3150 731 3210 instituta
764 3157 926 3226 sequatur:
956 3156 989 3210 ut
1078 3145 1156 3203 Ecce
1178 3145 1256 3203 enim
1271 3159 1309 3202 tx
1323 3144 1378 3202 tut
1402 3144 1518 3204 beatam
1534 3161 1578 3204 me
1597 3145 1806 3203 dicentomtttt
1824 3157 1872 3214 tt·

160 3229 235 3289 stent
248 3231 287 3290 ab
310 3233 376 3309 ipso
399 3236 512 3295 tactum
539 3243 592 3309 est,
622 3241 663 3298 ita
692 3256 753 3298 non
768 3240 825 3297 nisi
841 3239 897 3297 sub
910 3239 986 3314 ipso,
1044 3233 1223 3291 strutiones.
1241 3235 1339 3307 Usque
1354 3234 1393 3291 ad
1408 3233 1482 3292 illud
1507 3248 1639 3309 namque
1665 3231 1747 3306 apud
1776 3231 1873 3288 homi·

159 3322 188 3375 et
207 3321 374 3381 secundum
400 3324 501 3399 ipsum
515 3326 643 3387 incedat.
662 3330 833 3388 Secundum
862 3327 989 3385 necessi·
1042 3334 1096 3376 uos
1110 3321 1307 3396 opprobrium
1321 3322 1477 3380 sterilitatis
1491 3318 1873 3397 portaveratquiaintegri·

69 3471 73 3477 ,
158 3408 249 3464 talem
276 3415 376 3468 autom
401 3415 462 3471 heo
486 3416 595 3474 servire
609 3417 862 3495 dicunturpravre
884 3415 988 3473 volun-
1043 3412 1133 3466 tatem
1149 3409 1325 3482 virginitatis
1340 3412 1425 3468 thoro
1439 3411 1567 3469 maritali
1594 3408 1798 3485 praeponebat.
1814 3405 1873 3464 Sed

63 3556 65 3564 .
158 3495 241 3562 lites,
256 3512 324 3568 <111ae
349 3501 499 3573 anmoins
525 3503 712 3575 jussionibus
731 3505 877 3562 contraire
892 3504 987 3561 nitan-
1042 3498 1123 3555 unde
1138 3499 1169 3555 in
1185 3499 1277 3572 priori
1291 3501 1481 3571 generatione
1505 3499 1617 3558 carnali
1628 3496 1717 3575 quasi
1730 3495 1872 3555 maledic·

157 3582 214 3649 tur,
231 3597 285 3656 per
297 3583 480 3644 ineffabilem
496 3594 597 3650 umen
621 3593 686 3665 ejus
701 3592 927 3668 dispositionem
942 3607 987 3649 ar·
1041 3587 1130 3645 tionis
1159 3589 1336 3647 sententiam
1363 3589 1511 3657 sustinuit,
1527 3589 1597 3646 inde
1618 3604 1700 3646 nunc
1729 3585 1767 3644 ab
1787 3584 1872 3642 omni

157 3671 284 3740 utantur,
298 3676 332 3729 ut
344 3673 418 3730 nihil
433 3675 495 3733 sine
519 3677 612 3752 ipsius
624 3683 701 3738 nutu
714 3680 754 3738 ad
768 3679 908 3738 affectum
922 3696 987 3754 per·
1042 3678 1231 3748 generatione
1246 3679 1352 3736 merita
1376 3678 1582 3737 benedictione
1598 3677 1805 3735 collaudatur:
1822 3672 1871 3732 cui

156 3758 265 3823 ducere
280 3766 402 3835 queant.
420 3764 554 3825 Sereiunt
564 3767 699 3828 nolentes
712 3771 777 3844 ejus
788 3769 984 3843 dispositioni,
1041 3764 1098 3823 hoc
1110 3766 1187 3824 inter
1202 3783 1307 3824 omncs
1322 3767 1448 3825 seminas
1464 3768 1518 3825 soli
1533 3781 1710 3825 concessum
1725 3769 1779 3833 est,
1796 3767 1870 3821 utet

156 3847 209 3921 qui
222 3848 356 3908 volentes
377 3851 502 3925 subjecti
515 3870 577 3914 non
593 3861 663 3916 sunt
675 3857 770 3933 ipsius
781 3858 984 3933 praeceptioni.
1042 3854 1172 3914 fructum
1187 3855 1375 3914 fecunditatis
1401 3857 1534 3926 haberet,
1551 3861 1579 3914 et
1593 3856 1792 3928 integritatem
1813 3852 1870 3910 vir·

160 3935 300 4009 Sequitur
313 3939 398 3998 tertia
421 3941 641 4021 servitusque
664 3945 699 4005 lit
715 3947 832 4016 timore,
861 3947 985 4022 quando
1040 3944 1171 4015 ginitatis
1185 3961 1249 4001 non
1263 3945 1418 4003 amitteret.
1435 3945 1573 4019 Respexit
1585 3945 1665 4003 enim
1680 3947 1757 4002 heus
1770 3940 1869 4000 humi-

155 4021 257 4082 divina
271 4032 422 4103 praecepta
439 4045 501 4089 non
524 4033 729 4095 exdilectione
744 4034 915 4110 implemus,
932 4036 985 4094 sed
1039 4034 1152 4091 hmtcm
1167 4033 1242 4105 ejus,
1273 4037 1303 4090 et
1329 4033 1451 4092 abstulit
1476 4033 1713 4106 humiliationem
1737 4033 1812 4104 ejus,
1839 4033 1869 4088 et

156 4108 374 4175 ⁰¹10midiss0·
389 4119 501 4186 Quarta
527 4126 628 4183 autem
643 4125 768 4184 servitus
791 4130 843 4196 est,
860 4124 984 4201 quando
1039 4122 1117 4192 ideo,
1133 4123 1240 4197 inquit,
1255 4138 1292 4181 ex
1307 4124 1364 4181 hoe
1378 4122 1501 4182 beatam
1519 4141 1568 4182 me
1582 4124 1682 4181 dicent
1695 4136 1802 4180 omnes
1819 4135 1868 4192 ge·

90 4228 100 4246 ,
154 4198 517 4293 voluntariejussiouibus
538 4211 617 4272 iilius
633 4214 895 4290 obtemperamus;
912 4215 984 4290 quia
1039 4213 1218 4272 uexationes.
1249 4213 1359 4272 Omnes
1382 4214 1597 4285 generationes,
1627 4228 1696 4288 quae
1723 4210 1867 4270 amissam

154 4284 256 4360 ipsum
269 4290 323 4365 ‘1¹15
338 4292 425 4367 jubet
455 4298 618 4373 diligimus,
642 4319 698 4362 nee
720 4303 802 4363 aliud
826 4303 857 4363 in
881 4308 983 4362 nostra
1002 4276 1257 4362 Dbeatitudinem
1271 4318 1326 4378 per
1340 4302 1470 4361 fructum
1484 4303 1626 4361 uterimei
1635 4300 1866 4376 recuperabunt,

155 4377 293 4438 servitute
321 4387 405 4444 extra
437 4385 539 4462 ipsum
583 4392 779 4450 commodum
808 4393 981 4468 quaerimus,
1039 4410 1102 4469 qua
1120 4409 1175 4468 per
1190 4391 1320 4451 fructum
1333 4393 1411 4451 vetiti
1426 4392 1498 4464 ligni
1522 4393 1644 4466 privatae
1659 4395 1744 4462 sunt;
1760 4405 1866 4448 omnes

111 4483 112 4487 ¹
153 4471 293 4537 quornm
319 4474 487 4535 secundum
511 4494 582 4537 eum
603 4480 803 4550 maanus,
819 4481 859 4539 ad
882 4481 982 4556 ipsum
1038 4482 1159 4541 henum
1175 4499 1223 4540 me
1235 4480 1343 4550 dicent,
1358 4483 1392 4539 ut
1405 4496 1514 4555 parum
1524 4482 1588 4554 jam
1603 4483 1640 4539 sit
1663 4481 1694 4540 in
1717 4478 1867 4555 preterita

153 4555 320 4628 pertingere
334 4561 500 4624 valeamus.
515 4570 576 4627 Roc
595 4573 639 4628 est
653 4570 732 4628 enim
747 4574 868 4646 propter
881 4570 981 4645 ipsum
1038 4572 1228 4645 generatione
1257 4569 1432 4628 sustinuisse
1465 4571 1623 4629 sterilitatis
1655 4569 1863 4644 opprobrium,

153 4639 251 4699 lacere
264 4647 348 4718 quod
369 4650 432 4725 ipse
444 4652 540 4726 jubet,
565 4662 688 4732 propter
701 4658 801 4733 ipsum
816 4659 982 4735 adipiscen·
1037 4660 1156 4736 quaeab
1175 4659 1259 4720 omni
1291 4658 1480 4731 generatione
1508 4659 1608 4717 lutura
1622 4652 1677 4733 p'ro
1704 4657 1802 4716 fructu
1824 4656 1866 4714 le·
1895 4711 1898 4714 ⁴

153 4726 228 4828 dum
241 4729 338 4832 iuuere
350 4738 434 4810 quod
447 4740 542 4813 J‘ubet.
565 4745 623 4803 Sed
637 4762 674 4804 ex
686 4746 734 4805 his
748 4751 878 4822 quatuor
892 4750 981 4807 servi·
1037 4750 1196 4809 canditatis
1210 4765 1285 4807 mers
1295 4749 1383 4806 beata
1396 4748 1540 4808 vocabor.
1554 4749 1604 4806 Er
1628 4748 1693 4817 boc,
1703 4746 1810 4821 inquit.
1823 4749 1864 4804 lte

153 4814 328 4915 tuubusnlla
342 4825 617 4904 mihiproecipuein
631 4833 761 4895 hocloco
775 4837 980 4897 commendari
1035 4841 1060 4898 si
1087 4840 1198 4899 diceret
1225 4838 1395 4897 Elisabeth:
1416 4841 1459 4896 Ex
1484 4853 1545 4912 quo
1560 4854 1614 4912 per
1642 4854 1676 4895 os
1701 4839 1787 4895 tuum
1808 4851 1865 4893 sua

151 4903 278 5006 hiltini.
294 4926 363 4983 quae
377 4919 421 4972 est
435 4918 601 4979 secundum
623 4922 834 4983 conditionem.
848 4929 930 4984 Rana
944 4926 980 4985 si·
1035 4928 1197 5002 magnalia,
1227 4945 1295 5003 quae
1320 4926 1351 4986 in
1379 4944 1427 4985 me
1451 4931 1591 5002 operatus
1606 4930 1658 4995 est,
1684 4925 1810 5001 aperuit,
1826 4940 1863 4982 cx

151 4995 275 5094 ‘tndem
284 5005 423 5073 parentes
436 5008 529 5066 nostri
552 5009 582 5069 in
604 5013 745 5086 paradiso
768 5015 919 5073 conditori
931 5033 980 5074 ex·
1035 5018 1092 5076 hoc
1107 5017 1213 5077 eadem
1231 5017 1261 5074 in
1277 5032 1381 5074 omncs
1410 5016 1615 5086 generationes
1641 5011 1862 5072 manifestando

150 5081 253 5145 hibere
269 5088 439 5165 noluerunt,
455 5098 579 5172 quando
604 5100 634 5159 in
663 5102 836 5177 superbiam
849 5103 979 5162 elatide·
1034 5105 1249 5179 magnificabit.

151 5183 313 5245 'petierunt
332 5197 396 5241 0⁸⁵⁰
413 5184 470 5243 sub
481 5185 531 5246 5110
554 5191 780 5265 tqu0i¹10t³sst
802 5191 923 5262 cmliii,
950 5198 979 5251 et
1071 5202 1651 5277 Quiasecitmibirnupnuquipotcnsest
1662 5220 1668 5259 :
1681 5205 1709 5260 et
1723 5206 1861 5260 sanctam

149 5259 309 5363 wem*
323 5286 461 5371 Perverse
476 5293 546 5335 ⁰¹¹OE
560 5277 610 5336 1¹¹0
625 5296 690 5337 0⁸³0
705 5279 736 5337 1¹¹
746 5281 901 5353 majestate
909 5298 978 5341 0⁰11·
1033 5309 1140 5352 nornen
1148 5294 1221 5363 cjrrs.
1234 5295 1375 5362 Regnum
1383 5290 1446 5360 fuit,
1457 5295 1490 5348 ut
1497 5289 1581 5362 virgo
1589 5291 1652 5349 sine
1662 5289 1737 5347 virili
1746 5290 1860 5346 semine

151 5350 271 5447 'imum’
287 5373 340 5430 ‘1¹¹¹
353 5377 414 5420 ¹¹⁰⁰
429 5372 514 5425 erant
535 5368 566 5425 5¹¹
580 5373 687 5427 natura
713 5369 853 5444 aequalis·
868 5373 978 5430 cmite-
1032 5381 1128 5439 tilium
1150 5381 1327 5454 conciperet.
1351 5379 1561 5450 Regnumluit,
1575 5380 1665 5437 utllei
1686 5377 1778 5436 Patris
1791 5378 1859 5433 Ver-

149 5443 265 5498 ¹¹¹⁰¹¹¹⁸f
272 5459 345 5521 ⁰l80
358 5456 452 5522 grafia
462 5456 557 5533 eulpae
571 5459 977 5536 respondethvapersuper-
1031 5469 1107 5529 hum
1121 5485 1210 5527 carne
1231 5486 1286 5528 sua
1299 5468 1438 5527 indutum
1452 5473 1536 5526 utero
1560 5470 1695 5541 gestaret.
1718 5468 1858 5536 llagnum

149 5525 233 5598 hiim
245 5547 411 5609 creaturam
426 5555 476 5613 hei
496 5570 601 5618 seesse
615 5563 734 5632 etopus
749 5559 809 5632 liei,
824 5573 888 5623 non
905 5573 975 5618 con·
1032 5558 1095 5628 luit,
1112 5561 1145 5616 ut
1156 5558 1240 5625 dum,
1252 5572 1283 5615 se
1298 5556 1437 5616 ancillam
1452 5555 1588 5615 contessa
1602 5562 1655 5627 est,
1669 5557 1764 5614 mater
1774 5552 1860 5611 fieret
