3832 6044
84 108 163 181 ,ton
263 100 415 159 HUGONIS
434 99 528 156 DES
549 98 697 155 vicione
716 96 791 153 OPP.
820 93 1004 149 eaesi.-
1023 89 1279 148 exananien-
1299 89 1332 145 ll.
1355 87 1389 144 ΙΝ
1408 82 1623 142 ennaranti.

96 229 225 289 solutam
239 225 417 300 quamdam,
437 227 467 280 et
479 221 562 279 omni
583 220 714 295 pedestri
728 217 925 277 minoratione
941 220 962 274 Α
980 215 1117 274 virtutem
1132 214 1245 288 optime
1256 217 1286 271 et
1309 212 1443 287 speciose
1463 209 1638 266 imitentur.
1666 208 1741 280 Prop

96 317 224 376 liberam
240 329 429 386 anagogem
446 310 589 384 nullaque
604 309 830 407 tyrannicarum
843 305 929 363 dissi·
981 304 1126 379 inqnit,«
1112 303 1279 361 eristuno
1290 301 1443 360 declarare
1459 297 1741 357 nominationema

96 402 301 464 militudinum
315 399 482 457 ullomodo
496 415 564 456 eam
578 398 753 455 inclinatam
778 394 928 452 univorsa·
980 394 1218 453 dominationem
1232 392 1470 450 conformantem
1485 406 1529 456 se,
1546 391 1578 445 et
1600 402 1644 444 ea
1667 400 1738 459 que

97 493 170 561 liter,
187 489 347 548 liberaliter
362 504 499 546 severam
513 486 762 552 dominationem,
776 482 860 540 orani
874 481 928 538 mi-
982 500 1050 541 eam
1064 487 1143 551 sunt,
1158 483 1266 540 divine
1281 482 1398 539 virtuti·
1391 523 1398 550 ,
1409 486 1438 538 et
1447 479 1486 537 ad
1498 477 1624 536 nullum
1635 490 1741 533 vanav

97 581 210 641 nutivae
224 579 355 639 servituti
384 576 629 653 supcrpositam:
654 573 840 648 superiorem
862 570 930 628 sub·
982 571 1325 645 tiam,sedadprop1ic
1347 587 1388 627 on
1415 567 1589 626 universale
1612 578 1741 623 convoer

96 670 238 744 jectione,
255 667 339 726 omni
353 672 382 725 et
395 670 542 724 remotam
557 665 597 723 ab
607 664 748 722 universa
762 659 931 719 dissimula·
983 662 1151 720 videntium
1165 661 1250 736 ponit
1262 677 1317 735 pro
1331 677 1377 730 eo,
1393 659 1477 733 qnod
1491 658 1595 714 dicere
1612 654 1741 712 denum

99 760 190 828 ιιοιιο,
203 756 457 825 etdominationis
475 754 659 813 incessanter
672 755 882 826 appetentem
903 752 932 806 et
984 767 1101 825 soram,
1116 751 1298 809 usitatissiao
1312 752 1482 808 Groecornm
1512 761 1603 804 more
1633 743 1741 820 quonia

99 849 140 908 ad
153 846 253 904 illius
246 845 340 920 ipsius
356 843 533 904 naturaliter
547 840 736 899 subsistentis
751 837 868 897 virtutis
895 837 931 894 si·
984 842 1077 899 verbo
1088 839 1229 914 ιιιουμαι,
1242 841 1301 898 hoc
1310 844 1363 907 est
1379 839 1467 896 video
1477 838 1525 895 vel
1541 836 1668 902 videor,
1683 848 1741 907 quo

99 935 309 1004 militudinem,
327 937 476 1008 quantum
503 931 656 1005 possibile,
684 933 713 987 ct
736 927 877 1002 seipsam,
902 930 931 983 et
984 928 1494 998 communaest,derivanrr:uts1t
1514 942 1655 983 sensus:
1687 923 1741 981 lixi

99 1040 169 1101 qum
183 1026 252 1098 post
265 1038 333 1078 eam
351 1024 430 1089 sunt,
461 1017 583 1092 optime,
612 1022 641 1075 ei
659 1016 793 1091 speciose
814 1014 930 1073 eonfor-
984 1020 1137 1078 declarare
1151 1034 1329 1076 conversam
1342 1034 1402 1074 non
1418 1016 1457 1074 ad
1477 1013 1599 1089 aliquid
1620 1027 1735 1070 eorum

100 1117 255 1182 mantem;
271 1111 311 1170 ad
323 1110 443 1168 nullum
457 1124 537 1168 vana
549 1108 718 1167 videntium
733 1107 787 1163 sed
809 1105 849 1164 ad
862 1120 930 1178 pro
985 1125 1065 1167 vana
1079 1109 1227 1177 videntur,
1244 1108 1275 1165 id
1288 1111 1334 1165 est
1347 1123 1415 1181 qum
1428 1122 1482 1181 per
1497 1121 1529 1162 se
1543 1102 1741 1161 considerata

99 1203 164 1278 prie
183 1206 210 1256 ὅν
237 1218 277 1258 on
304 1190 472 1258 universale
497 1213 686 1267 conversam,
714 1202 743 1254 et
769 1193 930 1253 Dominieae
985 1203 1142 1274 apparent,
1159 1203 1188 1256 et
1202 1197 1381 1255 transitoria
1398 1196 1456 1254 Sed
1470 1208 1663 1253 conversam
1677 1191 1741 1266 poti

100 1289 485 1365 semperdeiformitatisin
498 1286 737 1361 participatione,
763 1283 930 1343 secundum
984 1288 1157 1362 proprieon
1178 1286 1355 1353 universale,
1380 1285 1411 1342 id
1434 1289 1480 1342 est
1502 1298 1700 1341 conversam
1725 1297 1741 1338 a

100 1380 184 1455 quod
197 1376 339 1454 possibile
364 1377 433 1437 ast·
421 1376 479 1451 apsi
493 1375 632 1434 factam.»
645 1378 711 1432 llaec
726 1372 930 1432 omnianomi·
982 1378 1068 1451 quod
1081 1382 1124 1434 est
1138 1375 1268 1450 proprie,
1283 1380 1312 1432 ct
1321 1374 1509 1443 universale,
1524 1373 1567 1429 ad
1582 1375 1700 1439 Deum,
1714 1386 1741 1426 se

100 1468 182 1527 natio
194 1466 442 1528 dominationum
455 1466 544 1523 docet
557 1482 563 1536 ;
577 1464 609 1521 in
624 1479 660 1523 eo
677 1464 768 1537 enim,
782 1461 866 1536 quod
880 1461 932 1517 do·
985 1467 1032 1524 cui
1047 1471 1076 1524 ei
1089 1466 1246 1540 proprium
1261 1480 1325 1521 esse
1335 1469 1388 1532 est,
1403 1463 1475 1537 quia
1488 1478 1545 1536 per
1562 1477 1599 1518 se
1628 1460 1741 1517 svibsiat

101 1557 281 1615 missssfiossfls
296 1554 496 1629 appellantur,
511 1554 698 1620 hfflssomssiet
728 1569 796 1626 quie
815 1551 853 1608 de
878 1548 932 1606 Sei·
949 1572 969 1628 n
984 1555 1162 1622 universale,
1177 1555 1249 1628 quia
1268 1553 1409 1610 omnibus
1423 1568 1487 1609 esse
1513 1551 1645 1609 tribuit.
1673 1549 1741 1607 Scia

100 1644 162 1719 psis
174 1645 254 1702 dicta
268 1648 346 1715 sunt,
357 1643 468 1701 habere
483 1646 513 1700 et
525 1642 623 1701 facere
639 1639 855 1712 significantm.
869 1640 930 1695 noc
984 1662 1055 1702 vero
1067 1645 1150 1718 quod
1161 1644 1189 1698 a
1203 1660 1243 1700 on
1258 1643 1340 1717 apud
1363 1645 1479 1700 Graecos
1503 1640 1642 1714 quando
1673 1654 1732 1712 per

100 1737 145 1792 esi
158 1733 243 1806 quod
255 1732 327 1791 dieii
342 1750 348 1789 :
365 1753 380 1784 n
397 1731 539 1789 Existimo
558 1729 810 1788 manifestativam
837 1725 932 1784 nomi·
985 1738 1143 1810 perpauper
1156 1732 1302 1800 omicron,
1316 1731 1346 1787 id
1360 1735 1432 1788 esto
1445 1730 1536 1787 breve
1547 1745 1607 1785 seu
1617 1742 1741 1802 parvun

17 1830 18 1833 ’
100 1822 255 1881 ιιιιιοιιοιιι
270 1825 443 1880 sanctarum
465 1821 718 1887 dominationum,
735 1842 749 1869 ιι
764 1819 853 1875 idest
879 1831 931 1873 no
984 1823 1075 1892 bitur,
1090 1823 1224 1880 neutrale
1239 1826 1293 1890 est,
1309 1826 1338 1877 et
1351 1821 1563 1894 interpretatur
1577 1819 1733 1891 quodem.

99 1911 307 1980 minationem,
320 1909 599 1984 quamanifcstatur
608 1912 636 1965 et
644 1906 813 1965 declaratur
827 1920 931 1963 aarum
984 1913 1025 1969 no
1039 1928 1111 1969 vero
1125 1917 1160 1964 a„
1173 1928 1226 1985 pei·
1241 1934 1261 1964 ω
1276 1916 1321 1965 riv
1331 1915 1407 1984 pepe,
1422 1910 1453 1967 id
1467 1914 1512 1966 est
1526 1930 1548 1962 a
1557 1908 1704 1980 longum
1714 1922 1741 1963 vv

101 2000 204 2068 virtus,
215 2004 244 2056 et
257 1997 440 2066 excellentia,
454 2000 483 2054 et
492 1996 622 2068 dignitas
638 2015 644 2054 :
661 1995 808 2064 existimo,
823 1993 929 2068 inquit,
985 2017 1080 2074 gnum
1095 2000 1243 2069 scribitur,
1259 1999 1460 2058 masculinum
1474 2002 1529 2068 est,
1559 2001 1594 2054 et
1619 1998 1741 2071 interpr

100 2086 185 2144 illam
196 2086 435 2144 nominationem
450 2085 604 2144 declarare
626 2086 691 2142 luae
719 2085 831 2142 omnia.
860 2085 931 2150 Quae
986 2092 1039 2164 qm·
1051 2096 1104 2147 est,
1121 2091 1165 2146 on
1180 2105 1261 2159 ergo,
1274 2089 1338 2162 ipse
1352 2093 1397 2144 est
1410 2090 1531 2145 creator
1541 2087 1710 2156 omnium,
1721 2101 1741 2142 e

101 2174 360 2234 amiciendi«
377 2175 555 2234 biulinenim
569 2179 647 2244 sunt,
664 2197 678 2226 n
697 2173 765 2232 ideo
780 2171 842 2230 (lixi
868 2172 932 2228 hoec
987 2180 1109 2254 cipium,
1125 2178 1178 2253 qui
1192 2183 1245 2246 est,
1260 2183 1288 2236 et
1298 2177 1382 2252 quod
1395 2181 1440 2234 est
1450 2175 1574 2250 propria
1588 2177 1624 2232 in
1643 2191 1689 2244 se,
1718 2180 1741 2232 et

100 2263 203 2322 omnia
216 2281 225 2322 ι
240 2263 312 2338 quia
326 2263 422 2322 multa
439 2266 509 2322 sunt
532 2263 571 2320 ad
595 2278 661 2333 aaa,
689 2261 742 2318 sed
767 2276 865 2336 pauca
891 2260 930 2317 ed
986 2264 1101 2322 versate
1117 2262 1294 2321 adomnia:
1311 2262 1350 2320 ad
1364 2261 1449 2336 qnod
1471 2261 1671 2334 principium
1700 2260 1741 2317 dc

100 2354 191 2429 ipsas.
209 2375 223 2404 »
241 2352 393 2425 Existimo,
411 2352 518 2427 inquit,
553 2357 726 2411 sanctarum
754 2349 932 2409 dominatio-
987 2354 1100 2411 tionem
1113 2353 1170 2410 hac
1186 2368 1362 2410 conversam
1377 2351 1457 2418 dicit,
1472 2349 1636 2407 attactam
1662 2350 1741 2424 inp

99 2458 175 2502 num
193 2441 431 2501 nominationem
454 2441 607 2500 declarare
629 2441 800 2500 absolutam
827 2454 935 2513 qram-
986 2443 1118 2517 patione,
1133 2443 1164 2499 id
1176 2447 1221 2500 est
1232 2441 1408 2515 participem
1418 2440 1558 2499 effectam
1577 2439 1741 2496 Dominica

100 2532 184 2602 dam,
198 2554 212 2583 ιι
228 2532 259 2589 id
272 2536 317 2590 est
339 2532 476 2604 liberam,
505 2536 534 2590 et
561 2531 601 2590 ab
633 2531 716 2588 omni
742 2528 933 2603 depressione
986 2531 1153 2600 formitatis,
1170 2530 1200 2587 id
1215 2535 1260 2588 est
1271 2530 1380 2587 divinae
1391 2528 1610 2597 similitudinis,
1627 2545 1731 2602 quam

101 2622 232 2681 aliermm
248 2643 262 2672 ιι
280 2636 460 2694 anagogem,
478 2643 492 2671 ιι
514 2621 545 2677 id
569 2625 614 2679 est
640 2618 855 2687 excellentiam,
871 2616 933 2673 sive
985 2637 1049 2695 per,
1065 2620 1096 2678 id
1110 2624 1154 2677 cst
1168 2617 1461 2677 incommutaibiliter
1472 2617 1580 2675 retinet
1596 2636 1605 2674 :
1621 2618 1741 2674 factam

101 2710 325 2778 sublimitatem,
335 2710 388 2778 ¹vcl
402 2726 524 2767 sursum
537 2709 708 2768 ductionem
729 2723 844 2773 earum,
872 2721 934 2779 qna
985 2709 1153 2767 secundum
1168 2708 1251 2783 quod
1266 2705 1408 2781 possibile
1429 2710 1474 2762 est
1499 2706 1570 2780 ipsi.
1603 2710 1741 2772 llaetenu

100 2799 140 2857 ad
154 2816 308 2856 summum
338 2799 502 2867 elevantur,
520 2803 552 2858 ιιι
576 2798 651 2856 nulli
676 2797 753 2854 infra
778 2811 931 2852 summum
986 2798 1164 2856 monstravit
1187 2797 1262 2870 quid
1289 2795 1434 2868 significet
1455 2796 1632 2853 nominatio
1652 2796 1741 2853 domi

101 2887 308 2959 subjiciantur.
338 2890 372 2945 at
399 2886 535 2943 existimo
563 2887 662 2960 ipsam
694 2883 931 2942 nominationem
948 2923 970 2980 C
985 2901 1171 2956 num;nunc
1181 2885 1286 2943 transit
1298 2885 1605 2958 utdemonstretquid
1614 2884 1741 2957 signitie

100 2975 190 3033 ctiam
205 2974 367 3046 declarare,
380 2990 449 3033 eam
464 2973 749 3045 scilicetanagogen,
762 2973 825 3030 sive
839 2972 932 3028 excel·
986 2975 1110 3033 minatio
1122 2974 1276 3033 virtutum.

100 3064 223 3123 lentiam
237 3065 373 3139 ipsarum
387 3079 448 3122 non
463 3080 528 3121 esse
540 3063 713 3121 inclinatam
728 3060 931 3120 universaliter
1023 3064 1184 3138 Sequitm:
1210 3086 1224 3114 a
1243 3068 1342 3136 ipsam
1367 3078 1436 3120 vero
1465 3066 1648 3120 sanctorum
1684 3063 1741 3120 virt

100 3155 163 3213 ulta
178 3155 280 3224 modo,
297 3154 329 3212 id
342 3153 481 3213 estnulio
496 3152 723 3211 modoomnino
738 3150 932 3210 esseinclina·
984 3154 1091 3213 fortem
1106 3153 1273 3227 quamdam
1287 3156 1316 3210 et
1341 3150 1625 3209 incommutabilem
1656 3151 1741 3209 virifit

101 3250 163 3304 tam
177 3245 239 3302 uda
267 3243 493 3317 tyrannicarum
518 3241 801 3309 dissimilitudinem,
831 3239 863 3298 id
888 3243 933 3298 est
985 3242 1017 3300 in
1031 3258 1146 3311 omnes,
1167 3243 1335 3299 secundum
1348 3257 1454 3299 aarum
1477 3240 1730 3311 deiformitatem,

100 3349 154 3408 per
170 3333 274 3405 udam,
290 3332 352 3389 sive
364 3330 532 3389 seeundum
545 3330 638 3388 ullam
652 3328 841 3403 tyrannicam
848 3327 932 3385 dissi·
987 3331 1128 3400 rationes,
1143 3330 1184 3388 ad
1195 3331 1311 3388 nuliam
1339 3330 1561 3403 susceptionem
1586 3329 1741 3386 inditarur

100 3421 310 3489 militudinem,
333 3420 424 3478 idest
449 3419 617 3477 monadum
642 3417 776 3492 aliquam
803 3415 934 3490 tyranni·
986 3419 1158 3479 divinarum
1171 3419 1741 3478 illuminationemimbecilliterinfirmr

100 3508 264 3582 demque
278 3508 404 3566 omnino
419 3506 459 3565 ab
488 3523 594 3565 aarum
617 3504 822 3563 dominatione
847 3503 933 3561 dissi·
985 3513 1123 3584 potenter
1137 3509 1168 3566 in
1182 3509 1379 3567 imitationem
1392 3510 1443 3566 liei
1456 3509 1612 3565 reductam
1631 3526 1638 3564 :
1656 3523 1721 3565 non
1737 3523 1741 3564 1

100 3595 180 3655 milis
193 3601 247 3655 est.
266 3601 308 3654 Ac
331 3596 355 3653 si
381 3596 514 3654 diceret:
544 3595 624 3654 Sicut
651 3611 704 3667 per
728 3592 932 3651 excellentiam
984 3602 1127 3671 quantem
1142 3598 1251 3656 suimet
1263 3597 1463 3655 imbecillitate
1481 3596 1663 3653 deiformem
1692 3611 1741 3653 mc

101 3685 303 3744 universalem
319 3700 411 3760 supra
423 3699 545 3741 omnem
573 3682 790 3754 subjectionem
813 3681 931 3739 elevan-
986 3686 1040 3743 sed
1054 3686 1177 3744 tirmiter
1192 3686 1337 3744 ferentem
1350 3686 1381 3742 in
1396 3684 1691 3760 superessentialem,
1710 3688 1741 3741 et

101 3781 158 3846 tur,
175 3776 216 3835 ita
228 3775 267 3833 ad
281 3773 508 3850 oppressionem
528 3772 732 3844 subjectorum
747 3786 800 3842 per
815 3769 930 3828 nullam
987 3775 1149 3832 tentitlcam
1164 3775 1311 3842 virtutem,
1328 3781 1356 3832 et
1370 3775 1463 3849 ipsius
1486 3774 1654 3846 imaginem
1668 3773 1741 3831 virtu

101 3864 292 3938 tyrannidem
306 3863 497 3921 inclinantur.
985 3862 1097 3930 milam,
1118 3863 1204 3935 juxta
1224 3863 1403 3937 quodlicet,
1434 3863 1554 3932 factam,
1581 3867 1608 3919 et
1644 3862 1685 3919 ad
1719 3860 1741 3937 ι]

138 3951 294 4024 Sequitur:
311 3972 324 3998 «ι
342 3947 512 4006 Liberaliter
522 3962 657 4005 severam
669 3946 906 4005 dominationem
923 3966 930 4018 ;
985 3951 1109 4026 quidem
1124 3956 1156 4008 nt
1165 3952 1363 4027 principalem
1378 3953 1517 4010 virtutem
1534 3957 1675 4025 potenter
1698 3967 1741 4009 οοι

101 4038 184 4096 omni
196 4036 348 4094 minutivae
364 4035 495 4094 servituti
514 4036 746 4109 superpositam.
764 4059 778 4086 ιι
806 4040 932 4109 Asnpe·
985 4059 1060 4101 sam,
1075 4043 1120 4100 ,til
1135 4044 1300 4100 secundam
1312 4060 1384 4102 vero
1399 4044 1536 4101 virtutem
1557 4043 1636 4100 dans
1658 4047 1691 4100 et
1712 4042 1741 4100 (ii

99 4125 229 4184 rioribus
242 4124 496 4198 (subaudiendum
511 4124 707 4198 estlexistimo
717 4123 869 4182 declarare
879 4140 932 4181 no·
984 4132 1071 4189 miter
1085 4132 1321 4205 provenientem.
1334 4155 1347 4183 »
1377 4137 1486 4206 ipsam,
1508 4131 1614 4204 inquit,
1645 4135 1741 4189 sanan

100 4214 295 4273 minationem
310 4211 563 4283 dominationum,
575 4213 812 4272 dominationem
826 4229 931 4271 earum
984 4221 1128 4279 virtutum
1163 4221 1354 4292 (subanditur
1394 4221 1706 4292 cognominationem)

99 4304 259 4364 liberaliter
273 4321 419 4376 severam,
434 4304 466 4360 id
481 4303 666 4375 estbenigne
681 4321 827 4362 severam.
845 4274 968 4362 Save-⁰
985 4309 1059 4366 timo
1098 4307 1251 4366 declarare
1292 4310 1460 4382 quamdam
1496 4307 1669 4366 virilitatem
1712 4307 1741 4367 fo

100 4396 217 4454 ritatem
227 4393 839 4468 halromeminpotestate,liboralintemin
848 4392 931 4450 beni·
985 4402 1014 4456 et
1039 4397 1319 4459 incommutabilem
1346 4399 1378 4454 in
1406 4413 1512 4455 omnes
1526 4397 1740 4470 operationem

101 4486 223 4559 gnitate.
240 4487 389 4558 severam,
400 4481 473 4557 qnia
486 4498 506 4540 a
520 4480 688 4556 superioriti
703 4485 835 4555 potestas
848 4496 930 4537 exer·
982 4485 1095 4544 litatem
1129 4486 1207 4554 dieo,
1236 4485 1362 4544 inditam
1390 4485 1432 4543 cis
1468 4483 1637 4542 secundum
1668 4484 1741 4543 detti

99 4579 191 4644 cetur,
206 4572 337 4632 infcriori
351 4572 472 4631 libertas
485 4587 548 4628 non
562 4570 682 4628 tollitur.
696 4568 931 4628 ldeoliberaliter
984 4581 1075 4635 tatem
1088 4593 1202 4646 earum,
1219 4577 1291 4651 quia
1305 4581 1336 4633 in
1351 4577 1408 4633 hoc
1428 4577 1548 4643 sunites,
1571 4575 1620 4633 vel
1648 4575 1741 4634 eonio

99 4680 233 4721 severam
248 4663 494 4731 dominationem,
519 4661 603 4720 omni
618 4660 771 4718 minutivae
798 4658 931 4717 servituti
983 4669 1044 4726 lieo
1060 4672 1137 4736 sunt,
1154 4668 1238 4740 qnod
1249 4667 1288 4725 ad
1301 4668 1404 4725 omnia
1418 4668 1536 4739 agenda
1548 4666 1659 4725 fortem
1668 4672 1699 4727 et
1708 4667 1741 4725 in

54 4770 60 4775 ·
99 4752 331 4825 superpositam,
345 4752 377 4809 id
392 4755 436 4810 est
447 4767 510 4810 non
524 4751 691 4823 subiectam
700 4747 930 4807 alicuiadservi·
984 4759 1160 4818 mutabilem
1175 4758 1352 4826 virilitatem,
1371 4760 1431 4816 sive
1443 4760 1582 4817 virtutem
1606 4759 1741 4833 accipe„

100 4842 204 4912 tutem,
219 4856 288 4914 quar
302 4840 469 4898 libertatem
481 4839 650 4909 imminuat,
673 4839 725 4896 sed
744 4838 929 4912 superiorem
982 4852 1117 4904 ruerunt.
1133 4847 1238 4904 Divina
1252 4847 1401 4920 siquidem
1412 4847 1505 4904 virtus
1519 4850 1547 4903 et
1557 4847 1642 4903 fortis
1660 4852 1710 4906 est
1732 4864 1741 4906 ι

26 5005 37 5022 Ι
98 4928 389 5004 omnisnbjectiono,
404 4933 433 4986 et
446 4927 932 4987 remotamabuniversadissimi·
983 4934 1058 4991 dum
1068 4938 1101 4991 ut
1111 4949 1173 4992 non
1186 4934 1342 5005 frangatur
1354 4935 1385 4993 in
1400 4935 1573 4992 difficilitate
1595 4934 1732 5008 nlicnjuc

97 5018 232 5090 titudine,
244 5018 275 5079 id
294 5022 339 5077 est
351 5017 390 5076 ab
403 5016 486 5077 omni
500 5017 679 5088 minoritate,
693 5019 755 5077 sive
775 5017 931 5092 imperfec-
982 5023 1034 5091 ris,
1047 5023 1336 5081 etincommutnbilis
1345 5024 1436 5081 estad
1448 5022 1741 5097 perseverandumu

98 5111 188 5182 ιιοιιο,
203 5126 272 5186 quoe
285 5125 354 5168 eam
367 5106 545 5168 dissimilem
560 5109 689 5167 Creatori
702 5124 758 5165 suo
768 5108 887 5178 efficiat,
902 5112 931 5166 et
982 5110 1133 5183 langueat,
1150 5118 1202 5169 aut
1224 5111 1391 5169 irrfrrmetur
1418 5113 1516 5185 spatio
1536 5113 1741 5172 dintmnitatir

97 5199 281 5259 incessanter
295 5201 486 5274 appetentem
500 5196 724 5264 dominationis,
754 5197 785 5254 id
809 5201 854 5256 est
876 5212 929 5271 per
983 5199 1041 5256 hoc
1053 5216 1125 5272 ergo
1139 5201 1261 5257 virtutes
1276 5200 1436 5258 deiformes
1451 5206 1530 5269 sunt,
1546 5204 1575 5258 et
1587 5201 1659 5258 ideo
1675 5218 1741 5276 ,eon

98 5289 324 5348 similitudinem
361 5286 585 5357 dominationis,
623 5291 652 5344 et
690 5285 928 5344 conformitatem
982 5287 1024 5344 les
1040 5293 1109 5344 sunt
1120 5288 1204 5361 quod
1214 5288 1253 5345 ad
1261 5290 1586 5361 omniaagendarobur
1598 5290 1678 5347 forte
1689 5293 1741 5350 hal

99 5378 243 5436 creatoris
258 5378 475 5451 respicientem,
492 5378 554 5434 sive
566 5377 747 5446 tendentem,
768 5375 814 5433 vel
839 5375 931 5432 inhae-
983 5375 1272 5433 etincommutabile.
1282 5377 1617 5436 Necsolumvirilitatem
1630 5379 1741 5439 haben

97 5469 223 5537 rentem,
238 5467 519 5527 eteonformantem
529 5482 571 5537 se,
582 5470 612 5524 ot
625 5481 672 5538 ea,
683 5482 752 5540 quae
769 5468 836 5539 post
860 5478 929 5521 eam
983 5468 1054 5534 tem,
1067 5467 1096 5521 et
1109 5462 1386 5525 incommutabilem
1401 5468 1441 5526 ad
1455 5467 1560 5525 omnia
1572 5468 1697 5540 agenda
1712 5486 1741 5527 ιιι

99 5554 177 5628 witi.
189 5559 223 5613 ut
235 5556 513 5635 singilaquantnm
521 5554 577 5615 sibi
585 5555 728 5631 possibile
738 5552 928 5639 ostdiviaam
983 5553 1157 5615 sedhabent
1170 5554 1260 5617 etiam
1274 5555 1441 5618 virilitatem
1456 5557 1517 5617 sive
1540 5557 1683 5618 virentem
1699 5574 1741 5622 ne
