3832 6044
149 116 200 168 aar
458 74 610 175 aeacus
630 119 675 176 ns
696 119 723 174 s.
745 116 893 175 viciose
913 116 989 173 ore.
1008 115 1096 173 raas
1116 117 1137 172 ι.
1158 147 1192 156 -
1211 115 1401 173 mesenes
1420 115 1535 169 naara.
1773 175 1784 182 ,
1808 114 1859 168 aas

149 251 211 293 nou
223 237 312 307 valet,
323 255 414 312 quem
423 240 836 297 terrcnaesollicitudinisusus
850 246 976 296 curvum
994 240 1017 295 Α
1033 246 1185 315 pravatur,
1199 244 1228 297 et
1239 239 1327 313 quasi
1342 239 1437 295 totum
1452 249 1562 308 corpus
1584 238 1741 307 exasperat
1757 252 1764 303 ;
1788 234 1861 307 quia

151 327 239 384 tenet.
252 329 293 382 Ex
303 327 411 383 horum
426 330 539 401 quippe
550 329 647 401 specie
662 329 817 386 Psalmista
840 328 881 385 ait
896 346 903 385 :
928 329 977 383 Iu·
1031 346 1085 403 per
1097 331 1235 387 universa
1248 328 1319 385 vitia
1333 325 1470 384 animum
1485 323 1667 396 supplantat,
1683 323 1775 379 Paulo
1789 328 1861 380 atte-

151 419 294 471 curcalus
315 422 342 472 et
360 417 535 474 humiliatus
564 433 629 473 sum
660 434 868 490 usquequaque
883 419 975 488 (Psal.
1032 424 1136 487 stante,
1152 421 1205 492 qui
1220 418 1393 476 abdicetis
1408 415 1539 471 omnium
1554 414 1704 470 malorum
1722 419 1763 470 est
1779 414 1862 482 eupi-

151 508 257 572 cxvur).
273 506 405 571 Quorum
418 505 540 579 culpam
554 522 607 581 per
622 507 815 580 semetipsum
835 505 978 564 Dominus
1031 506 1109 563 ditas
1118 507 1147 579 (I
1160 510 1234 564 Tim.
1250 511 1299 575 rr).
1315 504 1503 562 ponderosus
1518 518 1588 558 vero
1609 507 1662 570 est,
1689 502 1741 575 qui
1770 501 1862 574 impi-

151 591 316 663 reprobans
327 592 386 650 ait:
403 592 507 651 Samen
520 601 631 663 autem,
643 596 765 666 quadiu
783 596 885 665 spinas
908 594 979 650 ecci·
1032 594 1166 653 tudinem
1181 611 1242 672 pon
1258 599 1374 652 exercet
1388 593 1531 666 inopere,
1556 591 1608 648 sed
1631 596 1729 648 tamen
1748 591 1787 647 ab
1802 591 1861 647 hac

151 679 206 752 dil,
215 680 239 736 ii
247 687 318 737 suut
327 683 645 753 quiaudiuutverbum
657 685 721 756 Dei,
737 691 765 742 ct
776 699 794 741 a
804 682 980 741 sollicitudi·
1033 684 1210 756 cogitatione
1223 685 1373 753 continua,
1388 682 1451 739 sine
1463 680 1668 738 moderamine
1678 683 1821 751 gravatur
1831 679 1861 735 in

151 767 284 840 tribuual
305 771 417 827 divitiis
439 773 546 827 mucidi
569 774 747 845 conculcati,
772 773 980 841 uourefcmmt
1032 778 1142 831 mente.
1157 774 1212 840 Qui
1225 788 1419 846 nequaquam
1430 771 1553 844 quidem
1563 769 1706 843 usquead
1721 785 1798 842 opus
1810 784 1862 824 ne-

147 855 285 925 sructum
295 858 376 930 (Luc.
390 861 456 931 uu).
466 860 575 934 lippus
585 877 656 916 vero
667 866 719 929 est,
731 862 816 933 cujus
826 859 979 930 ingenium
1034 860 1142 918 larium
1156 863 1279 936 rapitur,
1294 863 1347 918 sed
1361 862 1426 933 ejus
1441 859 1559 917 animus
1571 857 1723 931 voluptate
1735 856 1862 914 luxuria

38 986 39 989 ,
151 944 190 999 ad
205 943 407 1014 cognitionem
422 947 545 1020 quidem
564 948 695 1005 veritatis
715 949 833 1016 emicat,
857 947 910 1003 sed
938 950 980 1004 ta·
1034 951 1097 1008 sine
1110 952 1170 1008 ullo
1186 950 1410 1026 repugnationis
1426 949 1546 1007 stimulo
1561 948 1734 1004 delectatur.
1752 946 1862 1003 Vitium

150 1048 220 1088 men
231 1033 289 1088 hoc
303 1034 434 1090 carnalia
449 1052 540 1108 opera
553 1037 725 1095 obscurant.
741 1041 771 1093 ln
784 1037 873 1110 lippis
886 1034 980 1092 oculis
1034 1041 1146 1114 quippe
1158 1040 1300 1115 ponderis
1315 1045 1368 1110 est,
1386 1056 1456 1095 cum
1469 1039 1578 1095 humor
1591 1037 1741 1093 viseerum
1757 1035 1796 1091 ad
1820 1035 1862 1090 vi-

150 1120 271 1194 pupillre
288 1139 368 1179 saure
382 1130 461 1193 sunt,
471 1126 522 1181 sed
538 1127 664 1183 humore
672 1126 820 1183 defluente
828 1124 980 1180 infirmita·
1033 1129 1102 1187 rilia
1112 1130 1231 1199 labitur,
1248 1147 1317 1203 quac
1332 1128 1465 1203 proiecto
1479 1145 1548 1184 cum
1560 1125 1696 1183 molestia
1705 1124 1862 1180 dedecoris

151 1214 179 1265 te
191 1210 343 1284 palpebrae
356 1220 588 1284 grossescunt,et
598 1215 639 1271 sio
654 1216 728 1272 dum
743 1215 849 1272 crebra
858 1213 980 1270 infusio·
1033 1219 1244 1275 intumescunt.
1260 1219 1448 1275 Ponderosus
1459 1233 1529 1286 ergo
1542 1221 1595 1284 est,
1610 1214 1662 1288 qui
1689 1212 1756 1271 totis
1782 1212 1862 1281 cogi-

102 1321 104 1325 ·
150 1315 188 1355 ne
203 1299 280 1356 oculi
296 1307 466 1372 gravantur,
479 1304 567 1360 etiam
581 1305 931 1379 aciespupillaevitiatur.
1035 1306 1195 1363 tuitionibus
1210 1306 1250 1363 ad
1261 1306 1414 1363 lasciviam
1427 1304 1551 1362 luxuriae
1566 1302 1712 1370 defluens,
1741 1299 1862 1375 pondus

187 1391 221 1444 Et
233 1393 302 1445 sunt
315 1391 460 1458 nonnulli
475 1408 605 1465 quorum
627 1411 749 1450 sensum
773 1392 900 1450 carnalis
914 1392 980 1449 viae
1034 1394 1224 1468 turpitudinis
1237 1399 1332 1466 gestat
1346 1395 1376 1450 in
1388 1393 1486 1450 corde.
1501 1395 1534 1449 Et
1545 1389 1683 1465 quamvis
1695 1404 1789 1462 prava
1799 1403 1861 1443 non
1904 1421 1907 1428 -

151 1476 285 1548 operatio
296 1478 420 1547 sauciat,
436 1481 489 1553 qui
502 1481 604 1538 videre
619 1487 707 1549 recte,
717 1482 918 1539 ctsublimiler
927 1497 981 1554 per
1034 1487 1187 1540 exerceeat
1201 1498 1301 1556 opere,
1315 1482 1411 1539 abhis
1422 1486 1523 1538 tamen
1532 1495 1593 1536 non
1602 1477 1736 1536 evellitur
1750 1480 1861 1544 mente,

70 1559 72 1564 ’
151 1563 305 1635 ingenium
320 1572 466 1640 poterant,
497 1571 549 1627 sed
573 1588 646 1628 usus
672 1588 836 1645 pravorum
858 1576 981 1628 actuum
999 1587 1089 1644 paco
1104 1571 1142 1629 ad
1153 1590 1242 1629 usum
1256 1571 1328 1629 boni
1340 1571 1437 1645 operis
1448 1570 1478 1627 in
1491 1574 1593 1644 aperto
1603 1567 1681 1625 valet
1694 1580 1860 1635 assurgere,

152 1653 291 1724 caligant.
305 1656 416 1730 Lippus
430 1659 543 1733 quippe
558 1665 611 1730 est,
628 1661 714 1732 cujus
731 1676 853 1717 sensum
874 1663 981 1716 natura
1034 1659 1106 1732 quia
1117 1664 1222 1730 gravat
1235 1660 1316 1716 hunc
1328 1659 1358 1715 in
1374 1658 1482 1715 abditis
1507 1655 1627 1730 pondus
1653 1659 1749 1727 turpe.
1780 1652 1863 1719 Quis-

151 1743 278 1812 exacuit,
295 1744 348 1801 sed
361 1761 462 1818 pravae
476 1749 710 1806 conversationis
726 1748 884 1806 assiduitas
910 1763 981 1804 con·
1034 1748 1101 1821 quis
1114 1747 1203 1819 igitur
1217 1747 1337 1804 cuilibet
1356 1747 1466 1803 horum
1484 1746 1555 1802 vitio
1579 1742 1742 1815 subjicitur,
1767 1755 1862 1815 panos

151 1831 259 1889 fundit.
279 1834 330 1891 Cui
341 1835 417 1892 bene
446 1851 500 1910 per
526 1838 668 1908 angelum
691 1838 819 1895 dicitur:
846 1838 981 1908 Collyrae
1035 1834 1210 1892 licooffcrre
1224 1835 1408 1908 prohibetur,
1425 1850 1460 1890 ac
1475 1833 1607 1907 prolecto
1629 1830 1740 1887 diluere
1765 1828 1863 1885 aliona

151 1922 263 1993 inunge
275 1926 376 1981 oculos
389 1931 464 1998 tuos,
480 1934 513 1983 ui
528 1927 629 1984 uideas
647 1928 749 1998 (apoc.
778 1928 828 2000 ιιι).
854 1926 981 1999 collyrio
1034 1939 1095 1980 non
1111 1923 1190 1980 valet
1203 1923 1310 1981 delicta
1321 1925 1345 1980 is
1357 1939 1449 1997 quem
1461 1922 1619 1978 devastant
1630 1918 1762 1994 propria.

151 2010 264 2084 quippe
279 2012 382 2070 oculos
402 2019 436 2072 ut
455 2015 612 2073 videamus
633 2016 818 2087 inungimus,
846 2032 917 2071 cum
942 2014 981 2071 ad

152 2103 396 2170 cognoscendum
410 2105 473 2161 veri
487 2105 608 2163 luminis
622 2105 794 2173 claritatem,
811 2109 928 2161 nostros
939 2104 982 2160 in·

152 2187 285 2247 tellectus
297 2190 399 2266 aliquo
411 2194 610 2251 medicamine
623 2194 713 2252 bonas
726 2193 906 2268 operationis
929 2193 981 2249 ad·
1070 2186 1229 2244 Diversitas
1240 2187 1439 2255 victimarum,
1453 2184 1500 2242 vel
1512 2201 1580 2259 quoe
1595 2183 1700 2241 offerre
1726 2186 1785 2239 lieo
1813 2180 1862 2236 dc-

149 2276 304 2347 J'uvamus.
330 2280 510 2353 albuginem
535 2300 605 2341 vero
630 2284 721 2341 habet
748 2283 780 2340 in
802 2283 900 2352 oculo,
929 2281 981 2356 qui
1034 2276 1135 2346 laam,
1147 2274 1196 2333 vel
1210 2293 1282 2346 non,
1296 2275 1326 2332 in
1340 2276 1466 2332 Levitico
1482 2275 1727 2339 dinumerantur;
1743 2270 1796 2327 sed
1807 2286 1863 2344 per

152 2365 283 2424 veritatis
296 2367 395 2427 lucem
410 2371 509 2429 videre
524 2389 586 2430 non
608 2373 723 2441 sinitur,
745 2372 818 2446 quia
840 2386 981 2442 arrogan·
1035 2366 1290 2439 comparationem
1305 2369 1497 2438 peccatorum
1505 2360 1688 2420 conversatio
1702 2359 1862 2416 hominum

152 2453 193 2512 lib
205 2457 358 2530 sapientie
372 2460 420 2517 rel
429 2462 550 2533 iustitiae
563 2468 607 2520 est
619 2469 757 2520 caecatus.
769 2461 883 2534 Pupilla
896 2476 981 2517 nam·
1034 2455 1265 2513 demonstratur.
1280 2457 1376 2512 Homo
1391 2456 1495 2527 iqilur,
1510 2455 1537 2510 si
1555 2453 1696 2510 obtulerit
1710 2450 1861 2507 victimam

153 2557 212 2614 que
226 2546 305 2604 oculi
327 2549 423 2622 nigra,
446 2551 526 2608 videt
546 2551 720 2621 albuginem
744 2550 883 2616 tolerans,
908 2547 981 2605 nihil
1030 2545 1229 2615 pacificorum
1240 2536 1863 2616 Deo,aelectumsalvenaoclspouteoffe-

104 2624 110 2629 ⁴
152 2632 247 2702 videt;
261 2635 333 2707 quia
346 2637 481 2695 videlicet
495 2656 600 2695 sensus
622 2639 763 2696 humanae
787 2637 981 2708 cogitationes
1034 2649 1113 2706 rcus,
1128 2639 1189 2691 tam
1204 2635 1239 2690 de
1253 2634 1355 2691 ovibus
1371 2650 1461 2705 quam
1476 2633 1512 2689 de
1525 2632 1614 2688 bobus
1635 2629 1862 2686 immaculatum

153 2720 178 2776 si
191 2722 313 2779 stultum
342 2741 373 2781 se
394 2733 643 2801 peccatoremque
669 2727 811 2797 intelligit,
841 2726 981 2796 cognitio
1035 2724 1153 2792 offerm,
1168 2728 1200 2779 ut
1216 2724 1400 2794 acceptabile
1413 2725 1461 2794 sil,
1477 2721 1704 2779 coruuaiacula
1727 2732 1787 2774 uon
1805 2715 1862 2772 erit

153 2823 223 2864 nem
236 2809 348 2868 intimae
358 2812 498 2872 claritatis
514 2816 720 2888 apprehendit.
739 2815 768 2872 Si
782 2819 882 2872 autem
911 2830 980 2871 oan-
1035 2816 1066 2869 iu
1081 2829 1123 2870 eo.
1146 2813 1180 2870 Si
1191 2829 1302 2870 caecum
1312 2813 1418 2885 suerit,
1433 2815 1459 2868 si
1480 2812 1626 2882 fractum,
1645 2811 1673 2866 si
1693 2807 1862 2865 cicatricem

153 2896 258 2954 dorem
273 2898 329 2955 sibi
346 2900 466 2972 justitiae
482 2919 535 2959 scu
546 2903 699 2976 sapientiae
713 2902 825 2972 tribuit,
841 2902 938 2959 aluce
949 2919 980 2960 se
1000 2937 1020 2993 C
1035 2902 1156 2975 babeas,
1170 2903 1197 2958 si
1206 2903 1340 2972 papulas
1354 2907 1407 2959 aut
1421 2902 1559 2972 scabiem,
1571 2906 1624 2956 aut
1650 2897 1862 2967 impetiginem,

154 3000 291 3058 superne
306 2990 483 3060 cognitionis
502 2991 641 3060 excludit,
654 2996 683 3048 el
694 3008 730 3048 eo
746 2990 980 3048 claritatemvcri
1034 3007 1094 3047 uou
1111 2991 1240 3061 offeretis
1254 3006 1289 3047 ea
1302 2991 1439 3062 Doruiuo,
1464 3005 1558 3060 aeque
1585 2987 1740 3044 adolebitis
1763 2999 1801 3040 ea
1822 2984 1864 3039 eia

152 3072 275 3132 luminis
288 3093 482 3153 nequaquam
495 3084 639 3154 penetrat,
654 3096 716 3152 quo
731 3096 762 3136 se
776 3080 859 3152 apud
872 3094 903 3135 se
917 3094 980 3152 prae
1033 3095 1124 3150 super
1136 3080 1372 3137 allareDommi.
1386 3081 1506 3151 Bovcm,
1518 3084 1570 3136 aut
1592 3093 1685 3148 avan,
1714 3090 1789 3132 aure
1816 3074 1863 3129 uel

153 3165 323 3235 arrogantia
338 3168 456 3238 exaltat,
472 3170 548 3226 sicut
575 3169 612 3225 de
639 3166 824 3241 quibusdam
848 3166 978 3224 dicitur:
1033 3169 1132 3227 cauda
1145 3171 1318 3240 acupictalis,
1334 3170 1504 3225 voluntarie
1519 3170 1628 3237 offerre
1642 3170 1738 3236 potes,
1762 3168 1862 3219 uotum

152 3253 421 3315 Diccuteseuimse
439 3273 500 3316 esse
515 3261 673 3330 sapientes,
701 3258 788 3313 stulti
806 3256 885 3327 facti
910 3260 980 3311 suut
1033 3274 1071 3315 ca
1094 3259 1134 3315 eis
1147 3259 1216 3328 fieri
1237 3274 1297 3314 nou
1320 3262 1428 3328 polest.
1451 3256 1542 3313 murac
1559 3256 1684 3326 auirnal,
1712 3252 1793 3324 quael
1816 3251 1864 3307 oet

152 3341 246 3412 (Rom.
263 3345 293 3417 1).
307 3348 413 3416 iugem
426 3348 610 3405 resonabat
638 3346 781 3414 scabiem,
810 3344 855 3401 cui
883 3343 980 3400 carnis
1033 3347 1181 3418 contritis,
1197 3346 1363 3418 saltuosis,
1378 3346 1534 3417 velseclir,
1549 3344 1718 3415 ablatisque
1745 3340 1863 3397 testicu-

152 3432 317 3503 petulantia
332 3434 395 3490 sine
420 3431 586 3493 cessatione
611 3435 792 3491 dominatur.
819 3437 851 3489 ln
880 3431 980 3489 scabie
1035 3436 1082 3506 lis,
1097 3434 1299 3504 uoaoffcretis
1313 3433 1438 3489 Domino
1452 3433 1513 3489 Deo
1534 3437 1641 3503 oestro,
1670 3436 1697 3486 ct
1720 3430 1752 3484 iu
1780 3433 1863 3484 terra

153 3520 263 3576 etenim
283 3519 382 3578 fervor
406 3524 556 3581 viscerum
580 3524 620 3581 ad
644 3528 742 3579 cutem
769 3523 903 3589 trahitur,
927 3537 981 3595 per
1034 3523 1332 3582 castrabocomniuo
1358 3537 1395 3578 ac
1420 3521 1553 3592 sacratis.
1574 3521 1617 3576 De
1641 3534 1733 3575 mauu
1758 3517 1862 3573 alieni-

152 3623 246 3679 quam
260 3613 338 3666 recte
364 3610 482 3669 luxuria
507 3613 703 3682 designatur;
729 3611 809 3684 quia,
836 3611 861 3667 si
883 3610 981 3667 cordis
1032 3627 1183 3684 qeaaeuou
1199 3611 1328 3681 offeretis
1338 3611 1503 3680 paueslleo
1530 3614 1638 3680 oestro,
1655 3608 1702 3663 cel
1723 3619 1862 3677 quaecuu-

152 3696 308 3755 delectatio
322 3715 418 3773 usque
431 3701 470 3756 ad
482 3701 687 3773 operationem
702 3699 825 3773 prosilit,
838 3699 980 3755 nimirum
1033 3716 1089 3772 que
1104 3701 1167 3756 aliu
1181 3699 1255 3756 dure
1265 3700 1404 3768 coluerit,
1415 3700 1487 3769 quia
1499 3702 1643 3766 corrupta
1655 3701 1682 3753 et
1705 3693 1861 3750 seraculala

152 3785 252 3842 iervor
266 3787 388 3844 intimus
404 3805 500 3861 usque
511 3789 550 3844 ad
565 3788 640 3844 cutis
652 3788 783 3845 scabiem
801 3787 978 3861 prorumpit,
1033 3794 1103 3844 sunt
1118 3789 1228 3858 omnia,
1245 3803 1304 3844 uon
1318 3788 1482 3857 susurratis
1509 3802 1553 3854 ea,
1577 3789 1632 3841 etc.
1658 3784 1762 3853 (Lavit.
1779 3781 1860 3853 ιιιιιι.)

153 3879 181 3931 et
195 3875 266 3931 ioris
278 3877 344 3948 jam
357 3892 467 3950 corpus
482 3876 605 3946 sauciat,
620 3876 693 3950 qula
719 3876 793 3933 dum
822 3876 852 3932 in
872 3876 981 3946 cogita·
1033 3877 1130 3934 Primo
1157 3876 1287 3948 rejicitur
1314 3893 1332 3934 a
1356 3876 1500 3934 sacrificio
1526 3876 1716 3932 maculosum
1744 3870 1856 3929 animal

153 3962 231 4018 tione
246 3963 384 4037 voluptas
399 3979 460 4021 non
490 3964 669 4038 reprimitur,
698 3963 787 4021 etiam
810 3964 841 4020 in
865 3964 980 4021 actione
1033 3966 1080 4023 vel
1094 3966 1221 4036 varium,
1236 3967 1266 4023 id
1281 3967 1375 4025 estilli
1389 3966 1545 4040 inquibus
1556 3970 1600 4021 est
1611 3962 1767 4021 diversitas
1791 3977 1858 4035 pcc·

152 4049 334 4108 dominatur.
352 4052 442 4118 Quasi
456 4053 536 4109 enim
557 4053 631 4110 cutis
658 4053 844 4126 pruriginem
870 4052 980 4109 Paulus
1033 4060 1179 4123 catorum,
1195 4061 1313 4112 etnuuc
1326 4055 1458 4124 libidine,
1474 4070 1555 4112 nunc
1582 4051 1751 4126 cupiditate,
1779 4064 1858 4106 nunc

152 4139 278 4196 curabat
301 4140 480 4213 abstergere,
508 4160 578 4200 cum
603 4142 739 4199 dicebat:
770 4144 903 4200 Teutatio
929 4158 980 4199 vos
1033 4144 1063 4201 in
1078 4144 1203 4201 diversis
1219 4145 1394 4202 criminibus
1408 4146 1610 4202 demutantur.
1631 4141 1770 4214 Rejicilur
1795 4139 1859 4214 qui·

151 4244 212 4286 uoa
227 4230 436 4299 apprehendat
463 4232 523 4288 uisi
549 4233 682 4289 bismaaa
707 4233 736 4304 (I
744 4231 812 4289 Cor.
827 4232 865 4304 x).
890 4235 931 4287 Ac
956 4230 980 4286 si
1033 4234 1103 4290 dem
1117 4238 1146 4291 et
1160 4251 1273 4292 cecum
1288 4235 1409 4303 animal,
1421 4234 1452 4290 id
1465 4238 1509 4291 est
1522 4233 1547 4289 is
1561 4233 1611 4307 qui
1627 4248 1682 4288 nec
1697 4229 1857 4287 Dominum

152 4322 252 4390 aperte
281 4318 414 4377 diceret:
440 4322 611 4377 Humanum
633 4319 756 4393 quidem
774 4322 818 4375 est
831 4318 862 4374 in
890 4318 979 4375 corde
1033 4321 1121 4391 videt,
1138 4339 1193 4379 aec
1206 4338 1298 4396 opera
1310 4324 1375 4396 ejus
1388 4321 1466 4379 iacit.
1484 4325 1620 4379 Fructum
1628 4335 1759 4393 quoquc,
1772 4317 1804 4373 id
1816 4321 1859 4373 cst

151 4406 345 4464 tentationem
358 4408 483 4482 perpeti,
497 4407 681 4465 diabolicum
695 4423 765 4464 vero
779 4413 823 4464 est
836 4406 867 4462 in
888 4411 980 4464 tenta·
1033 4410 1238 4468 criminalibus
1251 4411 1328 4469 vitiis
1343 4416 1466 4468 v‘exatus
1478 4409 1707 4484 atquecollisus.
1720 4407 1857 4479 Rejicitur

152 4494 239 4553 tionis
253 4497 425 4566 certamine,
442 4502 471 4555 et
484 4497 515 4553 in
526 4497 698 4570 operatione
712 4495 838 4567 fatigari.
867 4496 980 4568 impeti·
1032 4502 1061 4555 et
1075 4499 1241 4556 cicatricem
1252 4499 1379 4566 habens,
1394 4499 1447 4572 qui
1459 4514 1520 4555 non
1544 4498 1636 4569 digna
1660 4495 1857 4553 satisfactione

152 4585 252 4655 ginem
265 4601 335 4643 vero
360 4587 452 4643 habet
478 4587 509 4642 in
534 4601 659 4659 corpore
686 4585 824 4659 quisque,
855 4585 979 4642 avaritia
1031 4587 1157 4644 vulnera
1170 4593 1362 4661 peccatorum
1375 4603 1498 4643 suorum
1519 4585 1663 4659 deplorat,
1683 4585 1736 4641 sed
1759 4584 1857 4640 adhuc

149 4677 282 4730 vastatur
295 4674 326 4729 in
339 4679 448 4731 mente.
466 4676 536 4740 Quoe
547 4673 572 4730 si
585 4674 615 4730 in
632 4675 733 4746 parvis
754 4688 816 4730 non
845 4690 979 4747 compes·
1030 4677 1136 4732 veteris
1151 4675 1249 4733 morbi
1265 4676 1385 4746 signum
1396 4691 1449 4748 per
1460 4675 1608 4732 desideria
1631 4674 1792 4746 voluptahs
1815 4672 1856 4728 in-

151 4760 235 4828 citur,
251 4760 394 4817 nimirum
410 4762 473 4818 sine
499 4778 642 4819 mensura
664 4762 813 4820 dilatatur.
835 4763 978 4836 lmpetigo
1031 4769 1078 4822 tus
1089 4769 1196 4821 servat.
1210 4763 1349 4836 Rejicitur
1370 4769 1398 4820 et
1411 4763 1514 4835 lingua
1528 4767 1727 4837 amputatum,
1743 4762 1775 4818 id
1803 4766 1855 4827 est,

150 4862 273 4922 quoque
310 4848 374 4906 sine
404 4849 506 4907 doloro
543 4864 652 4923 corpus
677 4855 814 4923 occupat,
853 4857 881 4908 et
912 4850 979 4907 abs·
1029 4852 1083 4926 qui
1096 4856 1190 4909 Derim
1203 4867 1264 4908 non
1279 4852 1444 4920 confitetur,
1460 4868 1516 4908 uec
1530 4851 1663 4908 divinam
1685 4850 1782 4920 legem
1797 4867 1857 4907 me-

1131 2067 1197 2121 Cae.
1209 2067 1299 2122 XVlll.
1313 2066 1356 2122 Dc
1366 2065 1492 2121 uictimis
1507 2078 1545 2120 ca
1558 2063 1633 2118 libro
1648 2061 1767 2117 Isidori.

51 4963 53 4965 ·
149 4952 208 5011 que
248 4938 386 5012 occupati
415 4938 503 4995 taedio
534 4937 715 5008 increscens,
771 4938 978 4996 membrorum
1031 4940 1149 4996 ditatur.
1166 4939 1304 5010 chicitur
1319 4944 1346 4996 et
1357 4940 1485 5014 papulas
1498 4939 1623 5007 habens,
1635 4939 1666 4994 id
1678 4939 1779 5012 estqui
1789 4955 1857 5011 pru-

150 5026 289 5084 decorcm
316 5026 418 5097 ioedat,
445 5026 518 5101 quia
539 5027 661 5085 avaritia
689 5032 810 5101 captum
841 5027 977 5085 animum
1030 5027 1123 5098 rigine
1131 5026 1271 5095 libidinis,
1285 5032 1312 5084 et
1320 5028 1425 5085 ardore
1436 5027 1683 5099 concupiscentiae
1691 5031 1805 5083 aestuat.
1817 5025 1856 5083 Si-

150 5118 224 5174 dum
245 5117 333 5190 quasi
362 5116 498 5186 delectat,
538 5117 709 5185 exulcerat3
752 5117 826 5173 dum
852 5116 977 5190 adispis-
1030 5115 1857 5189 militaretscabiosrun,idestquipeccatmncarnisper-

150 5207 246 5263 canda
269 5222 396 5280 quaeque
423 5205 594 5277 cogitationi
617 5206 682 5277 ejus
711 5204 822 5276 objicit,
857 5204 898 5261 ab
924 5206 978 5261 ini·
1029 5203 1855 5277 ficitcontagiooperis.Jamveroimpetiginemhabons,

150 5295 275 5353 micitias
291 5296 435 5354 accendit.
451 5299 485 5353 Et
499 5296 633 5352 dolorem
647 5294 678 5349 ln
692 5294 813 5350 vulnere
822 5310 884 5351 non
897 5293 976 5364 iacit,
1031 5292 1177 5363 significat
1187 5292 1393 5348 hereticorum
1404 5292 1617 5361 collectionem,
1626 5293 1677 5366 qui
1688 5291 1857 5365 frequenter

151 5385 223 5454 quio
236 5386 373 5443 aestuanti
382 5385 485 5442 animo
499 5401 535 5441 ex
559 5385 648 5457 culpa
669 5383 887 5440 abundantiam
911 5398 977 5455 pro·
1031 5398 1061 5438 sc
1073 5382 1103 5437 in
1118 5381 1253 5437 Ecclesiae
1269 5397 1379 5453 corpus
1400 5381 1591 5453 immergunt,
1607 5388 1649 5438 et
1676 5381 1856 5454 impetiginis

151 5471 247 5527 mittit.
266 5473 323 5529 Sed
336 5472 427 5531 decor
439 5474 646 5531 membrorum
661 5472 804 5546 perditur,
820 5471 892 5545 quia
906 5469 977 5529 alia·
1030 5470 1155 5527 livorem
1170 5470 1291 5527 iaciunt.
1307 5475 1384 5526 Aure
1396 5475 1560 5544 amputata,
1573 5475 1643 5527 sunt
1662 5471 1682 5526 ii
1697 5471 1750 5543 qui
1764 5471 1857 5527 verbo

150 5572 353 5647 rumquoquo
373 5562 515 5630 virtutum
543 5561 697 5650 perhanc
723 5559 913 5638 pulchritudo
926 5560 977 5618 de
1032 5559 1083 5618 Dei
1096 5574 1159 5618 non
1168 5559 1351 5637 obedientes,
1377 5576 1438 5636 non
1461 5559 1573 5634 iaciunt
1590 5561 1752 5641 quaajussa
1776 5565 1855 5625 sunl,
