3832 6044
109 248 143 300 25
605 246 650 303 Da
670 242 869 305 SCRIPTUlllS
890 242 932 300 ΕΤ
952 240 1198 307 SCRIPTORIBUS
1219 249 1339 309 sachis
1784 260 1818 315 26

109 369 700 441 Caeitlllll.—Dedisltcultetibassacrae
706 368 937 441 Scripturaetlll.
957 370 982 425 A
995 372 1235 439 guumvidelioet
1246 376 1404 451 patrissui.
1416 376 1819 450 Cujusadveutucompcrto,

144 458 238 518 iivrlta
243 457 275 517 iu
284 459 435 533 Scriptura
442 476 528 519 sacra
534 463 703 527 occurrunt,
710 474 881 535 quererum
893 472 941 527 ge·
995 462 1140 520 exercitus
1150 464 1280 538 quicum
1289 464 1434 524 Antiocho
1446 466 1732 541 Epiphaneoluerat,
1743 465 1821 540 eius-

109 554 228 607 starum
248 548 356 606 seriem
370 549 588 620 ignorantibus,
601 550 811 609 difficultatum
820 548 943 622 pariunt
994 552 1065 609 dem
1077 553 1213 611 Antiochi
1222 553 1443 623 filium,hoeest
1451 556 1628 615 Antiochum
1640 558 1820 631 Eupatorem

108 638 305 709 intedigcndi.
317 640 580 705 Quemadmodum
594 641 652 697 hoc
666 640 749 713 quod
763 639 795 696 in
804 638 880 695 libro
893 639 940 693 tu·
994 641 1147 701 interfecit.
1162 644 1269 717 Sicquc
1281 644 1446 702 Demetrius
1458 660 1586 716 regnum
1610 643 1746 703 obtinuit.
1757 644 1820 703 Ale·

107 727 175 785 dith
189 728 307 799 legitur,
322 728 444 786 Artaxat
457 745 508 788 rex
521 728 694 787 iudeorum
713 729 823 787 multas
837 730 941 800 gentes
994 729 1108 787 rander
1118 747 1189 790 vero
1196 732 1275 791 filius
1282 732 1417 793 Antiochi
1424 734 1662 807 Eupatoriaeum
1669 732 1818 803 crevisset,

107 832 166 875 suo
174 816 305 892 imperio
312 818 501 891 subjugasse,
510 834 546 875 ac
553 823 657 877 eontra
664 818 940 877 Nabuchodonosor
994 821 1155 878 exercitum
1168 822 1295 893 collegit,
1308 838 1513 898 oppressoque
1528 823 1673 883 Demetrio
1691 838 1819 895 reguum

106 921 213 977 regem
223 907 415 981 Assyriorum
422 923 584 981 pugnasse,
600 912 629 967 et
639 909 708 981 jure
716 907 857 965 obtentus
869 904 940 963 belli
993 908 1112 983 recepit.
1126 910 1194 967 Post
1205 910 1371 979 Demetrius
1389 910 1467 969 tilius
1480 910 1618 969 Demetrii
1641 910 1744 982 lugeto
1755 910 1819 971 Ale·

106 995 211 1052 eidem
223 996 287 1067 regi
299 996 490 1070 Assyriorum
498 996 538 1055 ad
552 996 655 1056 omnia
661 1012 756 1069 regna
765 1012 828 1054 suoe
835 992 940 1053 ditioni
992 996 1109 1056 xandro
1117 999 1342 1072 potcstatemad
1350 999 1548 1057 screvocavr't.
1557 999 1668 1058 Deinde
1677 999 1819 1075 Tryphon

106 1083 300 1158 sudjicienda
318 1101 404 1159 spem
419 1101 454 1142 ac
466 1086 679 1144 confidentiam
692 1084 853 1143 addidisse.
867 1083 938 1143 ilino
992 1084 1118 1159 quidam
1137 1086 1267 1145 Partium
1284 1086 1444 1148 Alexandri
1457 1087 1563 1157 filium,
1579 1102 1672 1163 quem
1689 1087 1819 1145 nutrien-

105 1172 388 1233 Nabuchodonosor
395 1174 593 1245 iiololemem,
601 1175 769 1251 prinoipem
776 1173 938 1243 miiitiae,ad
993 1176 1067 1233 dum
1080 1181 1245 1251 acceperat,
1259 1178 1376 1236 oceidit.
1392 1179 1449 1237 Sed
1458 1178 1509 1237 illo
1523 1178 1646 1237 taudem
1662 1192 1817 1255 oppresso,

104 1262 305 1321 debellandas
316 1266 420 1335 gentes
431 1264 548 1323 misisse
564 1283 571 1334 ;
585 1265 638 1340 qui
658 1264 790 1323 subactis
814 1264 937 1333 caeteris,
992 1266 1820 1343 regnuminprogenieSeleucipermansit.lioeebreviter

104 1351 936 1427 tudeeosrebellareconantesinBethuliaobsedit,atque,
993 1356 1032 1413 ad
1056 1354 1237 1414 evidentiam
1261 1356 1395 1415 lectionis
1417 1356 1616 1426 distinximus,
1633 1358 1665 1413 ut
1690 1372 1727 1414 ea
1749 1370 1819 1431 qum

104 1439 217 1498 Achior
237 1440 374 1515 principe
387 1441 518 1500 liliorum
541 1446 639 1500 Arnon
661 1446 811 1512 narrante,
835 1440 938 1499 didicit
993 1432 1192 1518 scriptasunt,
1207 1448 1334 1504 autnon
1360 1445 1505 1517 legantur,
1531 1449 1584 1504 aut
1606 1442 1817 1515 intelligentur.

104 1529 208 1602 ipsum
221 1544 288 1587 esse
295 1529 513 1606 populumqui,
527 1531 831 1606 nuperacaptivitate
839 1546 938 1588 rever·
992 1537 1058 1591 licea
1079 1550 1150 1592 vcro
1176 1538 1313 1609 tempora
1336 1534 1512 1595 blachabreis
1538 1533 1667 1606 insignia
1688 1532 1817 1601 lucivmt,

104 1633 166 1688 sus,
181 1618 293 1677 cadem
306 1624 452 1678 montana
465 1621 608 1694 possedit.
624 1621 750 1693 Siigitur
761 1620 936 1695 querimus,
991 1639 1122 1698 quorum
1135 1623 1251 1699 primus
1262 1622 1363 1692 ludas,
1377 1623 1439 1681 zclo
1453 1623 1562 1681 (livinae
1574 1622 1648 1697 legis
1662 1637 1816 1691 accensus,

104 1724 166 1782 quo
180 1712 319 1783 tempore
331 1710 397 1767 haec
409 1714 491 1781 gesta
503 1711 571 1779 sint,
586 1710 634 1769 vel
647 1710 715 1785 quis
728 1710 816 1769 luerit
840 1710 937 1769 Nabu·
956 1724 977 1781 Β
991 1714 1121 1787 impetus
1136 1714 1306 1771 Graecorum
1320 1712 1433 1773 lorfiter
1443 1712 1632 1788 propulsavit
1644 1731 1652 1783 ;
1665 1728 1727 1787 quo
1739 1726 1819 1769 mor·

103 1797 430 1873 cnodonosortsthut
443 1799 740 1871 inNinivcreguavit,
754 1817 824 1858 oum
839 1800 936 1857 Nabu-
991 1802 1299 1861 tuotonanassrater
1320 1802 1547 1875 eiussueeessit.
1573 1805 1727 1861 Postremo
1750 1816 1818 1859 san·

102 1886 528 1957 cnodonosornoninnmivc,
538 1889 627 1946 sedin
636 1888 786 1963 Dahyloue
794 1904 935 1961 regnasse
991 1892 1080 1963 guina
1092 1896 1121 1949 et
1133 1892 1238 1949 virtute
1252 1908 1414 1963 germanus
1433 1891 1574 1950 defuneto
1599 1894 1729 1967 symone
1753 1906 1819 1947 suc·

102 1976 311 2051 perhibeatur,
324 1993 424 2051 neque
435 1980 625 2052 Assyriorum
647 1978 701 2035 sed
726 1978 935 2037 Chaldaeorum
991 1981 1078 2039 cessit
1097 1984 1227 2040 ioannes
1248 1981 1392 2041 hircanus
1406 1980 1485 2040 filius
1509 1981 1585 2053 ejus,
1599 1982 1708 2055 etpost
1730 1982 1818 2037 toan·

102 2064 194 2123 lauisse
205 2065 393 2137 mxiegatur,
402 2066 543 2141 idemque
555 2068 585 2125 in
597 2068 695 2125 reditu
704 2068 808 2143 populi
818 2067 856 2125 dc
867 2084 936 2142 cap
989 2086 1061 2127 nem
1079 2070 1159 2128 filius
1186 2070 1252 2144 ejus
1265 2070 1460 2141 Arisloholus,
1472 2074 1501 2129 et
1523 2074 1592 2144 post
1616 2068 1817 2127 Aristobolum

102 2156 216 2213 tivitate
240 2156 401 2230 Babylonis
412 2158 478 2230 jam
502 2164 640 2217 mortuus
662 2175 858 2233 nequaquem
882 2159 936 2216 du·
989 2158 1157 2218 Alexander
1168 2158 1247 2216 filius
1260 2160 1345 2232 ejus3
1359 2164 1530 2234 postquem
1543 2157 1723 2217 Alexandria
1741 2172 1819 2214 uxor

101 2246 222 2315 hitctur,
235 2262 299 2305 nou
306 2262 401 2321 parva
412 2248 443 2305 in
454 2248 501 2306 his
513 2248 669 2320 diligenter
677 2249 935 2307 considerantibus
990 2249 1055 2320 ejus
1067 2247 1162 2305 tenerit
1174 2248 1298 2322 quidem
1321 2248 1523 2323 principatum
1547 2247 1674 2320 generis,
1690 2246 1817 2306 liircano

102 2334 253 2393 dubitatio
265 2336 406 2395 exoritm.
418 2336 524 2396 Dicunt
535 2338 635 2411 itaque
647 2339 728 2395 hunc
739 2338 936 2397 Nabuchodo-
989 2341 1090 2394 autem
1102 2336 1164 2394 filio
1174 2353 1230 2395 suo
1240 2336 1442 2411 pontificalem
1452 2336 1628 2407 dignitatem
1637 2334 1747 2393 tribuit.
1759 2336 1817 2391 llu-

102 2438 194 2481 uosor
220 2423 403 2498 cambysem
416 2424 513 2483 salium
533 2426 601 2498 Cyri
612 2425 764 2497 intelligcn
776 2422 859 2493 ium3
882 2424 936 2499 qui
987 2426 1037 2498 ius
1052 2424 1168 2483 hircani
1182 2429 1316 2499 tempore
1327 2424 1453 2498 quidam
1463 2424 1622 2483 latrunculi
1635 2423 1674 2481 ab
1684 2422 1817 2481 Hieroso

102 2512 315 2586 proptereaah
339 2512 470 2571 liehroeis
489 2513 639 2572 sccundus
658 2511 936 2573 nabuchodonosor
988 2513 1079 2587 lymis
1091 2513 1202 2585 egressi
1212 2512 1291 2571 eirca
1302 2508 1479 2572 Ascalonem
1489 2513 1608 2587 praedas
1619 2513 1753 2585 egerunt,
1763 2510 1817 2569 uhi

102 2599 275 2673 appellatus
289 2605 343 2670 est,
352 2602 445 2675 quod,
454 2606 488 2659 ut
498 2602 685 2672 credebatur,
693 2603 772 2661 iliius
779 2604 935 2663 Nabucho·
989 2603 1065 2660 inter
1077 2607 1199 2661 cuncos
1214 2602 1348 2677 captivos
1371 2602 1524 2679 Antipater
1547 2600 1674 2676 quidam
1685 2599 1814 2675 juvenis,

102 2688 242 2746 donosor
253 2688 332 2747 lacta
344 2689 475 2759 imitans,
486 2706 632 2762 magnam
644 2691 676 2748 iu
688 2691 935 2752 tilioslsraelcru-
990 2692 1150 2765 cujusdam
1164 2692 1287 2750 Herodis
1297 2708 1405 2765 genere
1418 2690 1551 2759 idumaei,
1562 2690 1616 2765 qui
1628 2690 1660 2748 in
1671 2688 1817 2748 Ascalone

102 2777 258 2837 delitalem
274 2781 415 2838 exercuit.
431 2780 485 2839 Ubi
500 2780 615 2855 reliqua
629 2780 752 2839 forsitan
776 2784 935 2842 convenire
990 2780 1091 2855 templi
1101 2781 1245 2855 Apollinis
1260 2780 1400 2840 sacerdos
1414 2780 1531 2850 exstitit,
1545 2779 1635 2850 filius,
1651 2776 1817 2851 Hierosoly-

103 2866 283 2941 potuissent,
294 2866 352 2926 nisi
363 2869 486 2944 quodin
497 2870 575 2928 iihro
583 2870 684 2929 iudith
694 2870 935 2943 legiturverhum
989 2890 1072 2930 mam
1086 2871 1223 2946 captivus
1235 2871 1342 2929 duetus
1355 2876 1408 2929 est.
1433 2871 1483 2929 iiie
1496 2870 1597 2945 ltaque
1622 2868 1775 2944 Antipater
1785 2867 1817 2925 in

103 2958 217 3015 iactum
232 2958 264 3015 in
276 2957 369 3016 domo
381 2958 659 3018 Nabuchodonosor
665 2978 746 3019 anno
756 2962 935 3022 duodecimo
989 2963 1081 3020 domo
1095 2960 1212 3019 llireani
1224 2961 1339 3036 aliquot
1352 2960 1439 3021 annis
1454 2961 1595 3030 serviens,
1622 2957 1770 3017 industria
1781 2974 1817 3015 ae

103 3046 188 3119 regni
200 3047 280 3119 ejus,
294 3064 364 3105 cum
375 3048 539 3122 Cambyses
550 3048 631 3107 sdius
641 3051 710 3123 Cyri
722 3067 784 3109 non
798 3051 854 3108 nisi
868 3056 935 3111 octo
950 3081 971 3137 C
989 3051 1136 3126 probitate
1154 3050 1334 3125 spectabilis,
1359 3049 1456 3107 eidem
1469 3050 1595 3107 Hircano
1609 3047 1733 3106 domino
1761 3062 1817 3103 suo

104 3136 193 3194 aunis
219 3152 364 3208 regnasse
387 3137 587 3211 perhibeatur.
615 3142 724 3197 Verum
747 3140 779 3197 in
802 3141 936 3199 numeris
991 3140 1140 3211 gratiosus
1162 3139 1279 3207 exstitit,
1291 3139 1322 3197 in
1347 3142 1464 3197 mutum
1477 3138 1547 3196 ulei
1568 3136 1740 3194 universam
1763 3134 1816 3193 do-

104 3224 201 3283 muita
223 3225 385 3284 mendacia
408 3226 588 3300 scriptorum
609 3227 693 3285 libris
716 3229 814 3286 inesse
832 3230 936 3304 depre-
989 3246 1075 3287 mum
1089 3245 1176 3286 suam
1190 3228 1396 3285 committeret.
1410 3221 1817 3296 Circahaectemporaoonti-

104 3315 280 3383 heudimur,
309 3320 410 3374 tarmn
434 3317 465 3375 iu
489 3318 639 3389 ejusmodi
668 3319 820 3377 studiosus
844 3320 936 3379 lector
990 3318 1032 3389 git
1046 3321 1078 3375 ut
1089 3318 1264 3388 antigonus,
1280 3314 1396 3375 llireaui
1417 3312 1566 3389 pontificis
1591 3311 1680 3370 irater
1704 3308 1816 3385 junior,

103 3405 221 3463 moveri
234 3420 299 3463 uon
309 3405 407 3475 dehet,
423 3407 496 3481 quia
508 3407 623 3481 aliquid
631 3412 684 3477 est,
699 3408 814 3467 veritati
827 3425 935 3483 appro·
990 3406 1131 3463 cumdem
1144 3405 1303 3462 hircanum
1317 3404 1519 3479 apontilicatu
1528 3400 1708 3477 propellens,
1722 3414 1817 3477 saeer-

102 3496 281 3569 piuquasse,
298 3495 356 3555 illic
368 3496 458 3553 otiam
472 3497 524 3553 ubi
543 3512 604 3555 non
618 3497 764 3569 contingit
776 3498 808 3555 in
831 3502 892 3556 tolo
904 3499 936 3555 il·
989 3495 1062 3553 dotii
1077 3494 1253 3565 dignitatem
1267 3495 1418 3569 arriperet.
1431 3496 1565 3567 Cumque
1576 3488 1734 3566 Pompeius
1748 3504 1818 3546 eon-

101 3584 163 3641 lam
178 3585 446 3658 comprehendere.
457 3590 488 3643 in
499 3585 582 3643 libris
596 3587 687 3645 etiam
696 3587 935 3645 Dachabreormu
990 3584 1037 3641 sul
1049 3588 1253 3642 homanormn
1268 3588 1338 3642 tune
1352 3599 1406 3657 per
1420 3582 1537 3657 Syriam
1553 3580 1716 3639 exercitum
1728 3578 1818 3637 duee·

101 3680 128 3731 ct
141 3674 175 3731 in
190 3673 313 3732 Daniele
338 3678 479 3749 quedam
493 3676 644 3746 dicuutur,
670 3693 739 3751 quae
762 3692 824 3734 non
849 3676 935 3736 facile
989 3679 1042 3742 ret,
1064 3673 1253 3747 supradictus
1267 3673 1427 3747 Antipater,
1441 3672 1552 3729 missus
1566 3671 1606 3730 ab
1625 3670 1752 3729 hircano
1764 3668 1817 3729 de·

101 3762 268 3835 iateDigerc
280 3765 387 3837 possis,
400 3765 646 3837 nisicognoveris
669 3765 801 3840 primum
816 3782 868 3824 eos
882 3767 935 3840 qui
989 3762 1071 3821 mino
1098 3779 1154 3821 suo
1176 3763 1215 3820 ed
1239 3762 1415 3836 Pompeium
1442 3760 1574 3829 veniens,
1591 3758 1761 3834 impetravit
1784 3761 1818 3816 ut

101 3858 169 3927 post
175 3852 383 3911 Alexandrum
390 3858 531 3925 Magnum
537 3854 568 3911 in
576 3870 704 3925 rognum
713 3855 805 3929 Syriae
814 3860 842 3913 et
849 3860 936 3930 AEgy-
989 3869 1060 3911 cum
1075 3851 1205 3909 exercitu
1218 3850 1456 3925 Hierosolymam
1470 3849 1652 3919 ascenderet,
1665 3847 1817 3921 etdeJ'ecto

101 3943 142 4015 pii
155 3947 385 4000 successerunt:
400 3947 432 4000 ln
446 3943 935 4019 Danielesiquidemaudisrcgem
989 3942 1149 4013 Antigono,
1165 3940 1322 3999 sacerdotii
1336 3940 1512 4012 dignitatem
1535 3938 1662 4025 Dircano
1675 3936 1818 3997 reforma-

100 4030 258 4105 aqrrilonis
263 4030 434 4106 frequenter
440 4032 591 4090 nominari
603 4052 610 4103 ;
622 4033 675 4090 ubi
682 4049 735 4108 per
745 4038 882 4091 austrum
892 4034 935 4092 ni·
988 4036 1041 4088 ret.
1054 4031 1213 4106 Pompeius
1226 4031 1338 4105 itaque,
1350 4030 1483 4089 restituto
1494 4029 1630 4099 ilircauo,
1642 4028 1753 4087 tributa
1762 4032 1818 4087 ter·

100 4121 139 4179 hil
154 4119 244 4177 aliud
258 4136 352 4195 quam
366 4136 494 4193 regnum
509 4122 745 4197 AEgypti3etper
760 4122 934 4197 aquilonem
989 4137 1029 4177 ree
1044 4120 1189 4180 solvenda
1214 4120 1329 4190 indixit,
1346 4124 1435 4194 atque
1463 4118 1604 4177 eumdem
1628 4118 1818 4193 Antipatrum

99 4210 173 4267 nihil
184 4209 270 4267 atiud
279 4225 374 4283 quam
383 4224 511 4283 regnum
523 4211 796 4285 Syrie,sccundum
806 4211 934 4269 litteram
989 4206 1818 4284 universeregioniprereottreecuensnntipaterauem

99 4298 226 4371 intelligi
243 4302 379 4372 oportet3
394 4314 525 4373 quorum
549 4316 635 4370 reges
663 4299 783 4357 alternis
805 4300 932 4367 vicibus,
988 4298 1119 4372 antiquae
1129 4294 1818 4370 gratianouimmemorergailircanumbeni·

98 4385 441 4461 nunopacenuncbello
454 4388 631 4445 adinvicem
640 4388 724 4445 varia
737 4390 933 4462 temporaha-
946 4434 969 4489 D
989 4386 1192 4458 graecisant,
1203 4391 1344 4460 mutaque
1352 4380 1817 4455 modestiainjunotumoliieium

99 4477 202 4535 buisse
215 4476 366 4548 leguntur.
380 4478 460 4543 Quas
473 4476 703 4541 vicissitudines,
715 4477 772 4535 nisi
787 4478 870 4552 prius
884 4495 932 4535 co·
988 4477 1128 4545 exercuit,
1145 4480 1177 4533 ut
1186 4480 1248 4533 mm
1262 4475 1373 4532 iudaeis
1386 4488 1481 4547 quam
1494 4470 1636 4529 Romanis
1650 4472 1817 4548 complace-

99 4583 165 4624 rum
181 4567 275 4637 gestis
282 4566 418 4637 segnitie,
427 4582 490 4623 non
498 4566 582 4625 laeiie
590 4566 751 4623 discernes.
765 4570 838 4625 item
847 4568 930 4641 quod
986 4572 1038 4625 rel.
1052 4566 1268 4623 (lenuitautcm
1276 4564 1373 4623 filium
1381 4562 1658 4621 Herodemuomine
1670 4582 1678 4635 3
1688 4562 1819 4639 quipest

98 4656 127 4712 in
140 4656 222 4713 libro
237 4654 477 4713 Dachaheormn
492 4655 630 4727 legimus,
646 4656 826 4714 Antiochum
841 4661 931 4729 atque
985 4660 1113 4714 mortem
1136 4655 1230 4730 patris
1252 4659 1317 4713 tum
1331 4653 1440 4712 merito
1453 4653 1582 4729 proprie
1608 4653 1734 4725 nautis,
1749 4658 1815 4713 tum

99 4743 284 4801 Demetrium
299 4759 464 4818 eorumque
473 4760 661 4802 successores
670 4760 725 4818 pro
733 4760 827 4816 regno
838 4745 930 4817 Syriae
985 4746 1074 4804 etiam
1089 4745 1184 4817 gratia
1200 4750 1333 4820 paterne
1345 4743 1514 4802 devotionis
1532 4760 1551 4803 a
1571 4744 1713 4803 Romanis
1732 4762 1817 4803 coro·

100 4834 272 4891 exadverso
285 4838 464 4906 pugnantes,
473 4833 635 4907 ipsumque
645 4850 773 4905 regnum
783 4833 870 4907 quasi
880 4850 931 4907 pa-
984 4833 1817 4909 nauracccpit,etrcxlactusest.iiicestllerodes,cujus

99 4921 411 4993 ternojurehineinde
420 4922 930 4996 utrosquevindicantesintelllgerc
984 4925 1069 4994 regni
1083 4940 1164 4981 arrno
1177 4924 1325 4981 tricesimo
1334 4924 1433 4998 primo
1444 4925 1533 4980 uatus
1552 4927 1596 4980 est
1606 4923 1747 4982 Christus.
1760 4922 1816 4989 Qui

99 5026 157 5067 non
173 5009 357 5083 poterisque
367 5010 404 5067 de
421 5027 513 5068 causa
525 5011 757 5078 lactumsit,uisi
771 5013 930 5081 agnoveris
984 5014 1130 5086 quoniam
1146 5012 1314 5085 alienigena
1327 5013 1563 5087 primustudoere
1579 5027 1707 5083 regnum
1719 5025 1817 5067 susce-

98 5098 229 5171 qualitcr
241 5098 383 5155 Seleucus
396 5098 476 5156 iilius
490 5100 626 5158 Antiochi
638 5101 744 5171 hlugni,
760 5117 813 5157 rex
827 5101 927 5174 Syriae,
984 5108 1079 5175 perat,
1091 5101 1194 5159 audita
1205 5102 1347 5176 lamaper
1357 5102 1509 5174 magosdc
1520 5100 1672 5159 nativitate
1682 5098 1761 5169 regis
1770 5101 1818 5155 lu-

98 5188 231 5243 moriens
242 5203 446 5244 successorem
456 5188 793 5263 reliqueritAntiochum
804 5190 930 5263 Epipha-
984 5191 1131 5258 decorum,
1157 5191 1274 5248 territus
1287 5195 1339 5248 cst.
1367 5194 1460 5248 Eine
1490 5189 1563 5245 lortc
1586 5202 1715 5257 regnum
1733 5188 1817 5261 quod

97 5292 187 5332 neum
196 5276 320 5333 tratrem
331 5293 431 5334 suum.
442 5280 506 5344 Duo
514 5283 633 5334 mortuo
645 5278 809 5334 Demetrius
816 5279 930 5336 Seleuci
985 5283 1192 5353 usurpaverat,
1207 5280 1363 5347 amitteret,
1377 5294 1468 5352 quem
1485 5290 1688 5333 successorem
1707 5275 1814 5345 timuit,

96 5365 325 5437 liliuscgressus
338 5366 378 5423 ah
391 5366 566 5424 urhcitoma
577 5368 697 5424 venitin
709 5368 836 5440 Syriam,
848 5368 877 5424 in
888 5384 930 5425 rc·
984 5368 1173 5438 exstinguere
1188 5367 1363 5425 conabatur.
1377 5365 1502 5422 Peremit
1516 5364 1616 5439 itaque
1632 5364 1816 5435 innocentes,

985 5461 1026 5524 ut,
1041 5456 1188 5515 anniversis
1198 5454 1405 5523 morientibus,
1417 5453 1475 5521 ifle,
1483 5470 1575 5528 quem
1587 5472 1683 5514 unum
1693 5456 1818 5515 insccta-

134 5678 195 5751 (Π)
204 5676 349 5739 Totihuic
364 5693 391 5735 e.
404 5676 534 5737 multum
546 5677 660 5738 confert
669 5677 976 5738 doetrinaticlchioris
990 5677 1072 5747 Cani,
1088 5678 1119 5735 iu
1133 5677 1184 5735 lih.
1202 5694 1228 5734 n
1244 5692 1368 5736 suorum
1384 5678 1540 5738 Locorum.
1554 5678 1693 5751 Theolog.
