3824 6052
141 114 207 166 llll
322 111 474 168 HUGONIS
493 112 538 166 DE
559 111 586 167 S.
608 112 755 168 villena
775 113 849 167 OPP.
869 112 958 168 PARS
976 115 998 169 1.
1018 143 1052 152 -
1071 114 1272 174 EXEGETICA.
1296 148 1326 160 --
1347 122 1378 176 ll.
1401 124 1433 178 ΙΝ
1453 125 1672 182 ΑΒΕΟΡΑὓΙΤ.

137 240 208 297 lsai.
226 242 289 305 vi.»
304 239 402 295 Sedet
417 237 504 293 rrubis
518 237 590 307 ipsis
611 238 735 307 speciem
746 236 895 307 tbealcrpia
906 237 962 293 cir·
975 240 998 293 Α
1016 237 1092 311 ipse,
1109 239 1161 295 sed
1171 240 1258 296 unius
1275 244 1484 313 sipoifieelivlc
1503 250 1654 319 imupinis
1676 252 1700 306 d

136 333 327 401 cumfermet,
342 328 515 399 sipaificans
527 342 584 397 per
607 327 661 384 lrec
682 327 962 384 sucresintellectus
1015 325 1047 381 in
1056 330 1267 395 prodimurum
1278 333 1371 388 simili
1379 336 1465 391 mede
1483 337 1700 397 declaratione

135 420 245 475 occulti
258 418 376 489 quidem
393 416 765 486 luminissupermumtane
777 417 962 486 superreple-
1014 415 1208 488 ciendamque
1219 425 1246 474 el
1262 419 1327 492 bec,
1341 423 1450 492 fluvias
1465 426 1563 482 dictes
1576 428 1700 496 fuisses

134 523 188 581 les,
197 511 329 582 primam
339 508 608 578 nianifestatiooem
616 521 756 576 pompose
770 506 958 575 accipientes,
1014 517 1121 560 carrus
1147 521 1295 564 cenneuos
1323 513 1488 570 celestibus
1510 518 1650 574 essentiis
1675 520 1700 591 (l

132 610 161 662 et
175 605 270 674 ipsam
284 601 398 671 copiose
407 599 438 653 in
452 612 496 668 cu,
512 601 652 668 qadsuni
664 594 804 661 secundo,
820 592 919 650 lucide
932 599 959 649 et
1013 591 1119 648 Ezecb.
1131 609 1151 664 1,
1164 595 1201 660 x).
1217 596 1341 666 Ipneam
1355 600 1432 657 enim
1458 604 1581 673 quidem
1594 605 1698 673 flumin

128 689 398 763 proportionaliter
420 685 657 741 distribuentes:
685 687 712 738 et
731 681 803 752 quie
827 681 959 751 pasitele
1013 685 1082 736 conl
1093 681 1208 738 divinos
1220 693 1377 754 promotus
1393 692 1544 760 copiosam
1559 695 1645 765 ipsis,
1660 702 1700 753 ets

130 783 180 849 cis,
190 780 418 848 etuioificum,et
432 776 572 840 activum,
584 779 611 829 el
618 771 815 842 perfectivum
825 770 957 827 subsistit
1012 770 1135 826 cientem
1150 773 1339 842 affluentiam
1354 778 1511 852 derrantes,
1528 789 1556 838 el
1574 784 1691 852 vivifica

124 871 218 939 fucta
229 866 461 924 intellectualem
471 861 609 919 imbrium
629 859 858 928 conceptionem,
879 859 956 914 ecci·
1011 861 1053 912 tes
1064 857 1261 927 fecunditate.
1279 863 1395 922 Currus
1411 873 1511 924 autern
1527 873 1700 940 cercjunctiu

125 957 361 1027 pientemsinum
374 951 503 1008 numidis
510 947 956 1020 plu-eiisinuitalespartuseve·
1010 946 1172 1005 litudirnan
1194 954 1363 1010 societatem
1382 956 1440 1027 (IV
1457 959 1531 1029 Ray,
1542 974 1572 1031 1,·
1589 961 1692 1019 Exci,

128 1053 253 1104 cuntem.
266 1046 336 1114 lpse
349 1044 437 1098 etiarn
451 1041 528 1106 ceris,
540 1043 566 1095 el
578 1037 691 1108 electri,
700 1041 726 1092 et
737 1035 955 1106 lepidummal·
1008 1041 1107 1093 aulem
1116 1047 1255 1107 pennata
1269 1043 1386 1113 quidem
1402 1061 1469 1102 curn
1483 1049 1556 1120 siat,
1577 1051 1610 1106 in
1627 1068 1669 1121 ee,
1686 1070 1700 1124 q

127 1138 284 1193 ticelerum
293 1116 417 1203 speciem
427 1128 575 1199 tbeeleoia
583 1125 747 1182 celestibus
756 1124 887 1180 essentiis
896 1125 952 1180 cir·
1007 1133 1195 1194 conspectam
1211 1137 1290 1198 sunt,
1313 1133 1588 1194 inconversibiliter
1609 1148 1700 1198 euntes

127 1225 278 1296 componit
294 1223 375 1295 (lsai.
391 1234 486 1289 mm
497 1217 590 1288 Apec.
610 1214 774 1286 r;Dan.11).
796 1213 950 1270 Electrum
1006 1218 1096 1286 ctam,
1112 1220 1139 1271 et
1148 1218 1266 1286 justam
1280 1220 1360 1277 vium
1374 1226 1510 1281 exeuntis
1530 1231 1700 1296 epreraliords

125 1317 242 1390 quidem
253 1314 340 1386 quasi
353 1311 528 1381 auriforme,
539 1307 628 1362 simul
638 1310 664 1361 et
676 1309 848 1376 arpenteurn
859 1304 952 1374 sipni-
1005 1302 1144 1359 virtulem
1160 1306 1190 1361 in
1205 1309 1337 1365 eerndem
1347 1312 1410 1369 sine
1418 1313 1544 1385 flccu,el
1552 1323 1634 1374 recte
1645 1326 1700 1376 secl

123 1408 206 1478 ficut,
217 1402 431 1474 imputribilem
443 1403 474 1453 ut
485 1399 516 1452 in
525 1410 607 1463 aure,
628 1400 655 1450 el
670 1395 800 1464 turpem,
812 1399 839 1449 et
853 1394 949 1448 minu-
1004 1390 1095 1447 simul
1100 1395 1231 1452 ernrrium
1237 1412 1340 1454 currem
1348 1401 1549 1460 intellectuali
1558 1412 1700 1478 retatusu,

124 1501 198 1566 turn,
207 1498 233 1550 et
246 1491 512 1549 incontaminatum
523 1485 719 1556 splendorem,
731 1488 758 1538 el
767 1487 948 1552 apertam,ul
1003 1477 1082 1536 duae
1092 1480 1214 1539 directe.
1231 1486 1287 1541 Est
1298 1494 1398 1545 autem
1408 1496 1435 1546 et
1446 1507 1504 1559 per
1518 1494 1615 1550 uliam
1626 1512 1700 1567 ariao

122 1585 155 1640 in
171 1588 307 1654 arpenta,
322 1586 348 1636 el
365 1580 551 1650 luciformem
564 1581 590 1631 et
606 1575 749 1630 cccleslern
767 1573 945 1628 claritatem,
964 1567 1141 1643 Biadicare
1149 1571 1400 1633 intellectualium
1408 1586 1546 1638 rotarum
1555 1585 1700 1655 irnapinar

121 1674 158 1729 Io
185 1687 243 1729 are
270 1676 368 1727 eutem
393 1665 554 1723 secandum
580 1663 709 1719 lrrulitas
737 1661 868 1717 rationes
894 1665 946 1715 eat
1001 1655 1185 1725 criptienem.
1204 1663 1700 1735 Velitatumestenimeis,ulaittl

121 1764 241 1834 laneum
265 1766 318 1816 aut
334 1759 509 1827 astrifer-ine,
531 1751 766 1810 attribuendum.
796 1750 946 1819 Lepidum
1000 1746 1311 1819 eel‚ecl‚pel(l]zecli.
1324 1756 1652 1827 nummulariorum
1669 1766 1700 1821 be

121 1865 189 1908 vere
201 1847 402 1906 multicolores
415 1844 523 1914 species
533 1841 704 1911 sipnificere
714 1837 946 1894 existimandum
1000 1835 1182 1894 Hebraicam
1213 1856 1321 1913 vacem,
1348 1849 1549 1906 revelationes
1576 1860 1607 1908 el
1635 1871 1699 1911 rem

119 1944 174 1996 aut
185 1937 272 2008 qnasi
280 1935 375 2000 albas,
391 1933 557 2000 luciforme,
568 1934 621 1984 out
631 1928 719 1999 qtiesi
734 1927 851 1996 rubeus,
865 1926 947 1980 euri·
999 1923 1097 1993 lanea
1106 1927 1251 1998 siquidem
1257 1937 1284 1986 et
1292 1933 1451 2004 deiformes
1462 1944 1547 2009 reta,
1561 1945 1700 2001 revolutis

116 2028 225 2096 ferme,
236 2022 383 2092 autquasi
390 2019 535 2089 pallidas,
543 2017 713 2086 jaecnileet
728 2029 846 2081 nevum;
856 2020 883 2069 el
891 2029 948 2083 per
1000 2011 1066 2069 dem
1077 2013 1185 2072 babent
1200 2021 1280 2076 circa
1295 2022 1422 2092 idipsam
1439 2029 1591 2095 eptimam
1610 2049 1700 2104 sempe

118 2114 253 2185 sinpulas
278 2111 385 2181 species
411 2108 542 2164 invenies
561 2105 757 2175 erictpepicam
775 2105 944 2174 typicarum
1000 2106 1577 2173 nicilu,·revclulieuesveresecrelerum
1586 2125 1700 2192 monife

117 2203 282 2273 imapinam
308 2197 564 2268 dijudicationem.
584 2194 642 2250 Sed
661 2193 802 2265 quereiam
827 2192 945 2262 quidem
1000 2195 1026 2245 el
1041 2192 1241 2262 cellicolarum
1256 2199 1559 2275 circumreductione,
1577 2215 1606 2264 cl
1625 2213 1700 2269 allus

117 2290 349 2349 bacsecundurn
365 2288 504 2343 virtulem
519 2289 651 2339 nestrum
666 2297 685 2338 e
702 2282 785 2336 nelis
796 2282 945 2350 sufficien-
999 2279 1208 2353 minutionem,
1223 2285 1254 2340 in
1274 2302 1319 2357 eo,
1340 2304 1407 2359 qtice
1421 2291 1562 2361 subrecta
1581 2304 1700 2371 sant,d

117 2388 162 2438 ter
175 2380 256 2436 dictu
267 2393 327 2435 csse
337 2376 481 2437 arbitrer,
490 2371 706 2428 trunsum-darn
718 2371 749 2425 in
757 2375 892 2425 sanctam
900 2385 945 2425 rc·
995 2368 1187 2437 perfectione.
1206 2373 1349 2445 Reliquus
1361 2392 1428 2434 uere
1440 2380 1526 2436 nobis
1544 2385 1580 2440 in
1594 2391 1700 2458 euplus

115 2468 292 2526 serationem
303 2463 463 2521 coelestium
475 2461 643 2517 animorum
656 2458 879 2528 sacrefpuratcc
889 2458 945 2512 bes·
998 2454 1035 2511 de
1047 2459 1158 2527 valedio
1172 2462 1333 2520 celestium
1349 2467 1585 2536 dispositionum
1602 2493 1700 2536 scinne

115 2553 406 2628 lielisfermelienis.
417 2553 541 2607 Leonem
557 2547 811 2618 enimsipnifcare
826 2561 942 2603 censen·
997 2546 1176 2613 acceptrices
1191 2551 1310 2607 ornrriae
1325 2570 1385 2610 aen
1404 2564 1473 2612 scint
1487 2563 1569 2632 ejus,
1589 2582 1661 2635 qiua
1679 2585 1700 2624 u

114 2648 195 2718 dum,
207 2642 424 2715 principalem
436 2639 600 2709 relicatam,
612 2642 637 2692 et
656 2637 843 2708 indomitum,
855 2641 881 2691 el
893 2635 942 2691 ab·
996 2648 1049 2688 nes
1059 2641 1112 2706 est,
1119 2637 1270 2705 possibilis
1286 2643 1504 2705 delectationis.
1521 2651 1700 2724 Conpuudei

113 2736 209 2792 ditum
227 2731 388 2802 ineffabilis
411 2728 578 2784 divinitalis
594 2732 625 2781 ut
642 2727 746 2796 virtus,
771 2726 941 2782 assimilati·
995 2722 1700 2804 DeelLuc.xvi)dicuntia·perdilorurninventis

113 2839 182 2879 vum
202 2819 453 2876 intellectualium
468 2816 658 2884 vestipierunr
681 2815 941 2871 circumvelamine
975 2875 980 2887 ¹
994 2811 1168 2880 deiformem
1183 2820 1382 2886 epulationem
1392 2830 1419 2880 el
1433 2827 1464 2880 in
1476 2833 1694 2908 previdentia,

112 2912 138 2962 el
147 2907 270 2977 mpslice
277 2904 416 2975 fortassis
421 2903 857 2973 pempesearnictu,secundum
865 2903 940 2959 diei-
959 2938 979 2993 C
996 2900 1098 2956 lutein
1115 2901 1209 2960 Deum
1225 2907 1411 2983 redeuntium
1425 2913 1700 2995 deifer-rnitalem,s

111 3010 182 3052 nem
193 2992 445 3051 illuminationem
463 2991 494 3046 in
505 2996 591 3047 semel
608 2991 743 3045 restitute
756 2991 871 3047 itinere.
891 2992 939 3062 lp
993 2991 1143 3057 ruptionis
1154 2993 1302 3066 lectitlom,
1313 3004 1340 3053 el
1351 2999 1436 3056 illam
1455 3002 1692 3074 beneficentia,

110 3082 252 3140 sumcere
265 3082 355 3151 bovis,
368 3081 489 3150 firmam
502 3085 529 3136 et
546 3093 666 3146 aarum,
682 3083 709 3134 et
722 3079 938 3137 intellectuales
993 3079 1060 3150 lem,
1077 3081 1108 3135 in
1121 3084 1207 3150 elefas
1215 3088 1449 3157 participatione
1458 3110 1543 3164 sape
1552 3100 1643 3167 facti
1653 3119 1700 3160 sae

109 3173 206 3229 sulces
230 3184 371 3227 reuocans
387 3167 553 3239 [renovans]
567 3168 597 3222 in
610 3168 822 3236 susceptionem
843 3171 938 3226 cales·
990 3171 1700 3250 sanctiperdeificesdieioururn,illuminalien

109 3256 937 3332 lium,etpienenliumimbrium,elcusluditivurnetfor-
987 3260 1206 3325 peredeevtus.
1225 3265 1405 3324 Tanlaame
1418 3271 1700 3350 desanclisfenno

109 3351 264 3407 tissimum.
275 3350 376 3419 Ipsam
387 3346 423 3402 de
436 3347 506 3401 binc
528 3347 648 3417 aquila,
665 3347 775 3417 repele,
793 3351 821 3403 et
837 3349 936 3419 allife-
990 3346 1160 3420 dictasunt,
1174 3351 1438 3426 dilipentiquiclem
1456 3377 1568 3423 eurum
1587 3374 1700 3442 murii'fs

107 3454 185 3506 rum,
202 3443 228 3494 el
252 3437 416 3502 citivolum,
432 3440 458 3490 cl
478 3435 519 3490 ed
529 3435 735 3504 potentificum
759 3434 933 3490 elimarturn
988 3435 1172 3509 deficiealie,·
1184 3443 1320 3512 perfecta
1331 3452 1700 3522 rctclan,ulem’slime,ed

107 3526 239 3593 acutum,
262 3527 288 3576 et
299 3520 440 3584 sobrium,
454 3525 481 3575 ct
492 3520 581 3590 cpite,
593 3523 619 3573 el
634 3519 703 3574 bene
717 3515 932 3590 inallocutum,
988 3525 1100 3582 militer
1114 3543 1166 3584 nes
1177 3535 1388 3592 remanendum
1405 3539 1435 3593 in
1449 3541 1633 3610 dourelivis
1645 3553 1700 3620 pla

106 3613 133 3663 et
160 3606 202 3662 ed
224 3606 373 3674 copiosam
391 3610 417 3660 et
439 3604 681 3659 multolucentem
701 3603 821 3659 rudium
838 3604 935 3661 divini
986 3613 1126 3672 Stantem
1134 3623 1162 3673 er
1174 3619 1229 3677 1000
1237 3622 1361 3695 ΜΝ,
1370 3632 1517 3696 quomod„
1525 3649 1591 3691 no„
1602 3654 1651 3695 om
1653 3644 1700 3697 m

105 3696 176 3752 selis
190 3693 335 3752 desiderio
359 3692 663 3761 inspeculativarum
685 3692 831 3748 uirtutum
850 3694 931 3750 sanis
986 3703 1023 3759 de
1035 3707 1242 3776 arrpelicarum
1253 3712 1284 3766 in
1294 3714 1417 3784 eloquiis
1428 3721 1592 3795 virtulum,
1612 3737 1700 3801 aule,

104 3784 253 3841 obtulibus
274 3782 451 3848 immediate,
463 3786 541 3836 recte
552 3787 579 3836 et
592 3779 798 3849 inflexibiliter
806 3789 933 3839 centem·
985 3807 1068 3863 rrum,
1079 3800 1131 3848 aut
1143 3796 1307 3867 imepinurn
1317 3803 1479 3871 fecerimus
1490 3815 1681 3887 mentionem,

100 3873 361 3945 plotinum.1llam
376 3885 443 3925 vere
460 3884 613 3939 equorum,
626 3868 771 3942 obediens,
787 3877 814 3926 el
828 3854 932 3942 frene·
985 3879 1197 3941 demuseerum
1207 3888 1296 3959 qrced,
1317 3906 1445 3962 erearum
1463 3900 1588 3967 quidem
1604 3920 1700 3975 sapen

105 3963 176 4031 bite,
205 3967 232 4017 el
256 3960 358 4016 albam
372 3957 500 4028 atridem,
523 3972 591 4013 vere
619 3958 762 4032 lucidum,
793 3966 821 4017 et
845 3964 932 4032 quasi
984 3971 1224 4030 cumscientiam
1241 3977 1595 4058 ioneravimus,inipsn
1618 4009 1700 4053 „034

103 4049 336 4108 mavimedivini
346 4048 467 4103 luniinis
484 4048 736 4118 cepnatissimum.
754 4049 866 4108 Eorum
878 4067 930 4109 uu·
985 4057 1200 4118 luciductorem
1212 4063 1700 4153 decentemdesider·arnus(lub11

103 4140 233 4212 tem,qui
244 4137 928 4215 niprisnnl,abditum;rubrurnvereieneum,
983 4145 1314 4225 dumuulemtunquum
1326 4157 1413 4214 dictis
1432 4178 1518 4234 nque
1536 4174 1680 4236 porentia

101 4229 285 4288 electivum:
301 4228 520 4283 commistorum
535 4241 650 4297 qltthtle
665 4241 703 4283 en
714 4228 783 4284 albe
795 4232 927 4302 etnipre,
982 4235 1125 4311 misimus,
1146 4249 1429 4304 commensurationi
1447 4263 1600 4314 sermonis
1617 4240 1700 4330 pmcn

100 4338 167 4378 curn
174 4320 342 4392 perfective
355 4319 465 4374 virtute
476 4323 676 4374 estrernerum
692 4321 926 4396 conjunctivum,
982 4331 1009 4380 et
1020 4341 1114 4396 supra
1129 4345 1181 4384 nes
1191 4339 1334 4390 secretum
1347 4338 1466 4395 silentiu
1480 4342 1700 4417 honorificante

99 4416 127 4468 el
139 4410 240 4480 prima
255 4407 402 4476 secundis,
420 4412 447 4461 el
463 4405 594 4462 secunda
607 4408 712 4476 primis
728 4411 928 4467 conversibili·
1301 4425 1491 4486 Εχροςιῃο,

100 4504 145 4557 ter
154 4513 191 4556 ac
200 4497 328 4569 previde
341 4500 524 4551 cernmctens.
533 4495 593 4551 Sed
599 4496 626 4550 si
639 4512 698 4551 nen
712 4500 855 4555 sermonis
870 4506 927 4558 ter-
1017 4505 1128 4562 Decimi
1142 4508 1237 4580 quinti
1251 4516 1279 4567 el
1293 4512 1389 4570 ullimi
1404 4517 1509 4589 capitis
1539 4523 1648 4585 titulus
1661 4533 1700 4588 esi

99 4590 281 4646 mineremus
300 4585 625 4653 commensurationem,
641 4592 667 4642 et
679 4602 737 4656 per
746 4594 851 4658 perles
864 4591 926 4647 dic-
980 4597 1050 4651 sunl
1069 4594 1435 4670 toimativeangelicarum
1454 4606 1601 4672 virtulem
1618 4617 1700 4692 imag

99 4676 196 4727 terum
210 4671 388 4729 animalium
395 4670 640 4741 proprietates,et
650 4677 925 4744 emuescerperales
980 4697 1048 4753 quta
1058 4683 1210 4755 demulsis]
1220 4691 1300 4746 eslel
1308 4690 1432 4766 reliqua!
1451 4698 1700 4767 Hactenusenim

97 4769 199 4810 eorum
212 4755 462 4823 conformationes
480 4753 693 4812 adunassemus
710 4759 850 4827 fortassis
864 4777 924 4818 nen
978 4769 1021 4826 vit
1034 4771 1071 4828 de
1083 4772 1280 4833 invisibilibus
1294 4781 1528 4854 proprietalibus
1540 4795 1700 4863 angelorm

98 4843 771 4914 incervprueccelestibusuirtutibusseeundum
781 4847 924 4909 dissimile
979 4861 1167 4922 suntscilicel
1182 4865 1264 4924 dona
1278 4866 1328 4926 illa
1353 4870 1505 4943 virtulum,
1525 4878 1699 4945 invisibiles

96 4930 315 4989 similitudines.
330 4930 539 4986 Furibundnm
556 4934 674 5003 quidun
692 4935 722 4991 in
732 4937 863 5007 ipserum
879 4941 925 4997 ln.
978 4947 1072 5005 tiones
1080 4948 1110 5007 in
1119 4951 1170 5008 eis.
1186 4956 1270 5012 Nunc
1282 4966 1498 5034 consequenter
1508 4965 1551 5024 dc
1568 4970 1700 5034 visibillh

96 5021 295 5082 tellectuelem
316 5018 538 5091 fortitudinem,
562 5025 649 5092 cirjus
664 5027 822 5088 nevndma
832 5031 924 5101 furer
976 5036 1159 5096 mationibus
1169 5045 1293 5101 tractare
1304 5046 1406 5122 incipit
1420 5068 1513 5125 :quas
1523 5064 1700 5124 memmei<

95 5114 138 5165 est
151 5110 248 5179 imapa
258 5121 270 5176 ,·
284 5106 379 5176 ipsern
395 5118 463 5159 vere
478 5105 586 5159 iterum
604 5112 873 5179 concupiscentiam
890 5117 922 5172 ia
975 5122 1047 5195 ipsis
1066 5127 1232 5184 secundum
1245 5135 1445 5206 corporalium
1455 5156 1558 5200 renim
1576 5146 1700 5222 imagin

94 5195 386 5256 ameremdiuinum:
402 5198 441 5259 el,
460 5198 490 5247 nt
516 5197 684 5252 surrirnalim
703 5200 872 5275 dicendum,
888 5207 922 5261 si·
974 5212 1287 5292 militudinesmyslica
1295 5223 1511 5294 significatione
1520 5235 1700 5301 attribuite

93 5290 157 5344 mul
170 5302 267 5343 earnes
282 5282 537 5340 irrationabilium
547 5285 771 5358 uuirneliam,et
783 5302 921 5351 sensuset
973 5298 1031 5368 die,
1047 5304 1103 5371 eia,
1115 5321 1174 5360 vex
1182 5305 1327 5367 hortantis
1342 5319 1386 5370 est
1396 5317 1443 5373 vel
1453 5319 1588 5392 seipsum
1613 5329 1665 5386 vel
1675 5337 1700 5389 el

93 5376 273 5446 multiplices
285 5380 388 5444 partes
397 5373 428 5427 in
440 5374 652 5431 immateriales
660 5377 819 5436 celestium
830 5399 920 5441 essen-
973 5389 1138 5459 molheum,
1151 5394 1190 5449 acl
1200 5412 1291 5468 quem
1301 5399 1448 5473 loquitur:
1471 5429 1485 5457 a
1498 5410 1551 5466 Eia
1563 5369 1700 5476 dicam

94 5463 144 5520 tiu
153 5465 185 5520 in
197 5463 423 5534 intelligendus,
434 5467 461 5518 el
473 5462 636 5532 clirifermes
645 5466 768 5524 virtutes
779 5471 920 5531 reducen-
972 5481 1071 5535 restat.
1087 5502 1101 5528 n
1113 5481 1189 5551 Quid
1204 5491 1248 5543 est
1262 5489 1344 5560 quod
1357 5496 1472 5552 instat?
1487 5499 1547 5556 lios
1563 5503 1680 5566 scilieet
1695 5524 1700 5563 ι

93 5555 145 5605 les.
165 5551 327 5619 Sufficiunt
343 5557 442 5607 autern
457 5553 640 5621 sapientibus
661 5571 720 5612 non
734 5559 830 5616 selam
855 5563 918 5620 blec
973 5566 1022 5622 «si
1036 5568 1077 5626 ila
1091 5570 1217 5643 videtur,
1235 5598 1249 5623 n
1271 5576 1323 5635 tihi
1345 5582 1543 5660 remittamus,
1566 5593 1619 5652 rel
1637 5596 1700 5657 mh
