3832 6044
412 123 620 182 trilunatum
639 128 673 181 ΙΝ
692 124 813 180 NOVUM
834 123 1097 183 TESTAMENTUM.
1112 156 1146 166 -
1162 127 1226 184 tra.
1243 129 1276 183 11,
1641 135 1692 189 786

81 244 219 302 »virtutis
231 260 347 318 pronus
375 252 419 304 est
436 249 475 304 ad
490 251 686 323 parcendum,
702 253 731 305 et
743 264 810 321 pro·
824 251 847 303 Α
866 250 1023 320 excedunt,
1039 267 1094 308 nee
1104 252 1274 325 comparari
1285 252 1468 326 potestid‚in
1479 254 1642 327 quohomo
1653 257 1692 312 ab

81 333 241 417 ¹desiderat
253 320 283 391 et'
302 336 421 395 allectat
448 338 572 412 cupiens
597 339 763 409 indulgere,
779 341 811 395 ut
864 337 986 395 homine
1000 341 1169 409 otlouditur,
1181 341 1276 415 culpae
1289 347 1398 399 nostrae
1412 342 1443 399 in
1457 359 1519 416 qua
1531 347 1635 400 nostra
1645 361 1693 400 su·

81 428 169 484 {eatur
183 428 212 482 et
234 424 299 482 sibi.
317 429 473 500 Propterea
488 433 516 485 et
529 444 659 500 pronum
674 443 706 484 se
724 427 810 484 offert
863 426 967 499 perbia
979 433 1083 486 contra
1102 434 1185 487 tuam
1200 431 1340 504 pietatem
1354 431 1521 491 damnabili
1548 448 1693 506 proesum·

81 512 246 583 rditionem,
263 531 324 570 uon
346 516 580 589 presumptione
605 513 729 585 virtutis,
757 516 809 573 sed
862 516 963 589 ptione
978 523 1139 587 grassatur.
1150 523 1271 590 Tamen,
1288 520 1596 592 [taminatugratuita
1609 521 1693 580 beni-

82 601 126 660 rio
139 602 289 661 bonitatis.
300 604 350 661 llic
360 604 441 661 euim
450 605 633 662 desiderium
643 606 809 664 orationem
863 605 973 674 gnitate
986 608 1103 681 majora
1117 608 1256 677 dimittis;
1268 613 1300 666 ut
1313 626 1370 667 uos
1383 626 1528 683 provoces
1543 610 1582 667 ad
1594 610 1692 669 dimit·

81 735 88 760 ,
103 690 134 748 in
147 709 210 766 quo
223 692 315 750 virtus
329 693 521 765 indulgentiae
536 700 681 768 concepta
696 700 755 760 est:
781 700 809 752 et
863 695 987 752 tendum
1001 696 1128 766 murore,
1144 714 1199 754 nec
1213 703 1313 755 tamen
1328 699 1370 755 sic
1382 699 1541 756 immerito.
1556 703 1598 758 Tu
1610 700 1691 756 enim

81 786 166 839 onata
180 782 297 856 pietatis
310 782 433 854 flagitat,
447 789 480 841 ut
492 784 650 857 adjuvetur
664 785 703 842 ad
713 785 808 858 perfe-
862 801 992 854 magnus
1004 802 1046 854 es,
1062 801 1117 843 nos
1132 787 1232 859 parvi;
1253 790 1281 843 et
1295 787 1405 844 idcireo
1419 804 1532 859 magua
1546 790 1689 863 operaris,

81 888 107 928 m
123 890 130 940 ;
144 877 302 946 propterea
319 872 429 930 clamat
443 874 519 931 sieut
532 875 720 932 dimittimus.
737 878 805 942 Nos,
862 877 894 929 ut
913 874 1104 931 excellentem
1120 875 1283 932 bonitatem
1298 892 1359 949 quo
1373 892 1545 948 possumus,
1572 879 1691 934 amule-

99 961 233 1030 Domine,
246 966 297 1018 tua
307 963 401 1033 matie
413 963 564 1035 largiente,
577 964 660 1038 quod
670 969 807 1021 nostrum
862 980 938 1020 mur.
968 966 1126 1037 Propterea
1153 964 1330 1021 dimittimus
1356 965 1542 1023 debitoribus
1568 967 1688 1024 nostris.

81 1050 198 1119 erimus,
214 1055 247 1107 tu
260 1051 344 1125 quod
357 1056 441 1110 tuum
456 1058 509 1121 est,
526 1053 678 1127 adjunge;
695 1053 807 1110 seimus
860 1055 924 1109 Nou
937 1069 1042 1109 sumus
1056 1053 1158 1126 cupidi
1172 1053 1211 1111 ad
1230 1053 1438 1127 repetendum,
1460 1069 1516 1111 uec
1543 1054 1624 1112 avari
1650 1054 1690 1112 ad

81 1139 156 1213 prod
170 1139 286 1197 nullum
307 1139 423 1198 bouum
438 1142 501 1198 sine
516 1147 567 1199 tua
595 1142 805 1216 cooperatione
859 1140 1057 1199 retinendum.
1082 1141 1260 1199 dimittimus
1287 1142 1473 1200 debitoribus
1499 1142 1608 1200 nostris
1624 1161 1631 1213 3
1647 1143 1690 1200 di·

81 1232 138 1299 tur,
151 1229 219 1286 ideo
231 1230 314 1303 quod
325 1231 390 1302 jam
404 1232 585 1305 accepimus,
597 1231 721 1289 libenter
736 1231 807 1289 otle-
859 1230 1005 1288 mittimus
1016 1247 1077 1287 uon
1092 1230 1190 1288 solum
1205 1231 1258 1288 tibi
1281 1231 1453 1301 vindictam,
1470 1231 1523 1288 sed
1535 1231 1592 1288 illis
1606 1231 1689 1290 mali-

85 1317 277 1386 desiderium,
306 1324 339 1376 ut
363 1324 394 1376 tu
421 1337 512 1394 quem
527 1322 665 1379 nondum
692 1321 805 1395 aceepi—
859 1319 941 1377 tiam,
972 1320 1034 1377 Tibi
1061 1321 1238 1378 dimittimus
1262 1320 1434 1391 vindictam,
1465 1325 1498 1378 ut
1517 1326 1618 1379 nmen
1637 1338 1688 1378 eos

81 1406 128 1464 sed
152 1407 368 1477 desideramus,
396 1415 424 1467 et
446 1411 645 1469 desiderando
671 1427 803 1479 oramus,
859 1409 1044 1482 puniamus;
1070 1410 1126 1467 illis
1166 1409 1343 1467 dimittimus
1370 1410 1526 1479 malitiam,
1569 1415 1688 1469 utnon

81 1502 225 1570 spreestes
239 1497 389 1556 affectum.
399 1500 512 1556 Idcirco
523 1517 591 1557 eum
604 1499 731 1557 dicimus
741 1499 803 1567 tibi,
860 1498 1008 1555 odiamus.
1024 1502 1164 1573 Proptera
1181 1499 1271 1570 igitur
1284 1499 1398 1557 dimitte
1411 1500 1499 1556 nobis
1513 1499 1615 1558 debita
1636 1516 1689 1558 no-

81 1586 244 1654 imittimus‚
272 1604 333 1644 non
359 1589 509 1661 jactamus
539 1591 653 1648 virtutis
680 1589 840 1663 plenitu-13
860 1593 930 1656 stra,
944 1588 1020 1646 sicut
1033 1592 1061 1645 et
1072 1604 1129 1645 nos
1156 1588 1332 1646 dimittimus
1359 1588 1544 1646 debitoribus
1567 1589 1685 1647 nostris.

81 1719 88 1743 ,
104 1676 157 1732 sad
172 1677 358 1747 gratulamur
372 1684 494 1752 propter
507 1678 645 1737 desiderii
668 1679 740 1736 boni
761 1679 804 1736 in·
860 1676 941 1732 Prius
948 1692 1059 1746 panem
1071 1683 1207 1735 acetrum
1219 1678 1428 1750 quotidianum
1436 1679 1476 1735 cla
1488 1679 1571 1735 nobis
1582 1678 1688 1751 dodte;

81 1780 174 1823 ouem.
204 1769 361 1840 Propterea
385 1784 453 1825 eece
492 1769 677 1837 dimittimus,
709 1768 805 1842 parati
858 1770 964 1839 postea
976 1765 1091 1823 dimitte
1117 1766 1206 1823 nohis
1220 1766 1321 1824 debita
1344 1771 1457 1824 nostra.
1472 1767 1569 1823 -Prius
1582 1767 1622 1824 da
1636 1783 1688 1841 pa·

94 1849 249 1919 dimittere,
263 1853 359 1925 parati
372 1870 477 1910 sumus
492 1853 657 1924 indulgere.
683 1852 805 1910 Dimitti-
858 1870 939 1922 uem,
964 1860 1068 1928 postea
1096 1855 1210 1912 dimitte
1237 1855 1348 1912 debita.
1375 1855 1458 1911 Prius
1484 1856 1685 1925 refectionem,

81 1942 165 1996 tuon
181 1944 371 2013 repetamus;
396 1942 582 2012 dimittimus,
610 1947 717 1999 utnon
740 1959 805 1999 suc·
859 1948 963 2016 postea
976 1943 1193 2000 remissionem.
1221 1943 1250 2000 Si
1273 1943 1354 2000 enim
1368 1947 1522 2015 exspectas
1547 1944 1586 2000 da
1614 1944 1686 2000 rete-

82 2043 161 2086 mus.
177 2029 240 2085 ribi
254 2031 344 2100 enim,
360 2033 494 2102 Domino,
513 2049 564 2090 cor
587 2031 736 2106 loquitur;
750 2032 804 2089 tibi
858 2032 954 2090 ctione
968 2032 1064 2089 donee
1075 2033 1175 2104 rogari
1187 2048 1250 2089 nou
1263 2036 1399 2106 oporteat
1409 2032 1447 2088 de
1463 2031 1647 2101 remissione,
1659 2036 1688 2089 et

80 2135 95 2174 s
108 2118 275 2178 confitetur.
291 2120 361 2177 Ideo
375 2138 412 2177 ex
426 2121 515 2178 corde
529 2121 716 2189 dimittimus,
731 2122 803 2195 quia
859 2121 1012 2179 differatur
1026 2122 1111 2178 cibus
1126 2138 1295 2206 ‘quousque
1322 2117 1439 2178 desinat
1466 2120 1600 2190 morbus,
1624 2136 1687 2179 uon

81 2210 140 2264 tum
153 2223 215 2264 non
229 2208 355 2266 haberes
370 2209 518 2283 quidquid
544 2209 726 2267 extrinsecus
753 2210 804 2267 fio·
857 2210 1182 2281 convueseuntagroti
1197 2210 1248 2267 tui.
1263 2209 1384 2278 idcirco,
1399 2209 1533 2279 Domine,
1548 2209 1687 2282 quamvis

80 2296 164 2369 quod
177 2295 373 2367 linguadieit,
389 2297 413 2353 si
428 2296 518 2354 etiam
545 2297 726 2355 conscientia
740 2314 803 2355 non
859 2300 967 2356 bootem
993 2315 1054 2356 uon
1081 2300 1117 2355 sit
1133 2315 1246 2370 partem
1262 2299 1396 2369 fitiorum
1423 2299 1548 2356 mnibus
1569 2301 1688 2356 mittere

81 2387 163 2441 taret.
180 2384 249 2441 Ideo
270 2384 447 2442 dimittimus
461 2386 647 2443 debitoribus
672 2387 801 2456 nostris;
858 2389 979 2457 (natta.
995 2395 1055 2457 xrl,
1071 2393 1172 2445 tamea
1187 2388 1259 2461 quia
1273 2383 1415 2460 homiues,
1438 2388 1615 2457 etjameatc
1631 2386 1687 2444 sal·

80 2489 158 2542 mus,
187 2478 221 2530 ut
247 2490 308 2531 uon
336 2474 525 2549 requiramus
552 2476 592 2532 ad
619 2474 801 2545 vindictam3
857 2493 921 2545 vae,
948 2478 1196 2550 quarnadnrodum
1215 2477 1425 2547 metttiplicusti
1451 2475 1685 2533 mamcordiam

80 2578 159 2632 mus,
174 2568 282 2621 utnon
305 2564 487 2622 retineamus
511 2564 550 2621 ad
565 2564 720 2622 malitiam.
736 2568 803 2622 Pro
858 2571 941 2623 tetam
951 2569 1029 2625 Deus
1045 2568 1139 2635 (Psoi.
1155 2572 1255 2636 xxxv),
1277 2565 1390 2639 respice
1406 2565 1540 2633 miseros,
1556 2564 1686 2622 streties

88 2654 120 2708 tu
133 2651 256 2723 dimitte,
283 2653 359 2711 siout
372 2653 549 2711 dimittimus
573 2670 648 2724 uos;
677 2655 801 2723 dimitte,
858 2654 1028 2727 languidos,
1041 2661 1073 2713 ut
1086 2655 1268 2713 nutrimento
1279 2660 1330 2712 tuo
1344 2654 1427 2729 prius
1441 2653 1687 2712 convalescamus

98 2742 226 2799 retineas
247 2743 286 2800 ad
301 2743 422 2814 odium;
436 2743 559 2812 dimitte,
579 2748 609 2801 ut
624 2760 685 2802 non
699 2743 802 2815 exigas
858 2744 1037 2812 adveniam,
1053 2750 1157 2819 postea
1170 2744 1266 2802 sanati
1280 2749 1308 2801 et
1320 2743 1473 2816 justificati
1487 2747 1539 2800 tua
1552 2740 1687 2798 retectio-

81 2835 217 2890 nentum.
239 2836 347 2890 Parum
363 2839 408 2890 est
421 2833 501 2890 enim
513 2834 600 2891 uobis
614 2850 676 2892 uon
690 2834 801 2908 prmiri,
856 2850 894 2891 ue
907 2833 1100 2908 proficiamus
1109 2833 1147 2890 ad
1158 2832 1293 2904 gloriam.
1306 2832 1418 2889 tdeireo
1427 2831 1535 2888 iterum
1544 2845 1686 2903 nuncpa-

81 2936 212 2980 ereamur
226 2928 255 2979 et
267 2922 360 2993 diligi.
388 2923 500 2980 ideirco
527 2940 584 2980 nos
602 2923 692 2980 etiam
706 2923 802 2980 inimi·
817 2961 837 3016 C
856 2938 928 2980 nem
940 2927 1076 2980 nostrum
1088 2922 1298 2996 quotidianum
1311 2921 1352 2978 da
1365 2918 1559 2988 nobishodie,
1575 2923 1605 2976 et
1617 2932 1686 2991 pos·

81 3009 195 3082 igimus,
208 3012 261 3086 qui
275 3028 381 3069 omnes
391 3011 503 3070 inimici
517 3013 560 3070 tui
572 3013 694 3082 fuimus,
705 3029 802 3088 quan·
855 3018 902 3071 tea
915 3013 1029 3071 dimitte
1042 3012 1130 3070 nobis
1140 3012 1241 3069 debita
1253 3016 1366 3079 nostra,
1383 3014 1415 3067 ut
1425 3010 1521 3081 gratm
1533 3008 1685 3082 aspirante

81 3099 199 3156 eximus
213 3101 409 3176 iniquitatem,
424 3105 452 3158 et
466 3107 550 3159 tuam
569 3118 631 3160 uon
646 3102 802 3160 custodivi·
856 3103 1058 3161 accendamur
1067 3103 1107 3158 ad
1121 3101 1310 3158 dilectionem
1325 3103 1353 3156 et
1367 3097 1625 3172 perdilectionem
1640 3113 1685 3153 re·

81 3187 249 3248 oluntatem.
276 3194 444 3265 Propterea,
471 3191 605 3259 Domine,
633 3192 705 3266 quia
719 3192 801 3249 time·
855 3208 1001 3250 novemur
1015 3192 1054 3248 ad
1069 3189 1286 3255 remissionem,
1300 3188 1376 3244 sicut
1390 3187 1534 3259 seriptum
1548 3190 1612 3241 ast:
1634 3186 1685 3240 Di·

80 3281 166 3334 istam
180 3277 254 3335 iram
271 3283 362 3349 tuam,
379 3280 570 3350 confugimus
583 3280 623 3337 ad
636 3280 802 3352 benignam
855 3284 943 3339 missu
956 3286 1026 3338 sant
1036 3280 1064 3336 ei
1073 3285 1199 3350 peccata
1212 3279 1320 3336 multa,
1335 3276 1476 3347 quioniam
1487 3274 1594 3330 ditexit
1607 3275 1685 3329 mul-

83 3381 173 3424 onem
187 3372 279 3425 tuam.
293 3371 335 3425 Tu
363 3369 444 3425 enim
468 3369 568 3426 dixisti
587 3388 593 3427 :
622 3371 756 3439 Dimitte,
772 3376 801 3427 et
856 3378 919 3428 trem
934 3371 1016 3443 (Lae.
1032 3371 1091 3436 ur).
1123 3366 1235 3423 tdeirco
1259 3364 1342 3438 prius
1356 3364 1397 3422 da
1422 3377 1544 3436 panem,
1559 3361 1600 3419 da
1612 3360 1659 3417 rel
1673 3391 1685 3401 -

81 3458 228 3514 turbabis
240 3459 346 3526 (Marc.
359 3464 409 3526 n).
424 3459 502 3528 tdeo,
515 3459 649 3528 bomine,
663 3463 800 3517 tenemus
856 3457 984 3514 ctionem
998 3475 1005 3526 ;
1018 3455 1142 3513 infunde
1157 3453 1346 3511 dilectionem
1360 3456 1390 3510 et
1402 3451 1525 3522 indulge
1537 3448 1684 3507 remissio

81 3543 180 3602 titione
192 3549 324 3619 tuaque
335 3548 458 3604 tenebis
473 3548 659 3620 congratuito
667 3548 800 3621 obligare
855 3563 935 3604 nem.
952 3550 995 3603 tta
1015 3561 1127 3620 panem
1148 3543 1357 3618 quotidianum
1382 3545 1415 3599 ut
1442 3539 1568 3612 egrotis,
1592 3554 1685 3613 quem

80 3632 191 3708 i;quia
205 3634 299 3692 sitam
313 3640 448 3693 nostram
458 3638 555 3709 magis
569 3654 662 3712 quam
672 3643 800 3696 mortem
855 3635 1069 3710 sempiternam
1083 3633 1260 3708 praebiturus
1273 3648 1304 3688 es
1315 3631 1412 3700 sanis3
1424 3629 1516 3687 modo
1524 3629 1577 3699 da,
1590 3633 1623 3686 ut
1632 3645 1686 3685 sae-

81 3721 107 3780 ti.
123 3723 235 3780 ldcireo
251 3730 356 3798 sponte
368 3727 531 3799 promisisti
559 3728 610 3796 (ad
621 3727 704 3800 quod
719 3727 801 3786 nullo
855 3741 892 3798 pe
902 3728 1061 3798 repetatur,
1074 3727 1178 3798 postea
1193 3723 1362 3780 daturusut
1372 3735 1530 3793 nunquam
1542 3717 1684 3775 intermit-

84 3811 261 3883 exigebaris)
275 3813 470 3872 dimissurum
485 3820 513 3872 te
531 3816 632 3873 debita
646 3820 759 3888 nostra,
775 3817 800 3873 si
854 3819 949 3884 tatur;
962 3814 1054 3872 modo
1065 3814 1105 3871 da
1115 3813 1260 3888 paulatim
1270 3812 1310 3869 ad
1322 3807 1685 3880 sustentadonempostaa

81 3899 88 3957 l
114 3902 291 3975 repetendos
320 3903 469 3961 debitores
488 3909 606 3962 nostros
628 3905 712 3962 avari
739 3922 800 3963 non
854 3905 980 3963 daturus
992 3903 1375 3977 J'ugiteradrepleu'onem3
1391 3896 1583 3958 mododaad
1592 3895 1685 3953 medi·

81 4005 114 4048 rs.
139 3993 307 4064 Propterea,
335 3992 469 4062 Domine,
484 4010 547 4050 non
574 3995 688 4051 viscera
715 3994 801 4051 mise·
855 3994 1071 4066 cinam,postea
1080 3994 1118 4050 ad
1129 3991 1265 4064 gloriam.
1279 3992 1324 4048 Sic
1336 4006 1407 4062 ergo
1417 3989 1501 4063 prius
1509 4002 1622 4063 panem
1631 3999 1684 4065 no

81 4092 105 4131 aa
131 4079 189 4132 ture
218 4076 371 4134 affluentia
396 4077 633 4147 considerantem
662 4094 724 4136 non
749 4095 801 4136 au·
855 4086 951 4138 strum
963 4080 1173 4155 quotidianum
1183 4080 1222 4136 da
1232 4079 1321 4135 nobis
1331 4077 1440 4145 hodie,
1455 4079 1560 4150 etpost
1570 4073 1684 4132 dimitte

91 4167 204 4220 tantam
220 4165 368 4237 negligere
383 4165 533 4239 pietatem.
561 4169 652 4237 Urges
665 4167 747 4223 euim
763 4184 800 4224 cx
854 4169 1171 4236 nobisdebitanostra,
1185 4167 1261 4224 sieut
1273 4171 1301 4222 et
1310 4181 1367 4222 nos
1381 4165 1558 4221 dimittimus
1571 4163 1685 4221 debito-

81 4255 151 4309 ›arte
170 4252 315 4310 malitiam
329 4259 474 4323 nostram,
489 4254 559 4311 hinc
575 4255 703 4324 gratuita
715 4254 801 4312 boui·
855 4260 937 4317 ribus
947 4257 1067 4315 nostris.

81 4356 131 4413 [11⁸
156 4340 381 4411 indulgentibus
410 4343 541 4416 spond&
570 4341 701 4406 veniam.
730 4315 837 4400 hillen
896 4346 975 4407 Car.
992 4344 1078 4406 Xlll.
1095 4342 1141 4403 De
1154 4352 1239 4403 sexta
1247 4341 1395 4422 petittone
1409 4345 1515 4398 contra
1528 4335 1641 4416 putam.

90 4429 307 4503 indignatione,
321 4448 383 4504 qua
409 4448 470 4489 nou
485 4431 711 4502 indrdgentibus
727 4431 802 4488 into·
889 4429 1683 4499 Eteonosintluensistentationem.tlaecestsextape·

81 4534 126 4576 m.
141 4521 310 4592 Propterea,
322 4520 455 4590 bomine,
464 4519 630 4578 eecevineit
641 4535 697 4578 uos
707 4520 801 4594 pietas
855 4527 917 4584 titio
932 4544 999 4602 quae
1009 4531 1115 4584 contra
1124 4525 1229 4582 vitium
1240 4521 1317 4594 gulae
1327 4518 1499 4595 opponitur.
1514 4518 1583 4574 Orat
1592 4514 1682 4584 euim,

80 4621 118 4663 ua
132 4607 265 4679 dignaris
293 4613 355 4666 tam
382 4609 512 4681 benigue
539 4612 590 4666 tuo
610 4609 671 4681 juri
698 4609 802 4667 cedere
854 4620 888 4672 ut
900 4631 962 4672 non
972 4614 1132 4671 inducatur
1143 4612 1177 4669 iu
1189 4610 1392 4681 tentationem,
1406 4622 1505 4682 neque
1524 4604 1684 4663 seducatur

81 4711 169 4753 rnos.
186 4696 263 4762 Quid
278 4696 358 4753 enim
374 4701 418 4754 est
432 4714 522 4754 omno
536 4697 620 4771 quod
629 4698 721 4755 homo
733 4714 802 4755 con·
854 4704 893 4760 ab
907 4701 1047 4760 illecebra
1057 4700 1239 4769 blandiente,
1253 4715 1323 4774 quta
1337 4699 1395 4756 sub
1404 4696 1574 4756 uelamento
1583 4709 1684 4751 noces-

81 4784 174 4842 1iuem
182 4784 279 4843 tacere
288 4790 383 4860 potest
392 4791 448 4843 tuae
457 4787 802 4859 injurioecomuaratumt
854 4793 946 4850 sitatis
958 4790 1134 4849 familiarius
1146 4789 1303 4859 accedens,
1316 4792 1346 4847 et
1355 4788 1454 4847 vicino
1466 4786 1567 4861 prdsat
1575 4783 1684 4843 mentis

81 4874 127 4931 uid
141 4891 287 4946 maguum
300 4881 344 4933 est
359 4877 383 4933 si
398 4877 496 4934 malus
524 4877 639 4934 malum
656 4877 802 4935 offendit?
854 4880 1064 4950 constantiam,
1075 4884 1104 4937 et
1117 4878 1229 4938 blande
1242 4883 1403 4953 provocat;
1417 4876 1536 4935 irritans
1545 4876 1576 4933 in
1586 4890 1684 4932 excas

81 4978 110 5020 ro
123 4964 217 5038 pietas
232 4965 299 5039 ipsa
319 4965 445 5034 traditur,
460 4965 580 5023 bouitas
594 4967 800 5036 exacerbatur,
854 4988 922 5028 sum
935 4968 1156 5044 superfluitatis.
1177 4972 1251 5027 Nam
1266 4968 1419 5027 etidcirco
1440 4965 1605 5042 specialiter
1618 4964 1684 5021 haee

81 5053 145 5124 ajor
158 5059 202 5110 est
215 5054 367 5128 iniquitas.
395 5059 554 5128 Propterea
577 5059 734 5129 peccatum
749 5056 802 5113 bo·
853 5060 944 5134 pestis
959 5058 1081 5117 nuntio
1096 5057 1272 5132 appellatur,
1284 5058 1357 5133 quia
1369 5054 1684 5122 eetaravitialougea

81 5141 216 5200 sdversus
230 5144 396 5212 hominem,
412 5160 473 5202 uon
497 5143 621 5202 omuino
645 5148 802 5218 peceatum
854 5154 963 5208 natura
975 5152 1045 5206 sunt
1057 5148 1211 5216 humana;
1228 5151 1258 5204 et
1271 5147 1311 5203 ob
1325 5146 1383 5204 hoc
1396 5147 1512 5219 quanto
1525 5141 1626 5197 minus
1637 5152 1684 5194 ra·

81 5231 205 5307 iaquod
219 5233 317 5290 malus
333 5251 412 5291 unus
427 5235 534 5306 injuste
548 5235 618 5306 agit,
650 5234 724 5291 alter
738 5250 803 5292 ma·
855 5238 942 5297 tionis
956 5238 1127 5312 preferant,
1136 5241 1218 5295 tanto
1230 5227 1507 5292 minustentationis
1517 5228 1681 5286 adducunt.

81 5325 117 5379 rte
132 5323 252 5395 patitur.
279 5325 405 5387 Quando
427 5329 528 5381 autem
543 5340 704 5397 peccamus
720 5324 749 5381 in
763 5330 801 5394 te,
854 5329 977 5385 tentare
991 5327 1101 5385 etenim
1113 5330 1157 5381 est
1169 5323 1274 5380 callide
1284 5315 1553 5394 experiri,etquasi
1563 5313 1683 5371 blandis

81 5425 104 5480 e,
127 5411 299 5468 cumulatur
320 5412 462 5486 iniquitas
487 5418 598 5482 nostra,
624 5413 697 5487 quia
721 5414 805 5487 quod
855 5414 1040 5490 quibusdam
1065 5411 1222 5471 conatibus
1236 5407 1409 5483 premissis,
1425 5408 1495 5462 aute
1520 5403 1683 5462 uiolentam

81 5499 165 5556 :imus
180 5499 350 5570 exmalitia,
379 5506 410 5558 tu
424 5502 534 5574 pateris
550 5502 613 5558 sine
640 5503 738 5575 culpa.
761 5504 806 5558 ld·
855 5504 1068 5578 impulsionem
1086 5499 1225 5574 probare,
1252 5497 1326 5572 quid
1353 5494 1515 5554 existimari
1537 5494 1632 5571 possit
1644 5494 1683 5552 de

81 5589 178 5649 tabita
201 5594 304 5651 nostra
319 5589 480 5649 adversum
496 5595 524 5648 te
538 5590 662 5648 omnino
677 5590 803 5649 modum
856 5589 910 5649 illo
920 5589 1004 5664 quod
1011 5586 1139 5646 dubium
1147 5588 1199 5642 est.
1208 5584 1261 5642 Ubi
1270 5598 1341 5656 ergo
1352 5580 1678 5643 indissimulatavioten
