3832 6044
170 121 221 175 nr
330 113 481 174 nocens
501 115 545 170 or.
566 114 594 170 s.
615 109 762 170 vrerona
782 97 857 168 ori.
876 59 965 167 nias
986 108 1006 164 ι.
1027 131 1060 151 --
1080 95 1279 167 uincendi.
1301 137 1333 150 -
1353 113 1374 165 1.
1391 111 1424 165 n
1441 111 1469 167 ε.
1488 107 1715 167 εειιιιιιιιιιι.
1831 112 1884 167 aas

173 241 209 299 tis
236 243 280 296 est
302 239 425 296 victoria
451 237 568 294 sceleris
595 232 832 299 innumerabilis,
861 231 1001 289 instantia
1019 234 1043 288 Α
1059 231 1197 302 gentibus
1217 233 1301 301 ordo,
1325 236 1428 300 status,
1444 231 1604 306 splendor,
1628 232 1723 289 cultus
1747 231 1884 289 Ecclesiae

173 327 380 401 suggestionis.
1055 321 1224 395 negligitur,
1254 322 1439 389 immutatur,
1472 321 1666 389 deformatur,
1699 322 1883 379 obfuscatur.

208 423 265 476 Leo
279 415 427 482 diabolus',
444 419 472 472 et
485 413 661 485 dentesejus
677 411 768 469 animi
784 410 868 486 pravi
883 417 999 480 motus;
1057 413 1134 470 Drdo
1151 418 1379 488 praeceptorum,
1403 416 1496 470 status
1513 411 1717 479 conciliorum,
1744 412 1886 485 splendor

172 507 494 573 molares,consensus;
511 500 610 569 catuli,
622 506 720 570 actus;
732 505 870 568 terra,cst
882 500 998 557 anima:
1052 501 1243 571 judiciorum,
1268 504 1364 561 cultus
1379 508 1646 560 sacramentorum.
1672 501 1751 559 Ordo
1768 517 1823 575 per
1837 519 1886 559 ne·

171 596 237 669 ipsa
251 609 373 670 quoquc
392 592 467 649 ficus
491 608 545 667 ρει
559 590 749 648 (ιιιιεειιιιιειιι
771 606 908 663 supernae
930 606 1000 645 cou-
1056 590 1226 662 [eligentium
1253 591 1468 660 verrucariam,
1491 596 1584 648 status
1596 606 1650 663 ρει
1673 590 1884 664 eoncupiscen-

172 681 381 757 templationis
404 681 453 738 Vel
469 685 546 738 terra
560 684 604 737 cst
619 696 673 754 per
686 678 885 736 humilitatem
906 677 1000 751 poeni-
1054 679 1136 748 tiam,
1152 681 1293 754 splendor
1308 698 1361 755 per
1375 680 1542 748 arentiam,
1558 679 1715 753 cultusper
1725 679 1884 737 irreveren-

171 767 369 840 tentioe,viuea
384 785 438 843 ρει
448 767 639 826 subtilitatem
650 766 936 838 intelligcrrtire,fieus
946 782 1001 838 per
1055 767 1136 824 tiam.
1163 768 1245 826 Unde
1271 769 1399 826 Ecclesia
1423 783 1512 842 super
1534 772 1739 842 contemptum
1763 768 1817 825 riri
1838 769 1883 824 sui

172 859 347 918 suavitatem
362 857 518 916 eminentis
534 857 643 929 gratiae.
654 855 704 912 Vel
718 859 847 913 terraest
858 872 912 929 per
924 854 1001 925 rigo·
1054 855 1228 927 dignissime
1243 874 1296 930 per
1309 858 1371 916 loel
1385 857 1523 914 incitatur
1541 858 1581 914 ad
1592 856 1724 913 lamenta
1740 872 1745 911 :
1762 853 1881 926 Plange,

171 966 234 1007 rem
250 948 445 1016 abstinentiae,
461 947 548 1004 vinca
562 963 615 1020 per
630 946 776 1003 fervorem
787 944 999 1016 justificaberis
1054 942 1351 1019 inquit,quasirirgo
1366 944 1499 1002 accincta
1514 960 1601 1002 sacco
1616 960 1706 1018 super
1720 942 1816 999 virum
1830 958 1882 1015 pu·

171 1055 225 1112 ρει
239 1037 427 1097 dulcedinem
441 1037 567 1094 celestis
582 1037 744 1110 sapientiae.
766 1036 823 1093 Sed
838 1036 915 1092 hanc
926 1050 999 1104 gens
1054 1032 1176 1090 bertatis
1189 1039 1257 1103 ture,
1273 1034 1345 1108 quia
1366 1034 1451 1108 periit
1474 1033 1662 1102 sacrificium,
1686 1037 1714 1090 ct
1727 1031 1829 1089 libatio
1844 1032 1881 1086 de

171 1126 294 1201 praelata
308 1126 505 1194 decorticavit,
518 1126 651 1192 nudauit,
663 1124 796 1198 projecit.
809 1122 1001 1180 Decorticarit
1055 1121 1147 1178 domo
1161 1122 1288 1180 Domini.
1306 1123 1489 1181 Sacrificium
1504 1123 1611 1180 dicitur
1625 1123 1656 1179 id
1665 1121 1748 1196 quod
1761 1121 1883 1178 ollertur

171 1221 249 1283 actu,
269 1215 393 1273 nudavit
416 1231 515 1283 sensu,
531 1213 654 1287 projecit
668 1213 786 1270 affectu.
812 1215 885 1269 actu
899 1210 999 1285 probi·
1055 1213 1092 1269 dc
1107 1211 1212 1282 solido,
1228 1212 1329 1270 libatio
1344 1213 1426 1286 quod
1438 1215 1475 1270 de
1489 1213 1614 1288 liquide.
1640 1217 1693 1270 Per
1706 1212 1769 1268 lraee
1785 1228 1882 1268 sacra-

171 1304 248 1373 tatis,
265 1319 356 1360 sensu
377 1302 550 1371 honestatis,
567 1302 674 1359 ellectu
695 1301 844 1359 bonitatis.
868 1301 918 1356 Vel
931 1304 999 1357 actu
1055 1307 1156 1359 menta
1170 1302 1305 1360 Ecclesiae
1328 1303 1532 1374 designantur,
1559 1316 1627 1378 qtae
1641 1300 1749 1377 partim
1770 1300 1801 1356 in
1817 1299 1883 1356 soli·

168 1394 298 1466 justitiae,
315 1409 405 1450 sensu
431 1392 628 1460 continentiae,
656 1392 763 1449 aflectu
778 1389 997 1448 misericordiae.
1055 1391 1104 1459 do,
1116 1391 1225 1465 partim
1239 1391 1270 1448 in
1284 1391 1398 1467 liquido
1413 1395 1585 1449 tractantur.
1603 1391 1660 1450 Sed
1670 1394 1829 1463 utrumque
1845 1389 1882 1445 dc

171 1482 255 1541 llami
270 1487 340 1540 sunt
359 1483 467 1539 animm
490 1481 647 1550 (tenderis,
674 1499 727 1556 per
741 1498 809 1556 quae
832 1480 998 1539 extenditur
1054 1479 1146 1537 ‹loruo
1162 1481 1278 1539 Domini
1293 1481 1387 1554 perit:
1403 1497 1465 1538 nou
1479 1497 1532 1555 per
1546 1479 1751 1546 substantiam,
1764 1477 1815 1534 sed
1829 1493 1883 1550 ρει

171 1590 266 1647 usque
281 1573 320 1630 ad
333 1589 425 1647 opera
441 1591 446 1627 :
463 1565 516 1646 qui
536 1572 595 1629 albi
610 1572 679 1630 lacti
694 1576 771 1641 sunt,
787 1571 910 1646 quando
924 1569 998 1628 nati·
1018 1595 1038 1652 B
1054 1570 1260 1640 reverentiam,
1277 1571 1359 1646 quia,
1387 1570 1566 1645 praevalente
1592 1568 1731 1627 vitiorum
1756 1567 1879 1630 malitia,

170 1680 242 1720 rum
258 1662 372 1721 virtutis
384 1663 515 1720 colorem
529 1679 590 1720 non
603 1663 751 1720 amittunt.
765 1661 902 1735 Sequitur
918 1679 924 1715 :
1054 1659 1103 1717 vix
1117 1661 1261 1733 reperitur
1279 1660 1310 1718 in
1326 1660 1455 1718 Ecclesia
1469 1660 1520 1735 qui
1544 1660 1633 1734 digne
1648 1662 1750 1716 tractet
1766 1657 1813 1713 vel
1833 1673 1881 1712 su-

205 1755 315 1826 Plange
329 1754 416 1827 quasi
431 1754 516 1826 virgo
530 1755 663 1812 aeccinta
679 1769 765 1811 sacco
790 1770 878 1826 snper
902 1753 998 1810 virum
1054 1753 1116 1807 mat
1130 1754 1325 1808 sacramenta.
1354 1751 1436 1808 Unde
1451 1755 1480 1807 et
1502 1766 1555 1825 seq
1562 1749 1635 1807 titur
1651 1766 1657 1804 :
1674 1750 1823 1805 luxerunt
1837 1762 1881 1801 sa-

170 1843 334 1917 pubertatis
348 1848 416 1901 tuce
431 1845 527 1901 Periit
539 1844 730 1915 sucrificium,
746 1850 773 1900 et
790 1844 891 1899 libatio
904 1842 941 1898 de
950 1842 999 1898 do·
1053 1838 1187 1896 cerdotes
1213 1839 1340 1896 ministri
1369 1839 1496 1897 Domini.
1525 1837 1697 1897 Sacerdotes
1730 1836 1878 1902 dicuntur,

170 1949 216 1991 mo
231 1935 361 1992 Domini.
377 1935 534 1991 Lucerum
545 1933 711 1991 sacerdotes
727 1934 858 1989 ruinistri
868 1933 997 1989 Domini.
1053 1928 1123 2000 quia
1145 1933 1333 1987 sacramenta
1347 1930 1443 1999 dant3
1463 1927 1598 1996 ministri,
1615 1927 1687 2001 quia
1700 1925 1825 1984 uerbum
1840 1924 1881 1980 ri-

170 2024 360 2094 Depopulatu
379 2027 420 2079 est
436 2023 527 2092 cepio.
550 2022 774 2092 Lucillianus,
795 2023 935 2094 quoru'am
950 2023 998 2078 de·
1053 2023 1089 2073 tre
1105 2017 1283 2076 ministrant.
1301 2020 1472 2078 Sacerdotes
1486 2019 1589 2090 lugent
1609 2015 1798 2073 subditorum
1813 2031 1880 2071 cou-

170 2118 319 2169 vastoium
347 2117 389 2168 est
409 2112 550 2168 triticum.
581 2113 746 2183 Confusam
768 2117 808 2169 est
833 2113 945 2183 virium,
970 2117 998 2168 ει
1053 2111 1199 2179 temptum
1215 2107 1245 2164 iu
1267 2107 1431 2181 praeceptis,
1456 2106 1504 2164 vel
1524 2104 1767 2173 inobedientiam,
1792 2102 1880 2160 etiam

170 2202 306 2273 elnnpuit
317 2202 423 2258 oleum.
437 2201 565 2271 confusi
576 2205 647 2256 ssent
657 2203 809 2271 apricoloe,
821 2207 849 2258 ει
864 2202 997 2258 ulrilaue
1053 2195 1099 2252 sui
1114 2196 1144 2252 ir.
1170 2197 1371 2266 sacramentis
1394 2212 1488 2270 quam
1500 2195 1579 2269 juste
1598 2198 1759 2261 merentur,
1775 2192 1880 2249 irreve-

169 2294 243 2346 runt
257 2290 398 2347 vinitores
415 2305 506 2360 snper
518 2290 671 2359 frumento
682 2295 711 2344 ει
725 2288 845 2361 hordeo,
861 2290 932 2361 quia
947 2305 997 2359 pe·
1052 2283 1188 2341 rendam.
1204 2285 1276 2342 llinc
1296 2285 1439 2343 Dominus
1453 2301 1507 2359 per
1520 2282 1693 2342 Malachiam
1710 2300 1716 2337 ε
1731 2282 1817 2353 Ecce,
1836 2280 1879 2336 in-

122 2428 125 2431 ,
171 2382 222 2436 riit
236 2382 337 2437 messis
352 2382 430 2451 apri.
455 2381 545 2437 Vinea
568 2381 695 2449 confusa
714 2386 765 2453 est,
780 2386 808 2438 ει
825 2382 900 2450 ficus
915 2382 996 2436 elon·
1052 2372 1127 2446 quit,
1142 2390 1194 2445 epo
1210 2375 1251 2431 od
1272 2391 1332 2447 vos,
1355 2375 1567 2447 osucerclotes,
1590 2375 1643 2446 qui
1660 2373 1810 2443 despicitis
1831 2387 1879 2426 no

169 2470 243 2540 picit.
255 2470 511 2541 dialopranatum,
528 2470 679 2541 etpalma,
691 2473 718 2525 et
728 2471 852 2539 ericium,
862 2469 997 2526 etoruniu
1051 2478 1119 2518 meu
1137 2479 1244 2534 cneum,
1260 2470 1286 2522 el
1310 2465 1423 2534 offertis
1437 2480 1527 2535 super
1547 2465 1647 2521 altare
1661 2478 1757 2519 areum
1767 2476 1877 2532 penem

171 2559 254 2629 tipna
268 2560 339 2628 apri
349 2563 506 2628 eruerunt,
517 2559 586 2628 quia
597 2558 754 2628 cirresusum
767 2563 810 2615 est
824 2559 998 2630 paudiuma
1047 2552 1210 2623 pollutum,
1225 2558 1253 2608 et
1267 2553 1365 2610 dicitis
1375 2567 1387 2609 .·
1398 2555 1435 2610 In
1448 2569 1506 2626 quo
1515 2554 1681 2624 polluimus
1695 2550 1744 2608 tet
1757 2549 1877 2621 (illeille.

167 2647 239 2716 filiis
265 2647 427 2702 leominuru.
448 2649 603 2703 llrsronrrn,
631 2648 822 2719 SynagOssam
842 2651 997 2721 nuncupat
1051 2642 1082 2712 ι.)
1099 2644 1130 2697 ln
1145 2657 1180 2697 co
1203 2641 1286 2715 quod
1306 2641 1402 2698 dicitis
1417 2642 1485 2713 (hoc
1506 2647 1550 2698 cst
1572 2641 1630 2697 dici
1654 2639 1759 2709 facitis)
1774 2654 1879 2697 mensa

167 2733 324 2805 uirginem,
339 2737 460 2807 propter
474 2732 563 2790 unius
577 2734 636 2804 Dei,
652 2752 745 2809 quam
761 2735 883 2808 aceepit,
892 2735 994 2793 fidem,
1052 2729 1168 2786 Domini
1182 2729 1296 2803 polluta
1310 2734 1362 2787 est.
1381 2730 1408 2788 Si
1423 2747 1495 2802 ergo
1508 2747 1578 2788 cum
1600 2736 1632 2787 tu
1645 2729 1779 2787 minister
1792 2732 1820 2783 et
1834 2743 1879 2783 sa-

169 2826 273 2880 lientes
287 2838 359 2879 vcro
371 2822 489 2879 luerunt
500 2824 677 2894 meretrices,
689 2824 898 2893 etlorniearire,
908 2841 996 2898 prop·
1051 2817 1156 2875 cardos
1168 2818 1217 2887 sis,
1233 2825 1262 2877 ει
1272 2821 1428 2893 requiescis
1443 2823 1474 2877 in
1484 2823 1556 2894 lepe,
1573 2826 1599 2879 et
1607 2820 1749 2893 ploriaris
1764 2819 1794 2874 in
1805 2818 1876 2889 Deo,

168 2916 212 2969 ter
225 2911 342 2969 varium
357 2911 470 2970 cultum
480 2912 664 2970 idololatria.
681 2917 761 2970 lianc
778 2913 888 2970 seilicet
903 2917 995 2986 Syna-
1050 2913 1078 2965 et
1090 2911 1168 2965 nosti
1187 2910 1371 2967 uoluntatem
1384 2913 1459 2983 ejus,
1483 2916 1511 2967 ει
1522 2910 1660 2982 probasti
1680 2909 1813 2978 rutiliorn,
1836 2908 1877 2962 iu·

169 3016 279 3073 gogam
292 3001 394 3059 invitat
409 3002 447 3058 ad
471 3001 635 3076 planctum,
660 3008 689 3059 et
703 3018 823 3059 saccum
846 3019 935 3076 super
953 3003 995 3059 vi-
1049 3002 1240 3070 structusper
1251 3000 1484 3070 lepem,conlidis
1496 3006 1523 3058 ιε
1537 3001 1709 3057 esseducern
1720 3013 1874 3065 caecorum,

166 3107 233 3148 rum
247 3090 410 3165 pubertatis
423 3108 484 3148 sure
500 3111 506 3148 :
523 3091 594 3165 quia
608 3090 717 3148 seilicet
728 3107 790 3165 prce
805 3091 993 3149 multitudine
1051 3090 1150 3146 lumen
1166 3104 1267 3146 eornm
1282 3091 1377 3161 quiin
1393 3091 1520 3148 tenebris
1529 3096 1609 3163 sunt,
1618 3090 1796 3148 eruditorem
1807 3087 1874 3143 insi-

165 3178 269 3246 cladis,
285 3184 314 3236 et
326 3197 387 3253 prae
396 3179 510 3237 hostilis
528 3180 627 3236 lurore
642 3178 794 3250 vastitatis,
819 3180 943 3237 cessavit
957 3180 993 3237 ιι-
1047 3179 1384 3250 ριεηιιιιιιι,ιηα9ιιιιιιιιι
1396 3181 1571 3254 infantium,
1582 3178 1873 3248 dolenterusormem

164 3273 212 3325 tus
226 3269 482 3336 ceremoniarum,
494 3274 522 3325 ct
536 3267 632 3326 cultus
644 3269 727 3341 legis.
747 3270 828 3340 Legis
842 3269 922 3327 euim
933 3271 992 3327 cul·
1048 3269 1178 3324 scientiae
1191 3275 1219 3325 ει
1232 3270 1367 3326 ueritatis
1382 3271 1413 3325 in
1429 3270 1501 3342 lepe.
1519 3271 1577 3339 Qui
1589 3285 1660 3341 erpo
1674 3271 1768 3326 ulium
1778 3269 1872 3330 doces,

164 3362 212 3414 tus
226 3361 391 3432 synagoge
405 3358 459 3415 luit
472 3359 606 3416 maritus.
628 3359 710 3416 Unde
727 3359 886 3433 Apostolus
903 3378 908 3415 :
926 3362 990 3417 ιιι·
1049 3359 1174 3427 teipsum
1186 3373 1246 3415 uon
1256 3360 1365 3416 doces?
1379 3360 1438 3428 Qui
1445 3359 1774 3429 dicisnonsuroudum‚
1789 3358 1875 3428 sura·

166 3447 221 3501 lier
235 3448 364 3519 ullipata
378 3451 419 3503 est
433 3449 493 3518 lepi
506 3449 566 3503 uiri
575 3449 710 3520 quandiu
725 3449 797 3504 vivit
812 3449 858 3505 eir
871 3451 944 3519 ejus.
960 3450 994 3505 Si
1048 3447 1100 3502 ris.
1114 3447 1171 3515 Qui
1178 3448 1328 3518 praedices
1339 3464 1399 3505 non
1409 3449 1625 3520 meclondum,
1641 3448 1807 3505 macharis.
1818 3447 1875 3513 Qus

164 3549 232 3593 vero
247 3543 381 3592 mortuus
400 3538 506 3608 suerit,
528 3538 627 3594 solutu
642 3544 717 3595 estc
734 3540 796 3609 lenc
809 3540 869 3594 viri
884 3541 913 3610 (I
920 3540 989 3596 Cor.
1048 3536 1231 3594 abominaris
1247 3539 1340 3611 idola,
1356 3540 1546 3608 sacrilepium
1557 3538 1646 3608 locis.
1662 3537 1720 3604 Qui
1731 3525 1874 3606 ploriuris

163 3625 220 3696 ιιι).
239 3626 398 3698 synagoga
411 3640 532 3698 quoque
546 3642 642 3698 usque
657 3625 696 3682 ad
711 3625 991 3698 Christrunlegisex
1048 3626 1079 3681 in
1096 3627 1167 3698 lepe,
1181 3643 1236 3698 per
1245 3629 1525 3699 praeuaricationem
1546 3628 1617 3698 lepis
1631 3629 1725 3684 Deum
1749 3626 1874 3681 innono-
1912 3620 1913 3624 ’

162 3712 263 3770 debito
278 3713 371 3771 tenuit
385 3712 508 3771 cultum.
531 3714 612 3771 Unde
632 3714 695 3788 ipse
711 3713 842 3770 Christus
858 3733 864 3771 :
885 3717 949 3774 Lea
963 3724 990 3772 ει
1048 3731 1108 3772 rus.
1123 3718 1234 3774 ltloncen
1249 3719 1305 3775 Dei
1314 3732 1371 3787 per
1385 3733 1434 3774 eos
1445 3716 1759 3788 llasplernoturinter
1772 3719 1874 3785 pentes

158 3803 314 3874 prophete
329 3819 420 3875 usque
433 3803 474 3861 ed
486 3805 633 3861 document
648 3803 766 3875 (diutili.
783 3807 814 3871 1).
837 3808 926 3862 Porro
939 3805 990 3863 ad·
1048 3806 1141 3876 (Rern.
1158 3805 1197 3878 ιι).
1215 3804 1286 3862 lliuc
1304 3805 1444 3862 ieremias
1461 3824 1468 3862 τ
1490 3808 1515 3862 Α
1538 3806 1750 3874 sacerdotibus,
1766 3804 1871 3878 inquit,

161 3891 297 3948 veniente
310 3891 424 3949 Christo
447 3892 529 3948 audit
544 3909 550 3947 :
566 3892 600 3949 Si
613 3892 870 3966 circumcidimini,
890 3896 989 3953 Ciris·
1047 3910 1163 3966 epressc
1178 3900 1221 3952 est
1235 3895 1378 3966 iniquitas
1388 3895 1459 3967 (ier.
1475 3897 1564 3968 xxrn).
1577 3894 1803 3969 EtSophonias:
1819 3895 1873 3951 Se·

163 3988 209 4035 tus
220 3981 300 4037 eolis
314 3981 393 4038 nilul
399 3983 536 4051 proderit
548 3982 660 4054 (Geloi.
676 3983 713 4054 r).
1047 3984 1187 4049 cerciores,
1196 3981 1302 4056 inquit,
1310 3984 1633 4053 polluernntscnctum
1644 3993 1727 4043 tunm
1738 4001 1749 4053 ,·
1762 3986 1872 4055 injuste

197 4074 380 4128 Acarnaniae.
400 4069 548 4142 Virginem
572 4077 660 4129 vocat
676 4073 846 4143 Ecclesiam,
867 4080 989 4150 propter
1046 4077 1169 4144 eperunt
1183 4078 1289 4129 contra
1308 4073 1400 4144 lepem
1419 4075 1560 4147 (Septen.
1574 4076 1623 4148 ur).
1648 4078 1681 4131 Et
1694 4073 1869 4131 Malachias:

160 4157 250 4215 unius
265 4157 315 4216 Dei
338 4158 429 4216 fidem
450 4163 480 4216 et
501 4166 755 4220 sacramentorum
780 4163 985 4236 integritatem.
1051 4163 1105 4217 Vos
1117 4166 1227 4235 aretem,
1247 4161 1353 4237 inquit,
1370 4166 1528 4222 recessistis
1546 4165 1582 4222 de
1602 4166 1662 4234 vie,
1678 4169 1704 4221 ει
1723 4163 1871 4221 scandali-

160 4247 248 4320 Virgo
262 4250 305 4304 esi
319 4248 456 4318 Ecclesia,
472 4249 556 4322 viano
571 4255 614 4308 cst
626 4252 750 4309 maritus
765 4254 830 4324 ejus
845 4253 986 4312 Christus.
1044 4253 1133 4309 costis
1143 4235 1293 4322 plurimos
1307 4256 1338 4310 in
1354 4256 1417 4327 lepe
1427 4270 1440 4326 ,·
1453 4261 1481 4312 et
1495 4255 1615 4311 irritam
1624 4255 1735 4326 fecistis
1747 4258 1871 4324 pactrun

161 4335 217 4403 tlui
230 4337 335 4394 merito
348 4338 390 4393 ιιι
403 4338 567 4411 pubertatis
589 4340 653 4411 ejus
674 4341 790 4410 dicittu,
809 4342 880 4414 quia
894 4343 934 4400 ita
950 4343 987 4399 de
1044 4356 1153 4414 nterim,
1168 4341 1241 4398 elicit
1255 4343 1400 4400 Dominus
1414 4343 1557 4415 (Maloeis.
1574 4344 1614 4415 nt.
1630 4346 1703 4400 Ecce
1715 4359 1810 4416 praua
1823 4358 1870 4398 co-

160 4443 196 4482 eo
210 4426 241 4483 in
254 4427 380 4484 teremia
403 4427 509 4498 legitur
525 4448 531 4484 z
548 4430 664 4486 Nouum
677 4432 754 4500 socii
778 4433 921 4489 Dominus
941 4449 987 4488 su-
1043 4445 1111 4488 rum
1127 4430 1241 4488 merita.
1259 4432 1396 4506 Sequitur
1408 4431 1445 4488 de
1455 4432 1537 4489 luctu
1551 4448 1655 4489 eorum
1670 4437 1698 4488 et
1712 4433 1871 4491 irreveren-

156 4530 213 4584 ρει·
228 4520 350 4574 terram.
367 4517 487 4574 Femina
503 4518 699 4576 circmudedit
714 4520 811 4576 virum
822 4519 985 4593 (deriuari).
1044 4518 1093 4586 tia,
1110 4519 1272 4594 dequibus
1292 4520 1435 4578 Dominus
1455 4536 1508 4594 per
1522 4521 1695 4579 llalachiam
1712 4540 1718 4576 τ
1739 4521 1869 4594 Mittam,

160 4607 189 4658 ει
204 4602 297 4659 illud:
320 4606 421 4660 Virmn
446 4606 594 4676 dolorum,
611 4613 638 4664 et
652 4609 790 4665 scientem
802 4609 886 4679 serre
905 4610 987 4680 infir·
1043 4608 1148 4681 iuquit,
1164 4610 1196 4665 iu
1210 4608 1260 4668 eos
1274 4615 1441 4681 eyestettensi,
1464 4613 1677 4669 etucaledicam
1698 4610 1870 4669 benedictio

159 4693 291 4748 raritatem
307 4693 377 4763 (Isn.
405 4693 469 4763 ιιιι).
494 4698 563 4750 ltenr
587 4695 618 4751 iu
643 4696 718 4754 lsaia
740 4713 770 4754 ιιι
788 4713 918 4770 persona
937 4703 988 4755 Pa·
1043 4698 1130 4754 nebus
1143 4701 1259 4766 vestris,
1272 4706 1300 4756 et
1313 4700 1490 4757 maledicam
1504 4702 1575 4768 illis,
1590 4702 1730 4774 paroeciam
1745 4718 1804 4759 reon
1816 4718 1869 4772 po-

160 4779 212 4836 tris
230 4799 236 4835 :
253 4781 328 4852 Epo,
344 4780 448 4854 inquit,
467 4798 531 4839 snm
545 4785 689 4842 Dominus
702 4802 810 4844 vocares
825 4789 987 4846 oboriente
1043 4789 1132 4844 suisti
1151 4801 1242 4859 super
1263 4805 1314 4845 cor
1328 4789 1432 4861 (ibid).
1451 4794 1524 4847 ltem
1543 4806 1597 4863 per
1617 4791 1776 4848 eumdem:
1793 4792 1870 4848 Ecce

159 4883 253 4942 cuein,
264 4875 291 4927 ει
302 4870 338 4926 de
351 4875 432 4928 tenu
447 4871 611 4946 lonqinquo
626 4875 724 4931 circem
739 4878 902 4934 voluntatis
915 4893 985 4934 mear
1043 4893 1104 4949 cpe,
1121 4877 1226 4951 inquit,
1250 4880 1410 4949 projiciam
1426 4880 1505 4937 vobis
1521 4881 1686 4947 bruelium,
1707 4888 1734 4939 et
1758 4882 1869 4953 disper·

158 4958 240 5030 (lsai.
258 4959 516 5034 xii·r).Vi1·utique
531 4962 704 5036 pubertatis.
727 4966 809 5022 Unde
822 4981 934 5039 sponsa
955 4966 986 5024 in
1042 4983 1111 5039 pam
1125 4982 1215 5036 super
1229 4970 1345 5026 utilium
1363 4976 1493 5027 vestrum
1516 4976 1628 5028 stercus
1649 4973 1869 5029 solemnitatum

159 5048 285 5107 Canticis
303 5068 309 5105 :
325 5051 398 5122 Epo,
415 5049 520 5124 inquit,
543 5053 652 5111 dilecto
669 5069 741 5125 ineo,
763 5059 791 5110 ει
805 5054 905 5111 adme
919 5072 985 5112 con-
1042 5057 1511 5131 vestrorum(ibid.).ltemidem:
1523 5062 1749 5134 Propterquod,
1760 5058 1866 5134 inquit,

158 5142 253 5199 versio
268 5142 332 5212 ejas
345 5142 444 5214 (Ceut.
462 5142 519 5214 ιιι).
535 5145 575 5197 rte
590 5141 615 5196 si
629 5141 757 5198 diceret:
776 5142 855 5199 Sicut
869 5159 924 5214 ego
940 5161 985 5200 so·
1042 5161 1094 5217 epo
1108 5146 1178 5202 dedi
1201 5162 1249 5203 uos
1273 5149 1514 5221 contemptibiles,
1534 5155 1561 5207 ει
1583 5150 1708 5208 lermiles
1734 5150 1868 5206 orionibus

157 5227 186 5285 la
200 5230 250 5299 illi,
266 5230 307 5287 ita
320 5230 384 5303 ipse
399 5230 479 5288 solus
493 5229 566 5288 mihi
583 5248 589 5297 ;
603 5234 633 5286 ει
644 5231 720 5288 sicut
734 5248 790 5304 ego
806 5232 846 5288 illi
866 5232 928 5302 soli,
945 5233 985 5291 ita
1037 5235 1169 5304 armcitiis,
1186 5237 1263 5292 sicut
1277 5254 1337 5293 reon
1354 5239 1494 5295 servastis
1515 5239 1578 5295 tries
1593 5254 1683 5309 meas,
1697 5244 1727 5296 et
1741 5237 1869 5308 accepis·

155 5315 203 5372 ille
216 5317 289 5374 mihi
309 5319 371 5375 uni.
397 5322 463 5376 llice
487 5319 571 5388 virgo
585 5319 624 5375 ad
650 5319 803 5392 planetum
817 5325 845 5378 et
864 5338 984 5380 saccum
1042 5325 1078 5379 tis
1091 5325 1200 5393 sociem
1215 5328 1246 5382 in
1262 5326 1437 5400 lepclibicli.
1457 5327 1594 5401 Sequitur
1614 5347 1620 5384 :

156 5410 336 5478 provocatur
363 5424 453 5481 super
484 5407 582 5466 virum
612 5409 776 5484 pubertatis
809 5428 881 5480 sure,
914 5413 986 5486 quia
1077 5415 1262 5488 Depopulata
1274 5421 1318 5472 εει
1331 5415 1423 5487 regio,
1440 5415 1513 5473 luxit
1527 5417 1647 5486 liumus,
1659 5415 1802 5493 quomam
1817 5414 1867 5474 de-

155 5496 277 5567 propter
299 5510 335 5551 ea
359 5513 427 5572 qaae
451 5497 573 5557 interius
597 5499 786 5564 continentur
812 5501 982 5571 infortunia,
1039 5507 1190 5562 vastatum
1199 5509 1244 5562 est
1254 5504 1392 5563 triticum.
1405 5506 1568 5567 confusum
1577 5511 1620 5566 est
1632 5507 1777 5576 vinumpt
1787 5505 1867 5564 elan-

154 5579 226 5662 Deip
240 5581 329 5658 digne
350 5591 489 5647 monetur
509 5587 647 5650 Ecclesia.
676 5590 806 5654 Peccatis
827 5590 908 5652 enim
925 5592 986 5673 orb
1033 5593 1104 5665 guil
1118 5593 1227 5666 oleum.
1244 5593 1364 5659 coensi
1379 5600 1448 5657 sunt
1459 5596 1607 5673 agricole,
1622 5596 1811 5657 didicerunt
1825 5596 1866 5658 vi·
