3832 6044
55 119 126 177 0000
203 83 208 88 ’

377 115 557 173 EXPOSlTIO
576 116 611 170 ΙΝ
632 113 817 169 111111111111111.
838 110 997 170 COELEST.
1019 112 1047 167 S.
1068 112 1231 168 Dth'l'Sll.
1260 144 1295 154 —
1315 115 1379 172 Llss.
1401 119 1441 174 lx.

1696 134 1763 189 1090

52 242 270 316 principatibus
285 241 316 297 in
328 241 435 298 eadem
450 240 566 310 virtute,
582 240 653 313 quia
673 262 687 288 «ι
704 235 884 293 convertitur
899 239 922 290 Α
937 233 1137 292 0100051.»Λο
1148 237 1171 292 51
1182 237 1300 294 diceret:
1312 242 1542 311 Congruenobis
1555 249 1762 311 000100001000-

52 333 92 388 ad
107 329 353 404 superessentiale
363 329 544 403 principium
565 345 663 395 suum,
689 330 718 383 01
741 324 884 381 0010000-

52 425 100 478 100
111 420 151 477 ad
165 421 275 494 ipsum,
289 442 303 469 »
316 423 464 492 quantum
474 417 613 491 possibile
628 422 673 473 est
687 415 743 472 sibi
758 419 802 471 :et
812 412 883 488 quia

52 510 144 567 etiam
160 510 295 578 unitieat,
305 509 363 565 hoc
377 512 431 578 est,
448 508 487 564 ad
498 507 641 564 unitatem
655 506 792 578 ejusdem
804 502 883 577 prin-

52 598 122 672 cipii
136 598 247 668 colligit
260 597 383 668 angelos
411 601 479 670 post
505 613 535 653 se
561 596 700 653 ducendo
716 595 883 651 secrmdum

53 690 180 745 ducatus
192 686 367 755 invisibiles,
375 690 404 743 et
413 686 575 754 ordinatos
588 686 699 760 quibus
709 686 775 742 11105
785 683 883 756 subje-

54 784 116 835 ctos
131 781 159 834 et
173 779 330 850 sequentes
338 776 447 832 ducere
457 775 557 832 habet.
570 777 666 832 lnhoe
678 792 748 845 ergo
760 775 883 832 archan-

54 867 191 938 gelorum
209 866 283 922 ordo
306 865 406 938 virtuti
429 865 653 939 principatuum
670 865 880 932 communicat,

53 958 137 1031 quod
151 957 191 1014 ad
206 953 440 1025 similitudinem,
466 955 526 1012 sive
542 955 738 1012 imitationem
763 954 882 1011 illorum

53 1047 93 1103 ad
108 1045 240 1119 primum
264 1043 446 1118 principium
474 1060 564 1100 suum
592 1048 665 1101 etse
685 1043 839 1114 convertit,
855 1047 884 1099 et

54 1137 212 1207 sequentes
227 1149 257 1189 se
272 1132 391 1203 colligit.
417 1135 450 1188 Et
468 1149 529 1189 non
547 1133 644 1189 solum
667 1130 882 1205 principatibus

55 1239 148 1295 supra
170 1221 284 1296 positis,
310 1221 467 1279 sedetiam
492 1221 605 1292 angelis
625 1221 703 1278 inira
718 1219 883 1277 constitutis

54 1309 259 1368 commrmicat
284 1309 348 1384 ipse
363 1310 438 1367 ordo
463 1309 722 1382 archangelorum.
745 1312 805 1366 Hoc
828 1312 881 1376 est,

54 1398 139 1472 quod
152 1398 253 1455 subdit
267 1416 274 1454 :
290 1421 303 1450 ι(
318 1399 382 1455 15115
397 1415 478 1467 vero,
494 1399 577 1472 quod
592 1403 620 1455 et
640 1398 682 1455 eis
708 1397 883 1472 prophetico

54 1494 100 1546 est
112 1489 209 1546 ordini
227 1489 343 1547 (1101005
368 1490 600 1547 illuminationes
622 1490 802 1547 hierarchice
830 1505 884 1563 per

937 323 1049 392 gelicus
1061 341 1114 397 000
1128 326 1251 396 angelos
1265 327 1383 385 divinas
1393 327 1624 393 illuminationes
1648 357 1763 399 annun·

938 412 999 481 tiat,
1010 412 1082 486 quia
1096 413 1153 487 ipsi
1167 415 1264 485 augeb
1279 415 1310 472 in
1325 418 1436 476 00010511
1451 421 1644 495 dispositione
1667 429 1763 488 ultimi

937 506 1016 571 sunt,
1030 508 1058 559 et
1075 502 1249 589 hominihus
1264 507 1402 578 proximi,
1417 515 1446 566 01
1458 511 1489 567 10
1500 512 1541 569 015
1566 518 1762 592 0000100100,

937 591 998 648 sive
1013 591 1209 650 terminantur
1223 598 1251 651 et
1265 604 1513 657 consummantur
1538 620 1643 662 omnes
1665 609 1764 683 dispo-

938 678 1057 736 sitiones
1071 680 1130 737 sive
1143 682 1262 739 ordines
1277 686 1442 744 coelestium
1456 690 1637 764 animorum,
1652 697 1709 754 hoe
1720 705 1765 757 est

937 769 1122 839 angelorum.
1137 775 1178 827 lta
1188 788 1260 843 ergo
1274 775 1371 844 augeb
1386 793 1491 834 omnes
1501 783 1634 841 caelestes
1644 788 1763 846 ordines

937 859 1158 927 consummant,
1182 863 1349 919 secundum
1374 868 1456 939 quod
1489 878 1762 936 consummandum

937 951 989 1014 est,
1007 951 1038 1004 01
1051 947 1248 1006 subaudiatur
1262 951 1299 1007 de
1312 952 1353 1007 eis
1367 973 1373 1021 3
1390 955 1447 1022 vel,
1462 962 1494 1013 ut
1504 965 1672 1033 expressius
1684 968 1764 1027 dira-

937 1040 993 1104 tur,
1008 1038 1174 1093 secundum
1187 1036 1271 1111 quod
1287 1046 1518 1102 consummandi
1533 1055 1602 1107 sunt
1615 1053 1671 1126 ipsi
1689 1059 1764 1116 scili-

937 1131 982 1182 cet
991 1126 1110 1182 ordines
1123 1128 1309 1198 angelorum.
1318 1132 1475 1194 Quomodo
1486 1141 1586 1196 autem
1597 1144 1762 1219 perficiant,

937 1221 988 1272 aut
1001 1223 1212 1275 consumment
1222 1220 1279 1292 ipsi
1294 1222 1392 1293 augeli
1406 1224 1539 1284 coelestes
1554 1231 1682 1303 ordines,
1695 1238 1764 1296 sub·

935 1303 1042 1376 Jungit,
1058 1304 1181 1362 dicens:
1208 1330 1221 1356 «
1248 1309 1364 1383 Quippe
1379 1311 1408 1367 iu
1437 1314 1607 1375 eoelestibus
1630 1326 1764 1384 essentiis

936 1394 1081 1451 habentes
1095 1397 1262 1467 angelicam
1276 1403 1497 1475 proprietatem,
1523 1413 1551 1466 et
1570 1413 1667 1484 magis
1682 1421 1764 1491 apud

936 1499 992 1540 nos
1006 1483 1103 1555 angeli
1118 1502 1211 1559 quam
1221 1488 1440 1563 prioresaptius
1451 1497 1606 1569 nominati,
1615 1510 1763 1575 quantum

15 1653 19 1657 .
54 1578 168 1653 primas
182 1578 305 1636 virtutes
320 1579 484 1653 suscipiens
501 1598 507 1636 :
531 1583 559 1636 et
573 1595 624 1637 eas
637 1579 750 1650 angelis
776 1579 883 1637 0101100-
904 1573 1016 1641 11θί1·θᾶ
1027 1572 1057 1628 id
1069 1574 1152 1647 quod
1167 1576 1352 1634 manifestius
1366 1584 1410 1636 051
1436 1582 1508 1655 10515
1530 1590 1574 1643 051
1587 1589 1763 1668 hierarchia,

54 1667 142 1725 miter
155 1668 360 1724 annuntians:
378 1672 406 1725 01
420 1684 474 1740 000
487 1669 611 1738 angelos
625 1669 713 1725 nohis
745 1669 883 1726 0001105-

55 1761 123 1812 tans
150 1755 317 1812 secundum
345 1772 462 1813 sacram
489 1755 724 1829 uniuscujusque
744 1756 883 1813 divinitus

54 1843 292 1900 illuminatorum
314 1844 495 1915 analogiam.
515 1867 528 1893 »
554 1843 621 1912 lllis,
651 1844 755 1918 inquit,
785 1845 815 1901 id
841 1850 884 1902 051

53 1931 272 2007 principatibus
283 1933 496 2000 communicat,
522 1933 597 1989 51001
620 1950 712 2007 50000
740 1934 882 2001 diximus,

54 2021 131 2077 ordo
144 2020 403 2092 archangelorum.
427 2020 491 2077 lstis
506 2038 586 2090 vero,
600 2020 695 2088 idest,
725 2021 838 2093 angelis
854 2022 884 2078 in

54 2111 113 2166 hoe
128 2109 340 2177 communicat,
352 2109 434 2182 quod
449 2109 883 2183 01501000010011000510001101,

55 2199 88 2255 id
103 2198 243 2266 051,00010
263 2197 465 2271 propheticus,
489 2199 570 2255 01001
585 2199 828 2271 prophetandum
841 2217 886 2257 or-

55 2286 187 2359 dinatus,
200 2286 384 2359 prophetans
397 2285 439 2342 eis
459 2290 560 2359 utpote
582 2285 770 2343 inferioribus
784 2288 886 2345 divina

56 2382 179 2443 secreta,
198 2376 314 2432 divinas
332 2374 455 2448 quidem
474 2375 706 2432 illuminationes
722 2377 886 2451 suscipiens

56 2483 112 2540 per
123 2465 235 2539 primas
250 2464 383 2532 virtutes,
404 2464 461 2520 hoc
487 2471 540 2532 est,
556 2482 611 2538 per
624 2465 818 2539 principatus,
834 2469 887 2542 qui

56 2554 181 2628 priores,
198 2558 226 2610 et
240 2552 408 2627 superiores
424 2557 494 2609 5001
510 2572 516 2608 :
538 2553 601 2627 ipse
616 2555 791 2627 suscipiens,
807 2557 885 2626 dico,

58 2666 73 2692 ι(
91 2640 282 2710 hierarchice,
299 2663 313 2691 »
333 2641 390 2698 hec
412 2646 466 2711 est,
497 2642 664 2699 secundum
692 2645 775 2717 qued
801 2646 886 2712 ordo,

58 2735 89 2788 01
113 2730 265 2804 dispositio
292 2730 477 2787 hierarchica
500 2731 643 2805 exposcit,
669 2736 701 2787 01
723 2732 887 2789 scilicctin-

59 2820 181 2877 ieriores
209 2836 227 2877 a
256 2819 458 2892 superioribus
479 2837 549 2877 suas
572 2819 804 2879 illuminationes
825 2839 887 2876 sus·

938 1665 965 1718 01
980 1661 1077 1732 magis
1092 1663 1338 1723 circumornatus.
1356 1690 1369 1716 »
1384 1672 1458 1738 Non,
1475 1671 1580 1747 inquit,
1596 1680 1707 1740 mirum
1721 1692 1765 1745 est

939 1750 963 1805 si
978 1751 1008 1806 in
1023 1750 1065 1807 eis
1080 1752 1215 1808 celestes
1228 1754 1349 1811 ordines
1364 1758 1569 1834 terminantur,
1592 1769 1664 1841 quia
1690 1772 1766 1832 inter

939 1855 1044 1896 omnes
1059 1840 1191 1897 00105105
1206 1844 1348 1901 essentias
1361 1863 1465 1905 eorum
1480 1855 1637 1927 proprium
1652 1865 1696 1918 est
1714 1878 1766 1922 no-

938 1927 985 1983 his
999 1928 1099 1985 divina
1116 1934 1227 1986 5000010
1242 1932 1379 1991 00011000
1392 1953 1399 2003 ;
1415 1939 1486 1994 0110
1512 1941 1569 1997 hoc
1587 1944 1700 2006 habent
1714 1968 1766 2008 an-

940 2016 1065 2088 gelicam
1079 2018 1301 2090 proprietatem,
1318 2023 1401 2095 quod
1424 2041 1528 2084 eorum
1552 2035 1708 2105 proprium
1723 2047 1767 2099 est

940 2105 1060 2162 nuntios
1074 2122 1138 2162 esse
1148 2106 1255 2177 nobis,
1271 2109 1422 2168 etidcirco
1434 2116 1516 2187 apud
1536 2135 1592 2175 nos
1606 2123 1766 2196 aptius-an·

941 2193 998 2264 geli
1012 2194 1158 2251 nominati
1171 2198 1240 2251 sunt
1263 2198 1360 2268 magis
1385 2201 1498 2272 priores
1511 2205 1573 2263 sive
1588 2213 1765 2287 superiores,

941 2282 971 2338 in
983 2287 1132 2356 quantum
1144 2283 1359 2358 videlicctipsis
1368 2292 1413 2345 est
1426 2290 1602 2365 hierarchia,
1616 2299 1648 2355 id
1662 2307 1706 2359 051
1716 2321 1768 2378 po-

942 2377 1040 2439 testas,
1055 2371 1100 2427 vel
1126 2371 1259 2429 officium
1273 2374 1351 2431 circa
1365 2376 1395 2432 id
1416 2381 1499 2452 quod
1524 2386 1710 2448 manifestius
1725 2400 1769 2452 est

942 2461 1039 2533 nobiS,
1056 2465 1085 2516 et
1101 2461 1293 2535 inquantum
1306 2464 1395 2522 ctiam
1410 2467 1544 2540 ipsorum
1558 2481 1691 2550 ornatus,
1707 2483 1768 2541 sive

941 2551 1106 2624 dispositio,
1120 2552 1167 2608 vel
1182 2552 1256 2608 ordo
1280 2554 1377 2623 magis
1399 2556 1520 2628 circum,
1537 2561 1568 2618 id
1582 2570 1626 2622 est
1644 2568 1769 2630 circum-

943 2640 1110 2713 scriptibilis
1125 2646 1214 2710 estet
1228 2641 1418 2712 intelligibilis
1433 2647 1520 2705 nobis
1535 2662 1656 2727 propter
1683 2661 1769 2718 mini·

943 2729 1065 2786 sterium
1079 2729 1245 2786 visibilibus
1259 2732 1516 2808 appropinquans.
1533 2741 1602 2799 ldeo
1617 2744 1658 2800 eis
1672 2751 1769 2821 magis

944 2822 988 2873 est
999 2817 1246 2885 circumornatus,
1261 2820 1318 2875 hoe
1335 2826 1380 2877 est
1393 2827 1602 2893 cognoscibilis
1629 2835 1676 2891 vel
1690 2855 1770 2896 com-

59 2908 180 2983 cipiant.
211 2932 224 2959 (
251 2907 429 2982 suscipiens,
459 2931 473 2958 »
501 2909 579 2977 dico,
608 2931 622 2960 «
649 2914 677 2966 et
705 2910 886 2967 annuntians
909 2905 1245 2995 eprehensibilisordo,
1258 2908 1332 2980 quia
1345 2909 1608 2985 nobisproximus.

60 3016 123 3066 eas,
153 3021 168 3048 0
192 2997 301 3055 50111001
327 2997 568 3067 illuminationes,
598 3015 675 3072 quas
704 3016 722 3056 0
755 3001 886 3072 superio-

61 3088 148 3144 ribus
171 3085 302 3158 suscipit,
328 3086 439 3158 angelis
466 3086 677 3144 inferioribus:
706 3088 888 3145 annuntians
980 3083 1138 3155 Sequitur:
1156 3105 1169 3132 «
1187 3083 1469 3143 Excellentissimam
1480 3073 1482 3079 ¹
1495 3092 1617 3162 quidem
1633 3099 1723 3169 enim,
1739 3110 1772 3162 ut

62 3181 164 3234 autem
189 3173 380 3247 deiformiter,
406 3180 439 3233 ut
464 3175 495 3233 in
523 3177 591 3245 hoc,
608 3177 691 3250 quod
718 3178 889 3251 asaperio·
943 3173 1124 3238 dictumest,
1144 3171 1369 3244 dispositionem
1398 3179 1544 3249 tanquam
1570 3182 1627 3255 ipsi
1655 3192 1772 3250 0000110

60 3265 146 3322 ribus
172 3263 304 3338 suscipit,
330 3264 547 3322 hierarchicam
575 3265 801 3340 dispositionem
825 3284 889 3323 cus·
944 3260 1081 3335 primitus
1113 3259 1251 3318 ordinare
1279 3263 1500 3334 proximantem
1528 3269 1605 3328 elam
1637 3275 1771 3340 formans

61 3351 174 3419 todiat;
201 3351 233 3408 in
247 3352 304 3409 boc
317 3368 399 3423 vero,
424 3355 508 3426 quod
532 3354 720 3412 interioribus
748 3356 849 3413 tribuit
873 3375 892 3414 a
945 3349 1062 3422 [forma]
1077 3347 1309 3406 existimandum
1320 3351 1458 3409 ordinare
1472 3360 1647 3420 secundam.
1664 3368 1772 3427 Secun-

62 3440 115 3497 Dei
154 3439 359 3509 conformitate
396 3458 458 3499 non
496 3442 623 3511 recedat,
664 3444 717 3516 qui
755 3462 892 3501 summus
945 3439 1017 3495 dam
1031 3454 1111 3509 vero,
1136 3454 1204 3510 quae
1226 3439 1393 3511 completur
1407 3458 1426 3498 a
1440 3445 1550 3501 sanetis
1564 3448 1773 3515 dominationi·

62 3528 200 3585 omnimn
236 3528 381 3585 universis
415 3529 556 3602 subjectis
580 3547 634 3586 sua
668 3531 749 3588 dona
775 3532 892 3605 partiei-
945 3527 1013 3595 bus,
1030 3531 1058 3582 et
1070 3525 1237 3594 virtutibus,
1254 3531 1283 3582 01
1294 3529 1499 3600 potestatibus,
1514 3533 1540 3590 ei
1553 3552 1622 3610 quae
1636 3547 1680 3599 est
1691 3546 1772 3617 prin-

62 3618 166 3691 panda
192 3617 325 3690 largitur.
351 3618 601 3676 illuminationem
623 3619 735 3694 quippe
762 3638 780 3678 a
808 3639 893 3696 supe·
947 3615 1065 3688 cipibus
1086 3618 1115 3671 et
1142 3615 1340 3687 archangelis,
1370 3622 1398 3673 01
1439 3622 1563 3694 angelis,
1600 3627 1774 3694 0100000101ιο

63 3707 135 3764 01001
163 3707 312 3780 suscipere
336 3708 554 3766 hierarchicum
574 3713 627 3779 est,
642 3709 773 3767 inferiori
792 3716 893 3770 autem
946 3722 1084 3781 praeesse.
1095 3705 1225 3762 Primam
1239 3705 1365 3778 quidam
1377 3706 1575 3771 hierarchiam
1588 3721 1775 3783 manifestius

64 3797 138 3852 dare
151 3794 298 3853 divinum.
313 3799 353 3854 Ac
366 3813 420 3871 000
432 3798 489 3854 boc
503 3798 578 3855 ordo
598 3798 823 3870 archangelicus
834 3818 894 3858 me-
947 3813 1014 3853 eam
1027 3811 1097 3853 vero
1111 3812 1181 3868 quer
1194 3800 1263 3869 post
1276 3812 1354 3866 eam,
1370 3798 1524 3858 occultius,
1553 3805 1775 3882 Principatuum

65 3884 117 3941 dio
139 3885 314 3942 constitutus
339 3887 507 3943 seeundum
535 3887 761 3960 dispositionem
787 3888 897 3947 hierar·
947 3891 1057 3954 00100,
1074 3890 1103 3942 et
1115 3886 1376 3958 archangelorum,
1398 3893 1426 3947 et
1440 3893 1617 3963 angelorum
1638 3902 1777 3961 manitas.

66 3973 645 4048 01010001500001001100501101001001005
674 3977 896 4051 0001101001,οἰ-
948 3976 1072 4034 tativam
1094 3975 1331 4048 dispositionem,
1361 3978 1502 4038 humanis
1526 3983 1709 4061 hierarchiis,
1724 4010 1778 4068 per

67 4062 155 4118 vinas
181 4061 411 4122 illuminationes
440 4082 459 4123 a
487 4064 690 4139 superioribus
732 4066 896 4140 suscipiens
950 4062 1163 4134 consequentia
1176 4064 1350 4138 precipere,
1380 4073 1413 4124 ut
1437 4069 1472 4127 sit
1497 4087 1551 4144 per
1580 4077 1717 4138 ordinem
1738 4086 1778 4143 ad

68 4150 294 4225 principatibus,
309 4159 337 4211 et
360 4153 473 4224 angelis
487 4154 677 4211 inferioribus
706 4171 757 4212 eas
780 4171 897 4212 annun-
949 4153 1044 4207 Deum
1057 4165 1208 4218 ascensus,
1222 4156 1251 4208 et
1265 4155 1430 4223 conversio,
1447 4160 1475 4212 01
1488 4165 1733 4237 communicatio,
1750 4175 1780 4227 et

69 4240 168 4298 tiens:
196 4246 224 4298 et
245 4259 299 4316 per
310 4243 433 4314 angelos
461 4243 547 4321 nobis
573 4244 661 4317 quasi
684 4245 842 4317 postremis
870 4251 898 4301 01
951 4235 1343 4296 unitas.»Existima11dum
1369 4245 1422 4310 031,
1447 4241 1552 4316 inquit,
1573 4252 1780 4315 excellentissi-

68 4328 182 4385 intimis
195 4330 317 4388 easdem
331 4331 446 4388 divinas
460 4330 693 4388 illuminationes
716 4334 898 4391 annuntians
951 4344 1035 4386 mam
1053 4325 1289 4401 dispositionem,
1305 4329 1362 4384 hoc
1389 4333 1444 4399 est,
1474 4349 1647 4404 supremam
1669 4341 1781 4402 hierar·

69 4419 239 4476 secundum
252 4436 370 4478 sacram
384 4418 620 4494 uniuscujusque
635 4420 776 4478 divinitus
791 4422 899 4479 illumi·
953 4418 1052 4476 chiam
1060 4421 1206 4491 tanquam
1216 4417 1362 4491 primitus,
1372 4418 1402 4474 id
1410 4421 1666 4498 est,principaliter
1674 4447 1782 4506 appro-

69 4511 212 4564 natorum
240 4508 422 4578 analogiam,
438 4508 496 4566 hoe
512 4514 556 4566 est
579 4510 746 4568 seeundum
773 4512 900 4570 modum

72 4598 103 4652 et
115 4611 289 4653 mensuram
304 4597 476 4671 capacitatis
501 4598 738 4672 uniuscujusque
764 4604 901 4660 nostrum

71 4683 112 4740 ad
120 4685 402 4745 eamdemdivinam
410 4687 900 4761 illuminationempcrcipiendam;

70 4775 120 4832 vel
134 4776 318 4834 annuntians
332 4777 419 4834 nobis
432 4795 486 4853 per
513 4777 635 4851 angelos
663 4779 830 4836 secundum
857 4797 903 4840 sa·

73 4864 337 4942 cramanalogiam
347 4867 903 4942 uniuscujusqueillorum,seilieetan·

73 4951 221 5025 geloram,
233 4953 372 5017 divinitus
382 4955 628 5027 illuminatorum,
642 4956 673 5013 id
684 4957 768 5014 estin
787 4961 903 5017 100100

72 5044 525 5119 perunumquemquedivinam
533 5044 905 5104 illuminationemannnn-

73 5131 159 5203 tiant,
178 5133 209 5190 in
232 5139 380 5207 quantum
404 5134 611 5208 unusquisque
622 5140 710 5210 aptus
732 5140 776 5193 est
787 5136 905 5195 adeam

76 5221 256 5295 capiendam
270 5223 300 5280 in
315 5239 356 5294 se,
373 5228 401 5281 et
415 5224 656 5285 annuntiandam
665 5223 730 5282 aliis
744 5241 798 5299 per
812 5243 855 5283 se.

116 5403 270 5478 Sequitur:
296 5429 309 5455 «
323 5405 382 5479 Ipsi
394 5406 474 5462 enim
487 5405 596 5475 angeli,
612 5406 687 5463 sieut
700 5406 905 5480 praediximus,

10 5564 14 5569 Ι
79 5492 255 5566 completive
270 5499 597 5551 consummantomnes
611 5494 775 5551 caelestium
795 5496 908 5552 animo-

10 5610 12 5614 ·
78 5599 148 5641 rum
161 5583 381 5658 dispositiones,
404 5583 571 5642 secundum
591 5583 674 5657 quod
695 5600 908 5642 000500000-

953 4507 1119 4564 rimantem
1133 4505 1189 4578 ipsi
1202 4505 1330 4574 0000110,
1345 4505 1364 4561 il
1379 4511 1423 4564 est
1437 4510 1667 4587 Deo,ordinare,
1679 4535 1783 4580 secun-

954 4597 1037 4663 dam,
1053 4593 1142 4662 clam,
1155 4594 1250 4663 idest,
1273 4594 1398 4665 occulte,
1427 4597 1474 4654 vel
1498 4598 1783 4678 incomprehensibi·

956 4689 999 4743 100
1010 4684 1229 4742 tormanseam.
1243 4682 1492 4745 8000010000οο
1502 4687 1782 4776 10100·00010100,000

956 4774 1154 4848 completura
1168 4773 1277 4831 sanctis
1291 4774 1557 4853 dominationibus,
1574 4789 1602 4842 et
1613 4786 1781 4863 virtutihus,

956 4869 985 4923 et
995 4862 1201 4939 potestatibus,
1216 4863 1449 4926 existimandum
1464 4874 1507 4928 051
1520 4889 1649 4947 praeesse
1676 4880 1712 4949 ei,
1730 4882 1784 4938 sci-

956 4953 1215 5024 licethierarehiae,
1230 4971 1298 5029 quae
1314 4973 1350 5014 ex
1364 4958 1591 5036 principatibus,
1617 4973 1646 5024 et
1658 4969 1785 5027 areban-

958 5044 1042 5118 gelis,
1053 5047 1082 5101 et
1095 5043 1219 5116 angelis,
1234 5049 1262 5103 et
1276 5047 1509 5109 existimandum
1521 5058 1566 5110 051
1576 5055 1707 5127 primam
1720 5059 1786 5132 qui-

958 5135 1029 5192 dem
1051 5133 1259 5205 hierarchiam,
1282 5136 1339 5194 hoc
1354 5144 1407 5206 cst,
1423 5156 1606 5213 supremam,
1633 5145 1785 5220 percipere

959 5222 1145 5282 manifestius
1171 5225 1287 5281 divinas
1311 5225 1553 5298 illuminationes,
1577 5232 1633 5304 vel⁴
1647 5235 1786 5295 menites·

962 5314 1018 5372 tius
1032 5329 1160 5389 praeesse
1176 5311 1265 5369 1001100
1278 5329 1285 5380 ;
1299 5327 1366 5367 000
1388 5330 1470 5382 vere,
1482 5331 1550 5387 quae
1565 5324 1634 5390 post
1648 5338 1715 5381 eam
1729 5331 1784 5398 est,

960 5404 1017 5461 hoc
1047 5407 1100 5469 est,
1129 5400 1303 5469 secundam,
1330 5402 1474 5459 occultius
1514 5405 1624 5465 scilicet
1646 5427 1784 5484 proeesse.

963 5491 1190 5567 dispositionem
1237 5496 1336 5547 autem
1348 5533 1357 5564 ,
1400 5492 1429 5547 id
1473 5500 1536 5565 est,
1589 5499 1787 5565 hierarchiam
1871 5502 1872 5505 '

963 5581 1195 5657 principatuum,
1211 5585 1240 5636 01
1260 5581 1521 5656 archangelorum,
1545 5592 1574 5646 et
1598 5571 1787 5665 angelorum,
