3832 6044
112 116 164 183 ser
272 113 424 182 nunonis
443 124 488 180 os
509 124 536 182 s.
557 87 1303 181 111111111111111.-·111111111.-1
1324 117 1358 173 n
1379 116 1407 173 s
1430 112 1656 172 scarrrumn.
1766 110 1820 169 111

112 248 161 306 clii
170 248 299 305 calorem
314 249 430 323 accipit,
446 249 497 322 qui
512 250 542 307 in
557 248 714 307 afflictione
735 247 779 303 sui
805 244 938 319 corporis
956 248 980 300 Α
994 248 1056 301 Non
1072 247 1176 318 petunt
1189 242 1337 300 hordeum
1351 245 1379 298 et
1401 255 1523 313 aquam,
1553 237 1661 294 scilicet
1680 236 1822 293 alimenta

112 353 216 394 euram
231 343 423 411 postponunt,
435 337 508 409 quid
521 336 601 391 aliud
616 352 707 409 quam
720 336 804 408 jecur
816 335 846 391 in
862 339 938 391 terra
993 333 1118 402 seruilia,
1135 334 1206 407 quia
1220 333 1292 390 nihil
1305 329 1454 404 ejusmodi
1470 329 1541 385 dare
1569 326 1705 382 solebant
1720 345 1726 393 3
1743 327 1794 381 scd
1812 345 1819 380 r

112 426 278 483 effundunt.
294 431 332 482 Nc
347 427 435 497 igitur
449 427 552 481 inanes
574 425 725 498 lacrymae,
741 442 778 482 nc
792 426 861 482 ficta
876 441 938 481 sus·
1031 421 1457 497 1111111,111111111,ι1111111
1472 424 1499 475 et
1514 419 1626 474 cinara.
1638 417 1696 470 1111
1705 418 1818 487 petunt,

111 515 197 588 piria,
222 532 259 571 ne
282 515 410 570 simulati
425 514 552 584 gemitus
567 515 735 583 credantur,
751 532 817 571 ecce
842 514 939 571 carnis
992 514 1075 587 quod
1089 513 1164 569 soliti
1176 511 1448 584 fuernntaccipere.
1461 512 1525 564 Non
1536 512 1635 563 tamen
1645 508 1757 577 petunt,
1768 504 1820 560 sed

112 603 230 659 afflietio
243 601 401 658 manifesta
430 603 573 678 sequitur.
591 606 648 663 Sed
674 604 806 662 fortassis
821 620 876 677 pro
888 620 939 676 pa·
992 603 1174 659 admirantes
1189 602 1380 671 interrogant,
1397 598 1468 671 quia
1491 613 1545 654 uec
1559 601 1657 669 petere
1673 593 1818 662 solebant,

111 690 244 746 rentibus
259 695 309 746 ant
324 693 458 761 cognatis
472 694 553 752 dolet
567 696 630 752 iste.
646 695 750 752 Audite
770 693 843 767 quid
857 692 936 748 dicit.
992 692 1044 748 scd
1057 691 1176 748 habere.
1195 691 1252 747 Sed
1273 689 1407 745 fortassis
1422 687 1512 753 dices,
1528 684 1630 741 lascivi
1658 688 1742 740 erant
1767 683 1819 738 filii

113 780 206 851 Super
219 779 403 850 contritione,
433 782 538 857 inquit,
554 786 621 842 litte
649 784 752 860 populi
766 783 825 840 mei
842 802 848 839 :
876 798 937 838 non
991 780 1038 837 isti
1049 786 1078 837 et
1090 780 1217 848 delicati,
1234 778 1386 852 superflua
1396 775 1581 850 quaerebant,
1603 774 1713 848 quibus
1729 773 1818 829 etiam

110 866 212 939 patris,
227 884 289 925 non
304 872 416 940 matris,
433 890 493 930 non
509 874 615 943 fratris,
643 891 705 932 uon
732 873 850 939 sororis,
877 887 938 928 nou
991 874 1126 927 materna
1145 869 1239 943 pietas
1267 866 1468 925 contradicere
1487 865 1608 922 deberet
1624 883 1631 934 ;
1647 863 1718 921 andi
1744 862 1818 937 quid

110 956 238 1027 cognati,
268 974 328 1016 non
353 961 460 1030 affinis,
486 965 537 1021 sed
561 965 665 1038 populi
679 964 747 1031 mci,
770 962 875 1035 inquit,
900 977 938 1017 ne
991 964 1142 1033 sequatur.

111 1043 234 1101 aflectus
247 1049 345 1104 carnis
362 1056 391 1106 et
413 1068 475 1109 non
503 1054 651 1110 charitatis
671 1052 807 1110 stimulus
826 1051 936 1108 doloris
1027 1050 1281 1120 Carndeticerent,
1303 1047 1408 1121 inquit,
1424 1047 1512 1119 quasi
1530 1045 1683 1102 culturali
1706 1045 1737 1100 in
1749 1044 1818 1114 pto-

110 1139 274 1207 putaretnr.
290 1139 346 1194 Sed
357 1141 446 1196 credo
467 1143 598 1199 famosos
610 1148 638 1199 et
652 1143 757 1199 divites
770 1141 800 1197 in
824 1141 937 1214 populo
991 1143 1043 1198 teis
1058 1142 1196 1198 civitatis.
1213 1138 1328 1212 Duplex
1343 1136 1467 1205 malum,
1483 1132 1815 1207 egestasetignominia.

110 1221 163 1279 iste
174 1224 296 1297 planctu
309 1245 363 1283 suo
372 1230 753 1305 honorattrttenditequtd
762 1231 850 1292 dicat.
863 1234 937 1288 Cum
990 1229 1181 1287 Tolerabilius
1196 1229 1301 1285 saltem
1322 1227 1424 1283 fuisset
1437 1226 1467 1282 in
1486 1226 1579 1281 domo
1593 1223 1729 1291 deficere,
1745 1227 1772 1278 et
1787 1222 1816 1277 in

110 1311 256 1382 deficeret,
285 1315 391 1389 iuquit,
416 1321 570 1392 parvulus,
586 1326 614 1378 et
636 1322 758 1378 lactens.
775 1324 806 1376 ln
834 1319 937 1393 primis
990 1322 1105 1394 occulto
1120 1319 1199 1376 fame
1228 1316 1365 1374 consumi
1377 1332 1471 1390 quam
1484 1315 1515 1370 in
1537 1313 1652 1387 plateis,
1667 1329 1736 1368 cum
1750 1311 1816 1367 tabe

110 1401 335 1460 animadvertite
346 1406 775 1485 r‘liscrctionem.Plangitquod
785 1408 935 1477 deficiunt,
990 1409 1077 1466 famis
1101 1408 1308 1466 confusionem
1333 1404 1504 1478 ignominie
1533 1403 1685 1459 sustinere.
1716 1400 1816 1473 Sequi·

109 1505 165 1547 nec
174 1492 289 1564 plangit
303 1497 385 1568 quod
401 1497 506 1553 rlivites
519 1515 579 1555 non
595 1506 673 1557 sunt.
697 1501 767 1567 Quis
782 1499 934 1574 parvulus,
989 1503 1037 1555 tur
1053 1517 1059 1555 :

109 1578 254 1652 inquitet
267 1581 389 1642 lactens.
404 1587 504 1644 Videte
517 1590 600 1662 quod
625 1589 789 1646 infirmitati
815 1604 936 1661 compa·
955 1609 975 1662 B
1027 1588 1100 1646 Cum
1112 1588 1292 1645 eatotorent
1319 1588 1436 1645 animos
1453 1600 1522 1642 suas
1536 1586 1568 1640 in
1595 1599 1662 1638 siau
1684 1588 1814 1639 matrum

109 1666 187 1735 titur,
203 1685 264 1727 non
292 1671 498 1732 fortitudinem
523 1683 575 1734 ant
601 1693 747 1751 pompam
767 1682 934 1734 veneratur.
989 1693 1123 1734 sacratu.
1138 1678 1244 1734 Omnia
1259 1680 1457 1750 cooperantur
1471 1674 1511 1730 ad
1523 1673 1649 1730 malum.
1666 1677 1696 1727 tn
1712 1671 1816 1744 plateis

110 1757 166 1814 Sed
177 1758 276 1816 adhuc
291 1760 423 1819 fortassis
439 1765 468 1821 in
495 1765 664 1823 infumitate
690 1784 778 1824 sexus
792 1772 821 1823 et
843 1767 937 1823 atatis
990 1765 1140 1822 deficiunt.
1154 1769 1187 1822 ln
1203 1765 1270 1821 sinu
1289 1768 1420 1820 matrum
1433 1762 1550 1819 animas
1576 1760 1726 1826 exhalant,
1741 1763 1773 1815 ut
1789 1763 1817 1814 et

108 1844 237 1904 honorat
257 1850 440 1908 nobilitatem
467 1854 583 1922 generis
599 1874 605 1912 :
633 1860 665 1911 tn
685 1855 800 1929 plateis,
827 1855 933 1928 inquit,
990 1854 1147 1911 manifesta
1163 1855 1246 1911 tabes
1261 1853 1466 1911 confusionem
1481 1857 1509 1908 et
1523 1867 1605 1908 mors
1618 1865 1751 1925 praesens
1764 1849 1816 1903 do-

108 1934 222 2007 oppidi.
239 1941 302 1994 Non
329 1940 360 1995 in
373 1941 453 2014 aula,
466 1959 526 1999 non
542 1944 572 2000 in
595 1946 678 2010 urbe,
695 1945 793 2001 nonin
808 1945 932 2012 civitate,
988 1944 1082 2001 lorem
1097 1943 1299 2017 multiplicent.

108 2038 169 2079 non
190 2025 294 2083 saltem
313 2028 343 2084 in
359 2031 460 2100 dome,
476 2034 570 2089 sedin
595 2033 698 2106 plateis
727 2034 839 2109 oppidi,
864 2034 936 2107 quia
1025 2033 1162 2091 lintribus
1177 2032 1248 2101 suis,
1265 2038 1320 2089 etc.
1336 2036 1438 2088 Ainea.
1455 2029 1569 2086 Praetati
1597 2032 1706 2084 sanctie
1723 2027 1817 2082 Eccle-

108 2116 222 2183 quanto
258 2117 355 2188 major
384 2125 427 2176 cst
454 2122 646 2178 contritorum
687 2123 824 2195 abjectio,
853 2127 936 2179 tanto
990 2123 1049 2190 site,
1066 2121 1330 2194 senesprudcntia,
1346 2125 1434 2194 atquc
1450 2119 1741 2187 consili0‚ctmatres
1757 2117 1816 2189 pic-

109 2201 226 2270 gravicr
243 2210 296 2273 est,
325 2207 452 2281 ideoque
479 2211 624 2283 pretiosor
647 2212 773 2269 dolentis
800 2229 936 2286 compes·
989 2216 1046 2268 tate
1061 2227 1125 2268 esse
1136 2211 1255 2269 debent.
1282 2211 1339 2268 Sed
1352 2209 1521 2283 quiaprari
1536 2208 1659 2282 quilibet
1682 2213 1710 2264 et
1723 2207 1815 2276 negli-

108 2288 162 2347 350·
989 2306 1091 2371 gentes
1106 2301 1283 2358 cumloeum
1291 2300 1472 2374 prelationis
1481 2299 1625 2362 obtinent,
1635 2313 1738 2354 curam
1747 2297 1815 2353 sub·

928 2438 933 2449 .
986 2391 1134 2462 jectorum
1148 2394 1342 2464 postponimt,
1360 2395 1388 2446 et
1402 2406 1463 2446 sure
1492 2389 1591 2462 potins
1609 2389 1737 2445 avaritiae
1763 2393 1814 2445 aut

143 2425 325 2499 ”esaeefumr
342 2437 396 2490 ⁰t0'
413 2436 547 2492 ΜΟΜ·
561 2436 638 2502 Qnid
657 2453 710 2511 per
738 2437 851 2510 ⁰⁰¹¹¹⁰⁸’
878 2437 935 2538 nis}
987 2478 1071 2535 luxui
1086 2480 1284 2546 suostudent;
1304 2484 1381 2535 recte
1396 2494 1476 2534 nunc
1491 2494 1544 2551 per
1553 2478 1730 2550 prophetam
1745 2476 1814 2532 dici·

107 2512 515 2595 claritascontemplationis;
532 2524 642 2597 etquid
659 2543 713 2600 per
739 2526 935 2594 viscera,nrs1
989 2569 1211 2625 [urmamhus
1226 2569 1286 2624 suis
1309 2568 1447 2624 dixerunt
1463 2586 1469 2598 ,
1486 2567 1537 2623 ubi
1565 2572 1608 2623 es,
1633 2566 1758 2623 triticum
1786 2571 1815 2622 e,

107 2619 212 2662 sensus
227 2608 349 2666 interme
361 2612 541 2674 dulcedinis:
558 2619 587 2671 ct
609 2616 681 2689 quid
703 2633 757 2690 per
768 2618 862 2689 jecur,
878 2633 935 2673 nrsr
988 2655 1102 2714 vinum·
1119 2660 1241 2727 Magnus
1253 2657 1349 2724 dolor,
1360 2657 1431 2730 quja
1452 2656 1534 2729 quod
1557 2655 1725 2728 petentibus
1745 2654 1813 2710 sub.

106 2691 203 2751 fervor
227 2697 319 2754 divini
347 2702 457 2758 amoris
483 2703 651 2776 accipitur?
678 2706 754 2772 Quid
781 2709 824 2762 est
849 2721 930 2806 ergo,
990 2747 1119 2814 trahunt,
1135 2747 1192 2803 hoc
1206 2747 1296 2803 etiam
1311 2763 1372 2802 non
1394 2746 1563 2819 petentibus
1577 2745 1682 2802 offerre
1705 2745 1814 2801 debu&

104 2784 188 2855 quod
213 2789 359 2861 propheta
374 2790 404 2846 in
431 2792 636 2850 contu'tionem
663 2793 731 2850 filisa
759 2793 862 2867 populi
887 2812 932 2850 sur

104 2872 207 2928 oculos
223 2891 293 2931 suos
319 2878 471 2949 defecisse,
497 2886 524 2937 ct
543 2881 657 2938 viscera
681 2883 866 2951 conturbata,
890 2883 932 2954 je-

105 2976 217 3036 curque
233 2964 362 3024 effusum
376 2969 406 3025 in
421 2974 527 3026 terram
543 2976 768 3039 commemorat,
783 2971 838 3027 nisi
849 2973 931 3047 quod
949 2964 969 3020 C

104 3049 263 3123 spiritualis
278 3057 405 3133 quisque
432 3065 546 3133 quanto
561 3059 657 3129 magis
679 3060 814 3117 animum
843 3079 931 3118 suum

103 3138 134 3194 in
149 3142 336 3204 tribulatione
349 3149 554 3222 proximorum
577 3149 616 3204 ad
631 3150 872 3223 compassionem
891 3151 933 3207 fo-

103 3244 152 3285 ras
167 3231 300 3303 effundit,
332 3243 412 3294 tanto
441 3239 570 3313 amplius
598 3239 714 3296 interna
736 3239 786 3296 illa
810 3241 930 3309 gaudia,

102 3335 169 3393 quoe
184 3323 302 3395 quietus
317 3332 435 3395 gustare
447 3333 651 3397 consueverat,
661 3345 698 3385 ex
713 3328 779 3403 ipsa
796 3330 932 3386 moeroris

103 3408 149 3463 sui
171 3413 393 3483 perturbatione
422 3417 573 3474 subtracta
596 3417 755 3491 deplorat?
775 3419 929 3490 Sequitur:

104 3497 198 3570 Super
212 3502 396 3570 contritione,
417 3509 471 3560 etc.
488 3508 541 3560 Per
555 3505 648 3561 filiam
673 3505 788 3579 populi,
804 3506 932 3562 carnalis

102 3585 221 3656 anima;
249 3605 301 3662 per
316 3591 484 3663 parvulum,
502 3610 607 3649 sensus
623 3593 729 3662 carnis,
747 3610 799 3667 per
823 3595 931 3652 lacten·

101 3679 171 3745 term
183 3677 276 3735 virtus
294 3680 401 3736 mentis
416 3681 568 3754 accipitur.
592 3684 701 3738 Sensus
727 3684 806 3740 enim
821 3686 928 3755 carniS,

100 3769 292 3837 quantumin
309 3786 339 3825 se
351 3776 403 3838 est,
420 3770 544 3843 puerilia
558 3771 698 3845 quaedam
714 3777 741 3829 et
753 3773 832 3829 levia
854 3791 929 3831 sern-

100 3869 154 3927 per
179 3859 300 3929 appetit,
316 3859 373 3914 nisi
388 3864 535 3932 quantum
550 3860 657 3916 mentis
681 3863 846 3920 constantia
860 3880 929 3920 cnm

100 3957 154 4015 per
168 3943 357 4017 disciplinam
381 3949 540 4019 restringit.
568 3950 658 4015 Quasi
673 3951 814 4023 parvulus
842 3952 930 4024 igitur

99 4028 175 4087 lacte
197 4032 338 4103 pascitur,
360 4037 431 4108 qnia
459 4054 512 4110 pcr
536 4038 674 4095 uirtutem
702 4040 795 4096 animi
819 4042 857 4098 ad
878 4058 930 4098 na·

19 4114 21 4118 ’
99 4119 248 4176 turitatem
273 4126 445 4182 constantiae
474 4127 554 4184 uelut
581 4128 620 4183 ad
633 4127 725 4185 robur
753 4129 928 4204 1111111111-

98 4207 180 4264 latim
208 4210 360 4270 enutritur.
380 4215 534 4288 Sequitur:
564 4221 595 4272 ln
617 4216 721 4290 plateis
748 4220 861 4293 oppidi.
877 4223 928 4277 Per

98 4297 245 4372 oppidum
261 4318 321 4358 non
335 4302 499 4375 incongrue
517 4323 635 4379 coran,
665 4308 748 4380 quod
768 4309 869 4365 anima
884 4326 927 4365 tn·
945 4315 967 4369 Ι)

97 4385 221 4457 habitat,
237 4395 265 4448 et
279 4407 332 4465 per
346 4393 460 4466 plateas
474 4395 579 4469 oppidi
600 4395 683 4452 fluxa
695 4397 842 4453 desideria
864 4415 926 4454 car-

97 4473 144 4530 nis
159 4475 321 4550 intelligere
336 4498 509 4555 possumus,
526 4487 622 4551 Quare
635 4501 707 4556 ergo
715 4485 745 4540 in
753 4487 926 4544 contritione

96 4563 164 4621 filire
178 4568 282 4642 populi
298 4573 451 4643 parmatus,
467 4579 496 4630 et
509 4574 621 4631 lactens
636 4575 666 4632 in
693 4575 797 4648 plateis
823 4576 927 4650 oppidi

96 4652 223 4711 deficere
234 4657 382 4726 dicuntru,
399 4662 454 4716 nisi
469 4664 551 4735 quod
564 4663 707 4720 inanima
721 4664 834 4721 carnali
843 4666 925 4738 prius

95 4756 150 4816 per
164 4743 339 4803 illecebrosa
362 4748 509 4806 desideria
535 4751 605 4808 foris
629 4769 734 4809 sensus
762 4771 927 4828 corrumpi-

95 4834 153 4900 tur,
169 4847 204 4888 ac
219 4832 327 4890 deinde
343 4836 435 4894 virtus
450 4855 571 4914 qnoque
586 4858 621 4898 ac
641 4844 806 4899 constantia
834 4847 926 4899 animi

95 4921 267 4980 emollitur?

130 5059 280 5117 lintribus
294 5063 355 5118 11111
367 5064 520 5135 dixerant,
536 5070 590 5122 etc.
618 5067 765 5121 Limenia.
780 5069 811 5121 lu
825 5067 925 5122 matri-

94 5144 153 5203 lurs
167 5150 293 5208 tenerior
308 5151 432 5209 aflectus
446 5153 611 5210 dilectionis
622 5155 750 5221 notatur,
767 5170 835 5225 quie
850 5153 924 5210 tilio-

94 5251 162 5293 rum
177 5238 310 5310 aflectus,
326 5243 350 5298 si
362 5247 497 5316 possunt,
518 5258 579 5299 non
604 5242 702 5298 solum
716 5242 852 5311 audiunt,
869 5244 922 5300 sed

94 5328 289 5398 preveniunt.
307 5332 364 5387 Cur
378 5332 466 5404 igitur
480 5331 557 5388 filios
571 5335 711 5401 rogantes
739 5335 920 5404 exspectant,

94 5411 152 5468 nisi
164 5413 306 5485 quianon
321 5418 442 5488 habent,
458 5420 541 5495 quod
552 5421 708 5491 egentibus
723 5421 873 5478 offerant?
888 5424 921 5477 Et

93 5515 132 5556 ne
146 5505 315 5560 maternam
343 5507 483 5579 pietatem
497 5510 625 5568 naturali
656 5511 725 5568 vitio
753 5509 921 5567 induruisse

94 5587 255 5662 existimes,
271 5594 342 5652 audi
367 5597 472 5670 quales
499 5615 531 5656 se
544 5599 618 5659 olim
636 5599 704 5660 filiis
723 5598 919 5660 exhibuerint.

988 2840 1066 2893 runt.
1084 2836 1243 2892 Sciendum
1253 2840 1353 2892 antem
1366 2836 1448 2908 qnod
1463 2835 1557 2892 trihus
1566 2834 1664 2891 modis
1677 2834 1737 2890 rita
1746 2834 1814 2889 sub-

988 2923 1118 2979 ditorum
1132 2923 1260 2997 praelatis
1275 2923 1414 2997 loquitur,
1426 2940 1480 2996 per
1494 2923 1655 2990 miseriam,
1671 2938 1724 2995 per
1738 2923 1813 2978 desi-

987 3012 1114 3080 derium,
1128 3030 1181 3086 per
1193 3013 1404 3069 obedientiam.
1420 3015 1524 3069 Petunt
1538 3012 1617 3069 enim
1632 3012 1755 3086 quando
1772 3012 1814 3067 in-

986 3098 1097 3168 digent,
1110 3103 1215 3171 petunt
1228 3098 1351 3172 quando
1366 3097 1545 3166 desiderant,
1561 3103 1666 3172 petunt
1690 3097 1813 3172 quando

987 3187 1090 3244 audire
1103 3189 1199 3261 parati
1213 3194 1291 3245 sunt.
1307 3190 1360 3244 Per
1373 3188 1524 3245 miseriam
1538 3193 1651 3261 petunt,
1665 3188 1737 3263 quia
1750 3189 1813 3245 risa

987 3276 1165 3334 afflictorum
1178 3278 1351 3349 indigentia,
1379 3279 1453 3334 dum
1474 3278 1538 3351 pias
1552 3282 1666 3334 mentes
1691 3278 1729 3333 ad
1744 3279 1813 3333 snb-

985 3366 1169 3423 veniendum
1183 3373 1335 3442 provocat,
1352 3367 1467 3424 etiamsi
1477 3367 1579 3437 lingua
1594 3366 1667 3434 silet,
1684 3366 1742 3422 rita
1755 3366 1812 3422 cla·

910 3507 914 3517 .
986 3461 1057 3513 mat.
1072 3459 1126 3513 Per
1137 3458 1318 3516 desiderium
1346 3461 1593 3531 quoqnepctunt,
1623 3456 1694 3528 quia
1715 3456 1810 3528 qnod-

986 3547 1129 3603 ammodo
1140 3553 1238 3621 petere
1252 3552 1297 3604 cst
1309 3547 1382 3603 velle
1390 3547 1510 3604 babere.
1525 3549 1595 3602 ltem
1606 3561 1659 3617 per
1669 3545 1809 3601 obedien-

984 3635 1056 3692 tiam
1071 3640 1184 3709 pctunt,
1195 3638 1276 3710 quia,
1292 3636 1365 3692 dum
1378 3639 1498 3710 paratos
1511 3651 1541 3690 sc
1556 3623 1594 3690 ad
1605 3634 1808 3707 recipiendum

984 3725 1122 3795 offerunt,
1138 3727 1225 3801 quasi
1239 3726 1313 3783 velle
1327 3730 1356 3782 et
1367 3724 1534 3781 desiderare
1547 3723 1700 3779 sedicunt.
1715 3724 1808 3794 Negli-

984 3816 1122 3885 gcntibus
1137 3817 1226 3887 igitur
1236 3815 1364 3889 praelatis
1378 3814 1580 3885 subjectorum
1596 3813 1660 3869 etsi
1680 3829 1741 3869 non
1755 3813 1808 3868 lin-

983 3923 1052 3977 gna,
1069 3908 1236 3964 vitulamen
1252 3921 1369 3978 semper
1381 3904 1521 3978 loquitur,
1536 3905 1607 3978 quia
1621 3904 1808 3961 etmalorum

983 3996 1114 4070 periculo
1129 4001 1157 4052 et
1170 3996 1320 4051 bonorum
1335 3994 1482 4051 desiderio
1490 4000 1579 4068 atque
1594 3994 1808 4050 obedientiam]

983 4084 1202 4158 predicationis
1231 4082 1373 4152 studium,
1402 4089 1431 4140 et
1460 4085 1548 4141 horris
1575 4083 1808 4140 conversationis

982 4173 1152 4246 exemplum
1162 4171 1401 4245 impendendum
1415 4179 1649 4231 commoventur.
1671 4176 1704 4227 Et
1718 4177 1808 4229 atten-

983 4264 1042 4320 dite
1052 4262 1135 4336 qucd
1156 4262 1333 4336 intempore
1348 4264 1530 4320 necessitatis
1543 4263 1594 4318 filii
1623 4278 1683 4318 non
1698 4266 1806 4335 patres.

983 4354 1036 4409 sed
1049 4357 1159 4408 matres
1173 4356 1291 4408 vocant.
1307 4356 1347 4408 Ac
1363 4352 1387 4407 si
1402 4352 1502 4409 dicant
1516 4370 1521 4407 :
1536 4352 1564 4409 Si
1578 4352 1712 4407 debitum
1737 4351 1809 4407 obli-

982 4443 1002 4497 ti
1028 4441 1106 4509 estis,
1131 4440 1271 4514 pietatem
1300 4441 1403 4498 saltem
1438 4440 1570 4496 oblivisci
1595 4456 1656 4495 non
1683 4441 1805 4496 debetis.

981 4530 1164 4587 Erubescant
1191 4547 1280 4587 canes
1307 4529 1383 4587 muti
1409 4536 1437 4587 et
1455 4546 1516 4586 non
1542 4530 1674 4586 valentes
1700 4530 1807 4586 latrare

981 4621 1061 4691 (lsai.
1078 4620 1143 4692 nu).
1157 4619 1349 4687 Erubeseant,
1365 4618 1417 4692 qui
1431 4618 1468 4674 de
1482 4619 1653 4691 pastoribus
1662 4620 1725 4692 lupi
1738 4619 1807 4676 facti

907 4754 912 4766 .
982 4711 1060 4763 sunt.
1075 4707 1267 4775 Erubeseant,
1283 4707 1334 4780 qui
1346 4722 1407 4763 non
1423 4707 1497 4763 sicut
1508 4711 1653 4780 pastores,
1669 4707 1721 4763 sed
1733 4708 1807 4764 sient

918 4842 924 4854 .
981 4796 1155 4852 mercenarii
1169 4811 1292 4867 gregem
1300 4795 1558 4870 Dominipascunt.
1569 4796 1624 4862 Qui
1640 4796 1678 4852 ad
1692 4797 1806 4853 lanian-

980 4885 1054 4940 dum
1067 4889 1136 4941 sunt
1149 4886 1249 4953 fortes,
1261 4889 1290 4942 et
1301 4886 1340 4942 ad
1350 4886 1568 4959 protegendum
1578 4885 1750 4944 imbecilles.
1762 4888 1806 4943 lid

980 4974 1188 5049 accipiendum
1213 4977 1354 5049 prompti,
1371 4977 1409 5031 ad
1436 4976 1628 5032 tribuendum
1648 4977 1734 5050 pigri.
1762 4978 1806 5033 rid

980 5063 1277 5121 circumveniendum
1297 5063 1406 5133 diserti,
1423 5065 1461 5121 ad
1486 5065 1738 5123 benedicendum
1764 5067 1806 5123 in-

980 5153 1059 5210 docti
1075 5173 1082 5210 :
1098 5154 1150 5227 qui
1168 5157 1219 5210 aut
1232 5153 1300 5226 plus
1332 5154 1432 5210 debito
1453 5155 1597 5225 exigunt;
1619 5156 1729 5224 minus
1758 5156 1805 5212 vel

979 5242 1062 5311 nihil,
1079 5243 1179 5299 debito
1207 5243 1403 5316 impendunt3
1417 5245 1469 5317 qui
1479 5244 1592 5316 judicia
1618 5246 1746 5301 veritatis
1774 5245 1803 5301 in

980 5346 1086 5386 causas
1105 5329 1237 5387 forenses
1249 5336 1448 5388 mutaverunt.
1464 5335 1512 5387 Vre
1526 5331 1568 5388 eis
1582 5349 1675 5405 qnare
1689 5348 1750 5389 non
1763 5337 1804 5388 at-

980 5419 1105 5476 tendmrt
1115 5419 1187 5492 quid
1202 5420 1347 5488 debeant;
1361 5425 1389 5475 ct
1404 5420 1427 5475 si
1455 5421 1626 5494 petitionem
1640 5421 1802 5495 prevenire

979 5509 1137 5577 noluerint,
1163 5509 1265 5566 saltem
1294 5514 1426 5583 petentes
1462 5512 1595 5579 audiant,
1623 5511 1693 5585 quin
1718 5513 1747 5566 et
1771 5509 1801 5565 in

978 5598 1045 5673 ipsa
1067 5598 1201 5660 fortassis
1236 5600 1375 5673 petitione
1402 5601 1516 5660 discere
1550 5601 1639 5660 etiam
1664 5605 1803 5675 poterunt
