3832 6044
19 140 41 159 ι.
63 128 111 181 ιιι
443 126 670 191 crassiores
693 126 727 181 ιιι
747 123 936 180 arrsroms
955 123 1068 182 erun.
1089 128 1123 182 ιιι
1144 128 1194 188 ae.
1216 129 1239 183 ιι
1256 129 1392 193 eorm
1514 80 1535 126 ²
1717 136 1770 193 aaa

61 249 120 305 sint
134 247 198 315 orti,
215 251 243 303 et
256 263 362 302 omncs
378 249 508 304 christus
522 249 688 305 redemerit.
705 252 775 303 Item
788 261 891 320 pugna
906 252 929 304 X
947 247 1017 304 dere
1040 248 1079 305 ad
1102 249 1180 307 hanc
1199 251 1306 322 lucem,
1330 253 1354 310 si
1377 253 1443 327 ipsa
1464 258 1509 310 est
1527 253 1771 312 inaccessabilis‘t

21 378 24 383 .
61 337 223 394 verborum
243 336 420 403 liberaverit,
444 338 517 410 quia
536 338 678 393 Dominus
693 336 780 393 dicit:
795 336 828 392 st
841 336 892 391 Fi·
947 337 1068 395 Solutio.
1084 343 1177 396 Nemo
1192 357 1229 396 ex
1244 357 1274 397 sc
1286 341 1401 398 aceedit
1413 342 1452 398 ad
1465 359 1543 411 eam,
1558 341 1611 399 sed
1625 342 1674 401 aui
1684 343 1772 400 datur

63 428 120 484 tius
133 442 182 482 vos
199 426 346 495 liberavit,
365 442 431 482 vere
444 426 611 482 liberiestis
626 426 723 496 (donet.
740 424 807 496 ιιιι),
823 441 890 498 quae
945 425 1026 482 dono
1042 428 1116 498 ejus.

62 520 91 572 et
104 514 211 572 similia
224 514 361 570 videntur
371 513 524 570 dissentire
540 514 700 570 adoctrina
715 513 889 587 apostolica,
982 517 1113 582 ernsrro
1138 521 1258 576 XXXVII.
1285 522 1374 589 Quem
1396 537 1480 578 nemo
1506 520 1658 577 heminam
1687 521 1771 594 cidit,

60 621 129 678 quie
143 605 278 660 hortatur
294 620 396 659 servos
419 603 569 675 subjectos
583 619 647 659 csse
671 603 802 660 dominis
817 603 890 670 suis,
945 619 999 660 nec
1013 606 1112 664 videre
1123 612 1231 677 potest.
1245 611 1347 665 Nonne
1362 608 1514 666 Abraham
1532 608 1607 665 vidit
1627 611 1731 678 Deum,
1744 613 1775 666 et

60 698 90 748 et
111 692 243 748 similiter
263 690 359 747 verbis
377 691 491 747 domini
514 691 656 748 dicentis:
678 691 803 748 Reddite
820 706 890 762 erpo
945 695 1069 766 Ittoyses,
1089 700 1118 751 et
1131 697 1229 752 crateri
1250 697 1373 769 patres?
1398 697 1554 763 Quomodo
1570 713 1641 767 ergo
1655 713 1771 765 verum,

59 787 205 853 quaesunt
219 782 347 838 casaris
364 781 546 846 Carcerictc.
560 780 713 852 (Lirem.)
729 779 774 837 Sic
790 783 890 836 autem
945 783 1027 854 quod
1047 799 1137 839 nemo
1160 786 1253 840 Deum
1266 784 1338 841 vidit
1362 786 1521 857 unquam?
1546 790 1618 842 Item
1629 802 1730 843 nonne
1745 789 1774 843 et

60 869 206 926 solvenda
221 875 265 925 est
288 868 353 924 talis
366 869 568 925 controversia
582 869 763 936 vc1·borum;
783 869 850 935 hoc,
867 867 890 922 si
945 886 1000 927 nos
1022 872 1086 942 ejus
1106 871 1250 929 visionem
1273 874 1452 945 speramus?
1485 874 1541 930 Sed
1562 874 1726 947 quomode,
1749 873 1772 930 ιι

61 959 149 1014 Filius
163 975 218 1014 vos
238 958 417 1025 liberaverit,
443 973 511 1013 vcro
527 956 612 1013 liberi
628 957 707 1025 estis,
728 956 891 1026 iutelligcn-
945 976 1034 1016 nemo
1049 965 1146 1034 potest
1163 977 1233 1018 eum
1256 962 1376 1018 videre?
1392 962 1513 1020 Solutio.
1531 966 1608 1019 Deus
1622 965 1653 1019 in
1665 968 1772 1021 natura

59 1047 134 1103 dum
149 1052 192 1102 est
206 1046 244 1103 de
259 1046 383 1119 spiritaii
394 1046 540 1111 libertate,
556 1062 616 1102 non
630 1046 667 1101 de
680 1045 803 1102 carnali.
818 1049 891 1101 Pau·
946 1066 1000 1105 sua
1023 1056 1067 1106 est
1089 1050 1243 1107 invisibilis
1258 1051 1345 1108 oculo
1360 1051 1472 1121 carnis;
1488 1051 1536 1108 ille
1553 1068 1623 1108 vero
1644 1052 1772 1110 visiones

59 1136 106 1190 lus
117 1141 217 1193 autem
236 1135 370 1208 loquitur
384 1136 422 1191 de
437 1135 570 1192 libertate
585 1139 613 1191 et
628 1135 764 1192 servitute
779 1134 891 1191 carnali
946 1138 1054 1194 sanctis
1063 1138 1197 1211 patribus
1208 1139 1240 1195 in
1254 1144 1389 1196 ereatura
1397 1140 1532 1212 subjecta
1544 1139 1682 1215 exhibitae
1691 1143 1770 1197 sunt.

58 1242 153 1299 quam
168 1220 229 1282 non
245 1225 477 1298 tollitspiritalis.
947 1227 1028 1284 Unde
1053 1231 1167 1301 Moyses
1190 1233 1259 1302 post
1278 1227 1391 1300 figuras
1414 1228 1489 1297 illas,
1506 1229 1537 1286 in
1561 1228 1672 1303 quibus
1694 1231 1772 1286 Ileus

97 1318 228 1381 ansno
256 1317 368 1370 XXXIII.
397 1314 497 1370 Radia
521 1315 652 1370 ornatam
679 1315 826 1370 matorum
849 1318 890 1369 est
945 1314 1100 1372 videbatur
1136 1317 1202 1373 ait:
1241 1319 1375 1390 Domine,
1406 1317 1527 1375 ostende
1562 1317 1638 1374 milti
1661 1318 1771 1389 secem

59 1404 219 1472 cupiditas.
249 1401 324 1457 hlihi
348 1401 419 1458 dicit
452 1402 619 1476 Scriptura:
645 1403 769 1457 Initium
796 1403 891 1457 oannis
946 1411 1028 1462 tuam
1048 1406 1155 1478 (Emod.
1180 1407 1289 1479 xxxin).
1315 1410 1348 1463 In
1370 1405 1470 1463 tuturo
1498 1410 1598 1463 autem
1625 1404 1773 1463 videbitur

55 1496 176 1564 peccati
187 1499 228 1549 est
251 1493 390 1562 stipendia
413 1494 521 1564 (Eccte.
538 1492 577 1562 ιιι.
603 1492 652 1548 llic
674 1498 784 1559 autem,
808 1491 891 1564 quod
946 1497 1040 1551 Deum
1054 1511 1073 1552 a
1086 1496 1201 1552 mundo
1223 1496 1323 1564 corde,
1344 1499 1372 1554 et
1386 1513 1467 1552 nune
1490 1496 1639 1554 videtura
1663 1494 1773 1553 sanetis

59 1582 184 1639 avaritia
209 1581 254 1637 rel
278 1581 435 1654 cupiditas.
462 1583 491 1638 Si
515 1581 594 1637 enim
617 1581 741 1638 avaritia
764 1580 891 1636 habetur
907 1615 927 1668 B
945 1583 1069 1654 angelis.

59 1672 176 1744 specics
198 1686 252 1742 pro
276 1686 394 1740 genere,
421 1670 575 1743 quomodo
600 1674 761 1742 utrumque
786 1685 891 1725 verum
932 1730 935 1734 ,
982 1674 1114 1738 Quasrro
1128 1675 1262 1730 XXXVIII.
1283 1675 1426 1732 Deuitans
1435 1674 1586 1744 profanas
1605 1688 1709 1731 vocum
1722 1689 1773 1730 no·

59 1761 130 1815 est?
146 1759 256 1815 sienim
272 1758 414 1832 superbia
424 1758 541 1814 initium
552 1762 595 1814 est
609 1757 751 1814 omnibus
765 1757 889 1831 peceati,
946 1763 1061 1829 vitatas,
1078 1765 1133 1817 etc.
1160 1762 1304 1827 Quoeritur
1316 1778 1355 1819 an
1367 1778 1473 1819 omnes
1496 1777 1607 1819 vocum
1626 1762 1772 1818 novitates

58 1864 133 1918 ergo
148 1846 316 1919 cupiditatis
330 1847 343 1902 ‘i
357 1851 384 1903 et
398 1846 422 1902 si
437 1846 586 1919 cupiditas
600 1846 685 1902 radix
696 1849 739 1901 est
754 1845 891 1902 omnium
946 1849 1003 1905 sint
1018 1849 1158 1906 vitanda.
1184 1849 1304 1907 Salutio.
1330 1853 1403 1919 Non,
1418 1850 1564 1923 quianon
1583 1866 1689 1907 omnes
1704 1853 1774 1907 sunt

58 1936 210 1993 malorum
225 1952 296 2006 ergo
320 1936 467 2008 superbiae
481 1954 488 2004 ;
504 1935 586 1991 etsie
600 1934 680 1990 idem
701 1950 793 1990 eausa
807 1938 850 1989 est
863 1937 891 1990 et
945 1937 1089 2011 profanes,
1112 1942 1144 1995 ut
1162 1938 1220 1995 hoc
1240 1936 1341 2011 ipsum
1364 1954 1475 1996 nomen
1497 1938 1705 2008 Christianum,
1721 1938 1773 1995 ho·

44 2026 182 2083 'effectus
217 2026 363 2098 ejusdem.
403 2025 523 2082 Salutio.
559 2028 632 2081 Cum
666 2023 774 2080 dicitrn
807 2023 890 2096 quod
945 2026 1094 2095 mousion,
1118 2026 1295 2083 mandatum
1310 2043 1432 2096 novum,
1448 2032 1477 2084 et
1496 2030 1707 2085 testamentum
1719 2041 1773 2083 no·

58 2114 145 2172 radix
169 2115 306 2171 omnium
325 2113 474 2170 malorum
498 2118 542 2170 est
564 2113 720 2187 cupiditas,
742 2111 789 2168 vel
808 2111 891 2168 omni
945 2132 1028 2185 vum,
1053 2119 1081 2172 et
1094 2115 1244 2172 canticum
1263 2131 1388 2185 novum,
1416 2115 1561 2173 novitates
1579 2118 1689 2172 vocant
1710 2129 1772 2171 non

58 2204 173 2277 pcccati
196 2203 310 2259 initium
341 2203 491 2275 superbia,
520 2202 545 2258 si
567 2218 676 2274 genera
703 2200 821 2273 singula
848 2201 891 2256 in·
945 2203 1098 2277 profanas,
1128 2204 1179 2259 sed
1206 2220 1317 2273 saaraS,
1347 2208 1376 2261 et
1398 2203 1534 2275 religioni
1563 2206 1771 2274 congruentes.

61 2293 243 2365 telliguntur,
266 2293 375 2349 falsum
391 2297 443 2358 est,
469 2292 493 2346 si
507 2296 608 2348 autem
632 2307 741 2361 genera
762 2289 891 2360 singulo-
945 2292 1118 2366 hypostasis
1142 2296 1242 2349 autem
1267 2297 1399 2366 tempore
1420 2292 1626 2349 hereticorum
1649 2289 1774 2348 notabat

58 2400 138 2449 rum,
164 2400 269 2439 verum
284 2387 337 2438 est.
350 2381 469 2438 Nullum
486 2381 566 2438 enim
588 2397 683 2453 genus
704 2379 818 2453 peccati
836 2385 889 2447 est,
946 2382 1105 2455 protanam
1125 2379 1295 2450 novitatem,
1321 2397 1383 2455 quo
1408 2381 1530 2438 nomine
1557 2379 1687 2437 haeratiei
1711 2383 1773 2436 uta·
1867 2386 1873 2392 “

59 2471 143 2545 quod
159 2487 220 2527 non
235 2470 418 2544 quandoque
433 2486 469 2526 ex
490 2469 639 2543 superbia,
656 2468 839 2542 quandoque
854 2484 891 2524 cx
944 2471 1065 2539 bantur,
1079 2486 1160 2526 nunc
1181 2469 1213 2526 in
1234 2469 1449 2541 significatione
1466 2484 1612 2543 personae,
1637 2483 1718 2526 nune
1740 2466 1773 2525 in

59 2560 221 2634 cupiditate
240 2565 390 2639 nascatur.
413 2563 487 2616 Nam
502 2563 571 2614 sunt
589 2557 680 2631 adqui
702 2557 754 2630 qui
773 2556 890 2614 divitias
945 2558 1159 2630 significatione
1178 2559 1352 2616 substantiae
1374 2560 1413 2617 ad
1434 2556 1770 2632 deceptionemtsimpli·

59 2650 193 2722 cupiunt,
210 2654 243 2705 ut
263 2664 316 2721 per
330 2665 380 2705 eas
396 2648 433 2704 ed
448 2648 566 2703 culmen
589 2645 711 2703 honoris
724 2645 891 2718 pertingere
945 2649 1035 2715 cium,
1052 2653 1083 2705 ut
1101 2648 1125 2704 si
1139 2648 1336 2706 concederent
1358 2648 1528 2705 Trinitatem
1542 2663 1606 2703 esse
1629 2647 1772 2720 hyposta-

60 2738 200 2806 valeant;
218 2742 288 2794 sunt
310 2736 369 2800 alii,
384 2737 436 2810 qui
459 2737 527 2794 ideo
542 2736 719 2806 dignitatem
733 2738 888 2808 appetunt,
945 2737 1002 2793 sim
1016 2753 1120 2806 unam,
1135 2736 1292 2794 inferrent:
1316 2740 1392 2808 Ergo
1405 2741 1475 2793 sunt
1488 2752 1550 2794 una
1563 2750 1711 2809 persona;
1726 2733 1773 2790 sin

59 2831 93 2883 ut
107 2826 227 2882 ditiores
241 2825 324 2882 fiant.
944 2830 1045 2883 autem
1059 2826 1190 2883 dicerent
1212 2828 1339 2894 Patrem,
1365 2825 1468 2882 Titium
1484 2828 1513 2881 et
1529 2823 1671 2897 Spiritum
1689 2837 1773 2879 sane

97 2918 230 2983 Qunsrro
244 2918 352 2973 XXXIV.
368 2915 457 2972 Sotae
470 2920 586 2985 potens.
602 2917 704 2970 Nonne
719 2912 816 2983 angeli
839 2928 891 2985 po-
945 2921 1008 2972 tum
1023 2931 1088 2972 esse
1101 2919 1160 2972 tres
1171 2915 1359 2988 hypostases,
1371 2913 1598 2970 concluderent:
1612 2915 1688 2984 Ergo
1703 2915 1773 2968 sunt

61 3008 155 3061 tentes
177 3010 245 3060 sunt
258 3004 338 3060 unde
354 3008 382 3060 et
405 3005 534 3070 virtutes,
551 3007 580 3059 et
601 3006 761 3075 potestates
782 3018 889 3058 vocan-
944 3011 1003 3063 tres
1017 3005 1200 3062 substantie.
1224 3008 1306 3061 Nunc
1319 3008 1419 3060 autem
1438 3003 1495 3059 hoe
1515 3001 1696 3059 vocabulum
1710 3014 1772 3057 non

64 3093 134 3149 turi
148 3093 268 3151 solutio.
282 3093 368 3150 Solus
382 3096 458 3148 Deus
473 3096 579 3164 potens
593 3107 646 3165 per
656 3095 794 3146 naturam
805 3107 842 3146 ex
854 3106 889 3145 eo
944 3098 1028 3151 notat
1050 3093 1209 3166 protanam
1229 3093 1402 3159 novitatem,
1423 3090 1494 3164 quia
1507 3090 1663 3146 redactum
1677 3091 1721 3144 est
1735 3087 1774 3144 ad

64 3180 149 3254 quod
160 3182 225 3238 est?
240 3181 335 3250 angeli
349 3198 420 3237 vero
431 3197 484 3254 per
499 3181 625 3251 gratiam
639 3195 676 3235 ex
697 3177 828 3252 eoquod
843 3195 890 3234 ae·
946 3182 1193 3255 significationem
1209 3195 1356 3252 persone.
1369 3178 1451 3235 Unde
1466 3176 1659 3233 concedimus
1681 3173 1774 3231 modo

63 3275 216 3342 ceperunt,
231 3275 366 3342 potentes
377 3275 455 3325 sunt.
945 3270 1116 3342 simpliciter
1130 3267 1299 3325 Trinitatem
1314 3281 1379 3322 esse
1396 3269 1454 3321 tres
1468 3265 1657 3337 hypostases,
1674 3265 1703 3318 et
1711 3276 1777 3320 non

101 3360 337 3424 Qirasnc'XXXV.
356 3360 413 3427 Qui
426 3360 506 3414 sotiis
522 3357 608 3414 halet
624 3356 889 3426 irnnmrtelitatem,
912 3389 913 3392 =
944 3374 1038 3414 unam
1050 3375 1057 3425 ;
1069 3356 1152 3429 quod
1162 3370 1221 3411 non
1238 3359 1300 3411 erat
1313 3352 1539 3410 concedendum
1555 3350 1617 3406 sine
1636 3347 1773 3406 determi-

62 3452 119 3504 ate.
144 3452 247 3504 Nonne
270 3447 378 3504 animae
400 3452 429 3503 ct
452 3445 652 3516 angelietiam
674 3460 727 3517 per
750 3448 890 3501 naturam
944 3447 1064 3501 natione
1080 3444 1161 3512 oiim,
1172 3441 1296 3517 quando
1311 3441 1410 3498 adhuc
1425 3438 1569 3497 retinebat
1578 3436 1774 3512 multiplicem

63 3540 134 3593 sunt
170 3535 378 3592 immortales?
415 3534 535 3592 Salutio.
570 3532 655 3589 Solus
692 3535 768 3587 Deus
800 3531 891 3587 habet
946 3531 1203 3604 significationem.

60 3623 324 3692 immortalitatem,
361 3623 391 3678 id
419 3627 462 3679 est
495 3619 779 3686 immutabilitatem,
819 3618 892 3691 quia
981 3624 1113 3689 ernsno
1134 3622 1242 3678 XXXIX.
1264 3619 1303 3675 at
1329 3618 1526 3689 oppositiones
1548 3616 1626 3687 satri
1646 3614 1774 3671 nominis

61 3727 118 3768 nec
132 3712 237 3784 potuit,
252 3727 308 3768 nec
323 3715 428 3785 potest,
445 3727 500 3768 nec
523 3710 631 3783 poterit
653 3724 787 3782 peccare.
809 3711 891 3763 Itane
944 3711 1086 3782 scientim,
1103 3713 1157 3764 ete.
1174 3706 1320 3774 Quaeritur
1332 3704 1407 3779 quid
1418 3707 1503 3761 vocet
1512 3701 1671 3778 Apostolus
1682 3701 1775 3758 scien·

61 3800 315 3857 immortalitatem
338 3816 399 3856 non
422 3800 536 3856 habent
549 3815 604 3855 nec
628 3797 735 3870 angeli,
761 3813 815 3854 nce
832 3796 893 3853 ani·
945 3800 1017 3857 tiam
1031 3799 1096 3855 falsi
1110 3797 1250 3856 nominis.
1273 3794 1413 3869 Nunquid
1434 3792 1590 3865 logicam?
1609 3790 1662 3847 sed
1676 3789 1702 3846 si
1715 3790 1774 3846 hoe

62 3905 121 3944 mee
146 3893 329 3956 sanctorum,
355 3887 421 3944 licet
448 3888 529 3944 enim
552 3887 610 3943 sint
632 3885 818 3942 immortales
839 3901 893 3959 per
946 3893 999 3955 est,
1011 3886 1166 3961 quomodo
1181 3884 1363 3955 Augustinus
1375 3885 1465 3938 vocat
1481 3878 1668 3937 dialecticam
1681 3876 1775 3934 seien-

63 3977 201 4047 gratiam,
218 3983 318 4035 tamen
339 3977 499 4034 mutabiles
512 3992 566 4049 per
587 3980 726 4032 naturam
745 3991 814 4032 vere
828 3990 893 4031 esse
945 3975 1018 4032 tiam
1033 3974 1233 4041 scientiarum,
1250 3988 1318 4045 quae
1340 3986 1402 4027 non
1416 3969 1513 4026 solum
1538 3966 1606 4025 iacit
1621 3965 1773 4034 scientem,

63 4067 234 4124 creduntur.
946 4061 1100 4118 sedetiam
1121 4061 1307 4117 demonstrat
1328 4057 1493 4115 scientem?
1510 4054 1632 4114 Salutio.
1650 4055 1685 4111 m
1698 4052 1776 4110 arbi·

101 4158 230 4223 errsrro
249 4160 358 4214 XXXVI.
387 4158 445 4227 Qui
466 4159 559 4213 lacem
591 4156 708 4213 habitet
736 4157 892 4213 inaccessi·
945 4154 1016 4218 tror,
1033 4146 1265 4204 seientiamialsi
1282 4145 1413 4202 nominis
1426 4147 1514 4201 vocat
1528 4148 1622 4201 artem
1637 4140 1775 4214 sophisti-

64 4246 162 4303 hilem.
176 4247 323 4319 Propheta
337 4246 425 4303 dicit:
438 4246 577 4303 Accedite
590 4246 630 4301 ed
648 4261 724 4312 eum,
741 4250 768 4302 et
783 4245 893 4300 illumi·
947 4257 1025 4307 cam,
1041 4237 1128 4309 cujus
1150 4234 1353 4309 oppositiones
1376 4231 1544 4288 devitanda
1559 4236 1657 4288 sunta
1675 4228 1732 4302 piis
1746 4232 1776 4285 at

63 4337 182 4392 nemini
193 4336 398 4407 (Psatxxnuy
416 4351 517 4392 nonne
531 4334 595 4407 ipse
608 4337 685 4390 Deus
696 4337 740 4389 est
751 4333 817 4405 ipsa
831 4333 892 4400 lux,
946 4325 1130 4385 mansuetis:
1153 4323 1225 4396 quia
1248 4338 1311 4379 non
1334 4320 1442 4387 valent,
1463 4317 1521 4374 nisi
1543 4318 1583 4374 ad
1608 4316 1776 4372 subversio·

64 4438 159 4496 quam
170 4424 278 4480 dicitur
285 4424 468 4482 inhabitare?
482 4422 636 4497 quomodo
647 4438 805 4478 monemur
813 4437 894 4477 acce·
946 4433 1016 4474 nem
1031 4412 1222 4487 simplicium.

757 4585 1020 4604 p-——nn

827 4783 833 4795 ’
883 4771 960 4859 XI.

300 5017 373 5110 IN
435 5014 808 5110 artsrouaitt
875 5016 922 5105 ll
978 5011 1062 5101 AD
1120 5006 1539 5101 TIMOTHEUM.

75 5267 78 5272 -
100 5225 217 5281 Paulus
233 5229 385 5295 apostotos
403 5223 448 5294 (II
459 5224 532 5278 Tim.
547 5224 576 5294 ι),
597 5225 652 5278 etc.
667 5225 732 5278 Iam
746 5237 764 5277 a
778 5219 893 5276 mundo
911 5222 932 5276 D
949 5218 1056 5288 modis,
1073 5221 1102 5275 et
1114 5220 1148 5274 ut
1170 5216 1339 5289 perseveret
1356 5209 1387 5267 in
1402 5206 1499 5265 officio
1523 5207 1609 5262 rectae
1631 5199 1774 5274 praedica·

64 5313 244 5370 transitmus
257 5313 336 5369 hanc
351 5312 516 5368 secandam
531 5310 687 5384 epistolam
705 5309 892 5368 scribitalto-
948 5308 1044 5377 tionis,
1061 5313 1088 5364 et
1103 5294 1206 5362 sancta
1220 5300 1408 5375 operatione:
1424 5300 1452 5352 et
1465 5293 1632 5366 proedicens
1646 5289 1720 5365 quid
1730 5289 1774 5347 fu-

15 5446 20 5453 .
63 5402 168 5459 made
183 5418 311 5470 carcere,
321 5402 473 5457 Timotheo
488 5399 709 5456 infirmitatibus
723 5404 752 5457 et
766 5397 893 5458 adversi-
947 5402 1048 5453 turum
1056 5395 1092 5451 sit
1106 5396 1136 5449 in
1144 5388 1315 5449 novissimis
1322 5382 1508 5459 temporibus
1522 5380 1601 5439 etde
1615 5379 1771 5439 suoobitu.

64 5491 176 5548 tatibus
191 5492 323 5562 fatigata,
337 5496 370 5547 ut
382 5495 551 5546 constanter
561 5489 675 5546 laboret
689 5489 719 5545 in
737 5489 785 5546 Dei
798 5487 893 5559 gratia
948 5489 981 5542 at
995 5490 1039 5541 est
1061 5481 1184 5538 intentio
1201 5475 1332 5552 Apostoli
1346 5475 1378 5532 in
1401 5474 1458 5530 hae
1475 5472 1601 5546 epistola
1622 5468 1773 5530 exhortari

65 5580 122 5638 sibi
137 5580 259 5650 credita,
275 5581 436 5638 exhortans
457 5595 526 5636 eum
542 5578 581 5636 ad
598 5578 777 5650 martyrium
791 5576 892 5634 multis
946 5573 1132 5632 Timotheum
1145 5568 1184 5626 ad
1199 5567 1246 5624 sui
1255 5564 1344 5624 oflicii
1358 5563 1530 5636 diligentem
1539 5562 1770 5628 exseentIonem,
