3824 6052
10 35 285 48 ⁷—

39 164 94 216 713
111 192 117 205 .
463 152 670 210 ittittttiotthtt
689 151 720 204 lh'
740 118 852 200 vur'h'S
872 80 1146 204 'sssssfbisspt‘pgpp
1166 179 1198 187 -
1217 150 1279 205 tttt.
1300 149 1344 203 Vll
1702 156 1755 209 m

38 281 69 337 in
85 280 344 353 contemplationis
359 277 538 335 sublimitate
567 273 765 349 suspenditur,
781 252 868 343 quid·
887 242 1162 328 metuerimus.
1173 274 1265 346 Super
1277 289 1367 346 quam
1377 273 1523 347 propheta
1534 274 1755 348 palliumsuum

38 372 116 444 quid
130 371 257 444 perfecte
277 368 449 441 conspicere
475 366 616 440 praevalet
642 367 718 419 lleus
741 358 869 418 nonest.
925 345 1014 413 misit
1028 376 1096 417 etim
1110 362 1252 418 Dominus
1266 361 1413 435 populum
1423 362 1482 419 fido
1493 363 1639 422 catholica
1647 365 1754 425 induit,

40 466 117 519 Cum
127 477 198 516 vero
211 459 317 515 subtile
331 458 443 529 ahquid
466 454 617 527 conspicit.
644 453 768 521 hocest,
789 446 872 525 quod
927 444 1014 506 Unde
1027 451 1195 524 Apostolus.
1224 453 1398 524 (laeteturque
1416 453 1447 507 in
1476 452 1596 510 Christo
1612 453 1758 526 baptizoti·

38 550 80 606 de
91 545 383 621 incomprehensibili
405 543 573 600 etei-rutulis
587 540 754 598 substantia
779 539 871 597 audit.
928 541 1008 613 estis,
1025 541 1178 597 Christum
1193 542 1332 597 induistis
1341 541 1453 613 (Galat.
1464 546 1516 610 ru).
1533 542 1756 602 Relictisbobus

40 638 134 706 Quasi
149 637 229 694 enim
245 635 365 692 sibilum
380 633 476 689 tenuis
491 648 572 687 auru
598 629 790 703 percipimus,
803 644 874 685 eum
929 630 1058 686 cucurrit
1072 635 1140 703 post
1155 629 1257 697 Elium,
1273 630 1344 703 quia
1358 629 1563 703 Redemptoris
1574 648 1648 690 roes
1674 633 1758 691 audi-

38 744 182 801 saporcm
205 722 468 795 incircumscripta
481 719 610 776 ueritatis
625 718 874 791 contemplatione
928 724 959 776 ta
976 739 982 775 :
1003 722 1070 776 Nisi
1085 721 1149 791 puis
1164 721 1382 776 renuntiaverit
1397 722 1532 777 erunibus
1542 737 1607 792 que
1612 724 1755 797 possidet,

39 816 153 883 subita,
166 813 311 871 subtiliter
325 813 530 881 degustamus
542 812 622 865 Tune
633 822 704 876 ergo
718 823 824 862 rerum
832 809 875 862 est
929 825 990 864 raon
1001 815 1097 879 potest
1119 811 1183 878 ejus
1206 824 1266 863 esse
1283 808 1449 877 (lucipetas
1468 810 1549 881 (Luc.
1561 812 1627 884 ris).
1653 813 1757 870 Statim

37 905 128 978 quod
142 904 179 959 de
194 907 254 960 lleo
265 900 485 970 cognoscimus,
502 914 571 953 eum
586 897 673 969 plene
692 912 748 951 nos
762 894 875 967 aliquid
930 898 1056 954 cessarit
1067 897 1188 954 terrenis
1211 896 1302 953 lucris
1316 897 1440 965 inhiare,
1457 903 1485 954 et
1499 899 1693 957 sacularibus
1707 900 1758 957 de·

36 993 83 1051 de
97 992 148 1049 illo
162 1007 343 1062 cognoscere
358 1005 419 1046 non
430 1004 518 1060 posse
534 986 687 1042 sentimus
704 985 785 1041 Unde
798 984 875 1039 benc
930 986 1044 1042 sideriis
1054 985 1213 1054 deservire,
1229 989 1257 1042 et
1272 985 1313 1041 sie
1326 984 1390 1041 aliis
1405 986 1532 1043 vorhtun
1557 986 1624 1044 vitre
1651 989 1759 1062 praedi·

38 1081 272 1142 illie'subditur:
290 1079 374 1149 (tried
390 1093 455 1135 rectu
481 1077 612 1145 credisset
633 1075 730 1145 Elius,
759 1073 875 1143 operuit
930 1075 1015 1132 cavit.
1031 1078 1145 1131 Hocest
1166 1074 1247 1131 enim
1272 1074 1401 1131 oseulari
1429 1080 1545 1148 patrem
1560 1080 1589 1133 et
1610 1081 1756 1137 matrem:

39 1175 162 1231 vultum
176 1188 262 1228 sutem
274 1165 666 1240 pultio‚etinpressumtetit
681 1165 712 1219 in
727 1163 800 1218 ostio
815 1175 876 1245 spe-⁴
930 1180 1128 1237 quoscunque
1146 1166 1244 1236 potest
1268 1163 1306 1219 de
1333 1163 1451 1231 ludaris,
1469 1163 1530 1220 sire
1554 1164 1592 1222 de
1620 1166 1758 1237 gentibus

41 1265 155 1321 traicere.
170 1265 238 1318 Post
268 1276 348 1317 auree
375 1258 473 1315 tenuis
500 1256 620 1312 sibilum
647 1253 763 1310 uultum
788 1267 876 1308 suum

39 1353 194 1427 propheta
205 1348 295 1423 pullio
310 1347 436 1421 operuit,
452 1345 524 1419 quia
550 1344 580 1400 in
593 1344 660 1417 ipsa
685 1339 878 1398 subtilissima

40 1437 298 1511 contemplatione
313 1435 443 1492 veritatis
463 1437 576 1507 quanta
591 1427 759 1501 ignorantia
785 1428 877 1483 homo

42 1531 165 1597 tegatur
178 1528 323 1597 agnoseit.
336 1524 431 1580 Vultui
447 1537 579 1595 namque
593 1519 719 1593 pallium
735 1515 878 1589 superdu-

41 1632 125 1685 cere,
139 1621 192 1684 est,
205 1631 243 1672 ne
253 1614 358 1673 altiora
368 1628 454 1669 mens
468 1626 600 1684 quaerere
616 1608 734 1673 audeat,
749 1607 827 1663 hanc
843 1620 879 1660 er
898 1627 918 1681 Β
934 1676 936 1680 ³

43 1703 286 1761 consideratione
301 1699 429 1774 propriae
456 1695 634 1754 infirmitatis
649 1694 758 1763 velare,
774 1696 806 1750 ut
830 1708 880 1748 ne-

44 1809 206 1865 quaquam
220 1789 418 1860 intelligentiae
429 1787 532 1843 oeulos
548 1785 624 1841 ultra
639 1802 670 1841 se
694 1781 880 1856 praecipitan-

46 1888 94 1939 ter
109 1882 231 1956 aperiat,
248 1880 300 1937 sed
315 1879 355 1936 ad
376 1879 443 1945 hoe,
460 1876 542 1950 quod
570 1871 794 1948 apprehendere
819 1886 880 1925 uon

44 1972 136 2039 valet,
152 1972 320 2027 reverenter
334 1965 462 2023 claudat.
480 1964 534 2028 Qui
561 1964 625 2018 herc
641 1977 743 2031 agens,
771 1958 802 2014 in
817 1975 882 2029 spe-

46 2061 146 2117 lunere
161 2059 236 2116 ostio
251 2058 364 2115 stetisse
379 2054 566 2114 describitm·.
584 2050 661 2118 Quid
675 2063 881 2122 uarnquespe-

47 2150 141 2207 lunca
154 2153 257 2205 nostra
270 2152 322 2217 est,
339 2146 396 2203 nisi
409 2147 474 2202 haec
484 2147 592 2200 nostra
621 2137 819 2212 corruptionis
829 2137 882 2192 ha·

49 2239 180 2296 bitatio?
196 2238 253 2295 Sed
264 2253 335 2293 cum
348 2234 461 2308 aliquid
488 2230 639 2306 percipere
651 2229 688 2285 de
715 2224 882 2297 cognitione

49 2327 213 2386 divinitatis
227 2325 396 2398 incipimus,
408 2321 494 2397 quasi
504 2323 569 2393 jam
581 2319 611 2375 in
623 2317 772 2392 speluncae
780 2318 882 2371 nostro
975 2362 981 2372 ,

50 2417 128 2476 ostio
155 2421 279 2474 stamus.
308 2413 382 2481 Quia
402 2411 482 2468 enim
497 2407 636 2482 progredi
664 2405 792 2479 perlecto
821 2417 882 2458 non

50 2521 226 2580 possumus,
241 2504 281 2560 ad
294 2500 495 2573 cognitionem
513 2502 612 2554 tamen
627 2493 754 2552 veritatis
768 2490 883 2547 inhian-

51 2602 106 2664 tes,
120 2595 185 2667 jam
212 2592 325 2666 abquid
340 2590 377 2647 de
397 2588 541 2645 libertatis
556 2602 630 2642 aura
654 2587 821 2657 captamus.
851 2583 882 2634 ln
983 2628 988 2640 ,

50 2686 191 2755 ingressu
206 2697 278 2754 ergo
294 2680 442 2754 speluncee
457 2683 544 2745 stare,
560 2679 605 2732 est
617 2688 753 2747 represso
774 2674 883 2726 nostrre

50 2770 252 2846 corruptionis
265 2769 430 2836 obstaculo,
447 2767 485 2824 ad
493 2763 693 2836 cognitionem
703 2757 832 2817 ueritatis
840 2757 883 2814 in·

49 2863 152 2938 cipere
166 2862 254 2919 exire.

181 2973 247 3026 Csr.
269 2969 334 3024 xvt.
355 2967 399 3021 De
413 2962 547 3020 custodio
568 2959 758 3017 lrirrrititotia.

90 3060 176 3115 Dicit
191 3059 275 3114 Elias
290 3056 331 3113 ud
354 3054 515 3110 Dominam
530 3066 541 3108 :
558 3050 681 3106 Altaria
706 3052 758 3103 tuo
770 3046 885 3102 destru-

50 3151 181 3217 xerunt,
197 3149 224 3202 et
236 3142 399 3214 prophetas
411 3146 475 3196 tum
486 3138 659 3195 occiderunt
667 3133 790 3206 plodio,·
799 3136 827 3189 et
839 3131 886 3187 de·

51 3236 182 3293 relictus
195 3246 259 3288 sum
271 3246 323 3302 ego
336 3231 417 3286 sotus
432 3229 461 3296 (I
470 3228 541 3297 Ilep.
559 3228 628 3292 xrs).
651 3225 743 3279 Tanto
758 3218 886 3293 prophe·

52 3331 94 3384 tce
110 3323 184 3398 quid
199 3320 318 3379 diffiede
329 3320 383 3376 luit
397 3333 569 3390 agnoscere,
585 3314 615 3370 in
631 3314 687 3370 hoe
715 3310 830 3367 mundo
844 3309 887 3364 la·

53 3413 158 3473 mulos
168 3411 346 3469 remansisse
360 3408 444 3465 Deo?
461 3406 517 3464 Sed
528 3405 580 3479 qui
594 3401 715 3460 humilis
736 3399 826 3457 etiam
839 3414 887 3454 oe·

54 3503 139 3561 culta
150 3501 199 3559 Ilei
214 3503 348 3568 noverat,
365 3497 459 3555 elatus
488 3495 577 3552 ctiam
597 3496 699 3566 aperta
724 3487 886 3547 nesciebat.

56 3591 143 3649 Unde
158 3594 271 3648 certum
284 3592 328 3645 est
341 3585 424 3660 quod
437 3582 612 3641 humilitatis
627 3597 657 3636 se
686 3577 770 3636 radio
783 3575 889 3633 illumi-

56 3685 122 3751 nat,
131 3679 183 3754 qui
191 3677 407 3736 aliorumbona
417 3672 581 3730 sublimiter
591 3673 713 3745 pensat,
725 3666 805 3743 quia,
815 3665 889 3721 dum

58 3789 97 3830 ea
111 3787 178 3844 quae
188 3769 253 3843 ipse
268 3765 336 3824 lecit
363 3764 440 3821 lacta
456 3761 526 3820 loris
550 3765 579 3818 et
593 3760 632 3817 ab
646 3758 710 3816 aliis
734 3753 887 3828 conspicit,

58 3858 204 3932 eum,qui
217 3858 254 3915 de
270 3854 473 3927 singularitate
487 3851 566 3908 intus
595 3864 752 3922 erumpere
777 3844 888 3912 nititur,

60 3945 368 4022 superbiatumorem
377 3940 495 4017 premit.
508 3940 580 3996 ltine
593 3936 727 4012 estquod
740 3950 813 3992 uoce
829 3931 890 3999 Dei,

60 4036 103 4095 ad
118 4034 211 4092 Ellam
226 4032 323 4091 solum
339 4048 370 4089 se
385 4028 603 4088 existimantem
630 4024 737 4082 dieitur
752 4042 759 4080 :
774 4020 895 4093 Reliqui

60 4125 257 4195 nrihiseptem
271 4120 526 4189 miltioeiroram,
553 4130 680 4188 quorum
708 4126 806 4183 genua
834 4124 893 4165 noo

60 4219 135 4272 sicut
148 4215 308 4270 incuruata
322 4215 392 4267 uate
403 4206 493 4278 Baat,
509 4208 541 4261 ut
552 4220 582 4258 se
595 4219 657 4259 non
667 4201 764 4257 solum
777 4212 895 4256 reman-

62 4302 138 4360 sisse
154 4302 356 4373 eognosceret,
386 4301 414 4353 et
441 4293 576 4351 elationis
605 4290 740 4362 gloriam,
764 4305 831 4362 quae
858 4286 895 4342 de

63 4390 269 4464 singularitate
282 4386 433 4459 surgebat,
449 4383 611 4442 abdicaret.

120 4483 188 4538 Car.
208 4480 286 4537 tull.
301 4478 346 4534 De
358 4492 390 4534 eo
405 4474 484 4548 quod
496 4473 583 4530 Elias
599 4471 687 4527 unxit
702 4470 843 4526 Etiseum.

100 4571 263 4642 Profectus
273 4567 516 4638 Eliasdemorrte,
530 4562 643 4634 reperit
656 4560 790 4617 Eliseum
801 4557 899 4628 filium

63 4661 184 4733 Saphot
196 4666 333 4718 orantem
348 4659 380 4713 in
392 4655 545 4712 duodecim
556 4653 641 4724 jugis
653 4650 749 4721 torcia,
758 4654 786 4706 et
794 4650 855 4718 ipse
869 4647 899 4702 in

64 4744 482 4822 duodecimjugtsarnpttbas
491 4758 570 4799 unus
579 4746 654 4799 erat.
665 4740 797 4810 capique
806 4736 901 4794 venis-

64 4847 110 4900 set
126 4841 212 4898 Elios
223 4839 264 4896 ud
277 4854 355 4910 ecem,
366 4837 445 4893 misit
452 4833 585 4905 potitam
599 4846 686 4887 suurn
713 4843 804 4898 saper
823 4842 900 4883 curu

68 4923 672 5001 Quietotimrelr'ctisholuscucurrr'tpost
682 4920 794 4986 Elium,
810 4921 837 4973 et
847 4917 903 4973 att:

69 5021 206 5093 osculer,
217 5034 269 5078 oro
284 5023 321 5087 te,
330 5021 450 5088 patrem
461 5028 569 5079 recum,
583 5016 611 5068 et
622 5015 748 5067 matrem
758 5022 864 5074 meum,
876 5009 904 5062 et

67 5113 113 5169 sic
128 5125 238 5182 aequor
252 5114 280 5166 te
294 5108 354 5180 (111
360 5107 431 5176 Itep.
443 5103 513 5174 rm).
529 5100 606 5156 Elias
627 5098 777 5173 proiectus
795 5092 905 5167 reperit

71 5199 204 5257 Eliseum
216 5197 313 5254 filium
333 5194 446 5268 saphat
455 5194 591 5255 arantem
606 5187 637 5245 in
651 5184 812 5243 duodecim
823 5181 905 5255 iugis

69 5290 178 5359 boum,
195 5304 265 5346 cum
279 5285 459 5357 Redemptor
468 5284 568 5337 noster
578 5276 764 5335 descendens
771 5274 808 5331 de
819 5272 904 5347 coelo,

71 5375 299 5451 divinojudieio
313 5370 471 5448 acquisivit
492 5367 641 5441 populum
660 5365 759 5423 adhue
784 5361 907 5420 terrenis

73 5467 192 5527 actibus
206 5465 381 5532 inhiantem,
397 5461 427 5517 in
443 5476 504 5533 quo
520 5457 645 5512 salutem
659 5454 735 5521 lecit,
752 5470 823 5509 eum
838 5469 906 5508 eum

73 5558 115 5617 ad
128 5557 223 5614 fidem
235 5553 389 5613 convertit.
404 5550 481 5607 Elias
493 5547 574 5604 enim
589 5546 797 5618 interpretatur
811 5544 909 5600 Domi·

73 5665 133 5708 nus
147 5649 240 5720 Deus;
251 5645 372 5718 saphat,
375 5639 546 5714 judicaretis
557 5635 604 5694 rel
611 5632 908 5703 indicantiallliseus,

273 5737 396 5791 Parnoi.
409 5729 527 5789 Ctllllv.

931 1270 1068 1311 sermone
1081 1253 1154 1311 rclle
1173 1252 1330 1323 corrigere.

968 1363 1034 1417 Cir.
1055 1359 1144 1416 Xthl.
1156 1362 1200 1416 De
1208 1375 1315 1430 paguo
1330 1358 1474 1417 Beaoctab
1496 1366 1601 1419 contro
1615 1361 1722 1421 irruet.

967 1467 1123 1535 Berrodnct,
1135 1482 1190 1523 ree
1202 1466 1312 1537 Spirae,
1335 1468 1527 1538 congregarit
1542 1483 1657 1526 esuriem
1678 1485 1761 1528 eaer-

933 1558 1023 1614 citum
1038 1574 1135 1624 sarram,
1152 1563 1179 1614 et
1195 1559 1320 1628 triginta
1335 1557 1408 1614 diros
1423 1573 1505 1629 repes
1532 1574 1640 1630 seeum,
1657 1565 1684 1617 ct
1695 1576 1761 1617 cur·

934 1664 996 1715 rus,
1009 1654 1036 1703 et
1048 1664 1135 1720 equos
1150 1663 1161 1705 .·
1176 1653 1203 1704 et
1226 1647 1387 1704 recorderis
1408 1648 1565 1719 preparabat
1591 1655 1697 1707 contro
1707 1651 1762 1708 Su-

934 1739 1072 1805 mariam,
1089 1743 1116 1794 et
1133 1737 1245 1793 obsedit
1269 1753 1343 1794 eoru
1369 1738 1410 1792 Et
1425 1753 1490 1794 eece
1512 1739 1660 1809 prophete
1683 1756 1762 1798 unae

935 1824 1021 1880 di'aid
1034 1825 1075 1880 ud
1093 1825 1220 1881 Achab:
1240 1825 1466 1881 Muttitudiuern
1493 1826 1572 1884 horre
1596 1829 1716 1886 trudam
1730 1830 1763 1886 ia

935 1929 1055 1969 tuuruuu
1073 1920 1165 1970 lauru.
1180 1915 1273 1971 Etutt
1287 1913 1483 1970 Aeliabsl'er
1496 1921 1606 1987 quem?
1628 1917 1764 1990 desitque

936 2005 970 2060 ei.
985 2005 1045 2060 Per
1070 2004 1257 2076 pedissequos
1272 2005 1448 2075 principum
1466 2006 1769 2074 provinciarium!

935 2097 1006 2166 Itep.
1023 2095 1083 2168 xx).
1100 2095 1240 2152 Bcnadab
1256 2095 1404 2167 signifieat
1417 2094 1584 2165 diabolum,
1605 2096 1658 2170 qui
1672 2096 1766 2154 direr-

937 2201 986 2240 sos
1005 2184 1149 2241 exercitus
1165 2183 1366 2255 malignorum
1391 2185 1560 2257 spirituum,
1577 2185 1616 2242 ad
1644 2185 1765 2243 subver-

936 2273 1062 2330 tendum
1080 2273 1228 2346 populum
1244 2273 1294 2329 llei
1319 2273 1475 2342 contrahit,
1500 2274 1553 2331 sed
1580 2291 1634 2347 per
1656 2291 1766 2347 pueros

936 2362 1108 2437 prmeipum
1123 2362 1211 2418 lsrael
1224 2361 1360 2431 uincitur,
1376 2362 1407 2419 id
1421 2367 1474 2431 est,
1491 2362 1650 2436 perbonos
1664 2362 1766 2421 docto·

937 2468 1004 2507 rum
1020 2451 1179 2528 auditores,
1195 2451 1266 2524 quia
1285 2450 1314 2507 id
1330 2451 1413 2525 quod
1428 2467 1500 2508 aure
1524 2451 1659 2520 audiunt,
1681 2451 1767 2509 laetis

938 2539 1098 2613 complent.
1114 2538 1261 2612 Antiquus
1284 2539 1377 2595 hostis
1391 2539 1420 2596 in
1436 2540 1540 2610 lugam
1566 2540 1765 2598 convertitur:

938 2646 1020 2702 quia,
1037 2629 1090 2702 qui
1104 2627 1257 2702 utriusque
1273 2629 1452 2686 Testamenti
1471 2628 1625 2686 seientiam
1639 2629 1768 2704 perfecte

939 2722 1048 2787 tenent,
1064 2715 1247 2775 etlrinitatis
1261 2716 1352 2779 fidem
1381 2734 1451 2775 eum
1480 2718 1601 2790 gemina
1626 2718 1768 2776 charitate

939 2812 1126 2893 conservant,
1140 2807 1171 2863 hi
1185 2806 1247 2880 apti
1263 2806 1374 2863 militiae
1389 2807 1490 2865 sumni
1503 2807 1581 2879 rega's
1609 2822 1674 2864 esse
1689 2823 1771 2865 eom-

939 2899 1119 2974 prohantur;
1133 2898 1208 2969 fugit
1222 2897 1363 2955 Benadah
1391 2915 1443 2955 rex
1461 2898 1552 2972 Spriee
1581 2915 1651 2955 eum
1666 2897 1770 2972 equiti·

904 2990 925 3044 C
940 2989 1007 3046 bus.
1023 2987 1173 3056 benadab,
1189 2988 1220 3044 id
1230 2992 1274 3045 est
1287 2987 1436 3060 diabolus,
1448 2987 1587 3061 princeps
1596 2987 1771 3061 iniquorum

941 3076 1161 3152 quorumoeuli
1180 3075 1323 3133 sublimes
1343 3082 1432 3133 sunt:
1457 3077 1487 3133 in
1515 3093 1593 3150 equo
1621 3075 1769 3148 superbire

942 3184 1003 3224 sure
1016 3166 1181 3234 confidens,
1189 3182 1258 3222 cum
1268 3164 1418 3238 equitibus
1428 3165 1615 3222 seiliceteum
1629 3163 1771 3221 omnibus

942 3256 1089 3329 superbis,
1106 3258 1177 3327 quia
1200 3256 1263 3326 ipse
1276 3260 1319 3310 est
1331 3269 1386 3311 rea:
1399 3270 1490 3324 super
1510 3269 1608 3311 omnes
1631 3253 1711 3323 tilios
1724 3267 1773 3308 eu·

941 3346 1051 3418 perdia
1066 3344 1142 3414 (dol.
1156 3347 1224 3412 ru),
1241 3342 1280 3400 ab
1295 3343 1423 3400 exercitu
1438 3343 1544 3401 Christi
1556 3346 1723 3417 superahrs,
1740 3340 1773 3398 in

943 3435 1046 3506 lugam
1073 3433 1205 3501 vertitur,
1230 3437 1258 3489 et
1284 3449 1336 3488 rex
1364 3432 1452 3489 lsrael
1476 3433 1603 3506 percutit
1624 3448 1719 3506 equos
1745 3434 1775 3488 et

943 3523 1067 3597 equites,
1096 3522 1168 3596 quia
1192 3525 1252 3587 Rex
1287 3538 1393 3592 regum
1420 3521 1569 3596 nequitias
1606 3519 1774 3595 spirituales

944 3612 1052 3683 obruit,
1068 3611 1195 3681 ltumani
1211 3610 1327 3681 generis
1342 3615 1465 3683 peccata
1479 3610 1618 3668 delendo.
1793 3600 1801 3621 ⁸

981 3707 1047 3760 Cur.
1064 3704 1128 3758 h'lli.
1145 3702 1232 3757 Deeo
1247 3700 1327 3772 quod
1350 3701 1461 3757 dictura
1484 3706 1526 3757 est
1549 3700 1672 3758 aseroth
1697 3699 1775 3770 regis

1015 3792 1131 3863 suita:
1144 3813 1157 3841 «
1168 3791 1221 3847 Dii
1231 3792 1385 3860 ruentium,
1401 3796 1470 3847 sicat
1485 3789 1670 3847 diilsrnem

981 3883 1068 3940 Servi
1077 3883 1155 3953 repis
1168 3881 1266 3951 Syma
1278 3880 1422 3938 deicerent
1434 3881 1462 3937 ei
1472 3898 1479 3937 ε
1495 3880 1546 3936 Dii
1554 3880 1698 3949 pontium
1708 3868 1779 3936 suot

947 3973 992 4029 dii
1008 3971 1106 4029 lsrael
1115 3984 1127 4043 ,·
1139 3970 1203 4027 ideo
1213 3975 1433 4039 superaverant
1456 3985 1519 4026 nos.
1541 3968 1603 4026 Sed
1615 3966 1721 4026 melius
1736 3970 1780 4025 est

948 4069 1157 4132 utpuprreraus
1172 4060 1339 4116 contraeas
1349 4060 1380 4115 in
1392 4058 1616 4128 campestribus,
1632 4062 1661 4115 et
1670 4057 1781 4114 obtine-

951 4151 1046 4208 bimus
1063 4166 1110 4207 eos
1126 4150 1185 4217 (ΙΙΙ
1203 4150 1275 4217 dep.
1291 4152 1353 4216 rr).
1371 4146 1522 4215 Diabolus,
1547 4146 1615 4203 lieet
1638 4144 1781 4204 asanetis

952 4239 1062 4312 saepius
1076 4239 1220 4304 sineatur,
1236 4240 1337 4294 tamen
1350 4235 1457 4292 iterum
1472 4234 1618 4291 instaurat
1644 4233 1783 4307 proelium

915 4348 937 4402 p
953 4334 1057 4387 eontra
1071 4343 1132 4396 eos,
1144 4330 1172 4383 ct
1185 4325 1260 4381 dum
1275 4340 1336 4381 uno
1351 4324 1444 4381 modo
1464 4322 1602 4391 vincitur,
1617 4321 1676 4379 alio
1690 4321 1783 4378 modo

955 4418 1055 4476 statim
1068 4417 1185 4473 sineere
1198 4418 1332 4472 conatur.
1348 4412 1489 4470 Diabolus
1503 4426 1636 4485 namque
1660 4414 1688 4467 et
1699 4409 1784 4467 mali-

955 4508 1007 4581 gni
1018 4507 1148 4581 spiritus,
1165 4504 1232 4561 siin
1245 4499 1665 4578 spiritualibusvincuntur,in
1680 4514 1786 4574 corpo·

955 4593 1068 4650 ratibus
1079 4591 1192 4647 hellmn
1217 4591 1334 4662 parant,
1363 4591 1531 4660 satagentes
1558 4591 1591 4643 ut
1612 4585 1730 4643 animas
1748 4584 1786 4642 de

956 4681 1093 4756 supernis
1104 4680 1142 4737 ad
1153 4680 1214 4736 ime
1233 4677 1428 4752 praecipitent,
1443 4693 1505 4751 quo
1520 4675 1635 4734 laeilius
1653 4675 1786 4734 vineant.

958 4772 987 4830 Si
1001 4769 1128 4828 viderint
1142 4767 1272 4826 eoelestia
1284 4765 1463 4836 desiderare,
1482 4771 1600 4825 terrena
1623 4765 1663 4823 ad
1685 4780 1789 4823 aman-

957 4863 1032 4919 dum
1046 4858 1185 4930 ingerunt
1200 4875 1207 4929 ;
1219 4856 1244 4913 si
1256 4856 1451 4932 prosperitate
1466 4871 1609 4914 concessa
1623 4853 1725 4927 gratiae
1737 4851 1789 4912 llei

959 4954 1095 5024 agantur,
1108 4948 1228 5006 student
1241 4951 1274 5004 ut
1300 4963 1354 5020 per
1367 4947 1495 5005 adversa
1517 4946 1703 5018 frangantur.
1721 4942 1788 5013 Sed,

959 5041 1035 5098 sieut
1046 5038 1121 5113 Syri,
1134 5037 1175 5095 ita
1187 5036 1351 5107 daemones,
1363 5036 1416 5095 ubi
1429 5051 1571 5110 superare
1586 5033 1790 5098 confidebant,

959 5131 999 5189 ihi
1015 5128 1155 5204 prostrati
1169 5131 1247 5184 sunt.

1086 5259 1153 5314 Cur.
1168 5258 1220 5312 h'h'
1235 5256 1279 5311 De
1291 5254 1401 5319 Etieeo,
1428 5256 1457 5307 et
1466 5249 1565 5320 pallio
1579 5247 1665 5305 Elia.

996 5365 1086 5422 Stetit
1099 5363 1217 5418 Eliseus
1228 5375 1319 5429 super
1332 5358 1429 5426 rapum
1442 5355 1576 5424 fluminis
1596 5351 1750 5420 dordonis,
1765 5354 1793 5408 et

960 5456 1058 5524 pallio
1070 5454 1158 5515 Etim,
1170 5449 1250 5521 quod
1261 5447 1406 5503 ceciderat
1416 5446 1603 5514 capesceret
1617 5457 1722 5515 aquae,
1731 5456 1796 5514 quar

964 5558 1023 5601 raon
1040 5541 1230 5599 saritdtvtsce.
1244 5536 1283 5593 Et
1295 5536 1372 5593 elicit
1384 5551 1396 5592 .·
1410 5535 1598 5593 Ubtestlleue
1607 5533 1693 5601 Elia,
1704 5533 1796 5592 etiam

965 5629 1391 5698 aare?Percussitpueuquus,
1410 5623 1799 5695 crateuasamttacotque

1567 5718 1601 5771 23
