3832 6044
99 116 148 170 155
256 111 409 171 HUGONIS
428 114 473 169 DE
494 115 522 172 S.
542 113 695 170 vicione
711 111 786 170 OPP.
806 111 896 169 PARS
914 114 935 169 1.
955 134 991 154 ⁴-
1009 110 1211 170 exedenda.
1231 138 1266 151 ·-
1285 113 1306 166 1.
1327 111 1361 166 ΙΝ
1382 109 1410 165 S.
1432 108 1657 166 scurranum.
1759 111 1809 164 rec

97 251 152 310 per
164 250 259 310 quam
275 251 409 309 queram
432 242 461 294 ct
474 238 542 295 ideo
562 252 616 310 per
635 235 812 310 sapientiam
833 238 964 311 quamlt
982 251 1066 293 mam
1080 234 1163 292 dedit
1176 237 1254 292 Deus
1277 233 1345 290 filiis
1368 233 1536 301 hominmn,
1554 237 1586 289 ut
1604 232 1811 289 distendantur

98 325 207 395 babeo,
232 341 390 400 qureram;
414 332 443 384 et
466 327 643 401 sapientiam
664 342 717 400 per
738 343 831 400 quam
848 343 928 400 quae·
983 326 1014 383 in
1027 342 1072 383 ca.
1090 328 1186 392 Quam
1200 323 1429 397 occupationem
1452 322 1642 379 dieis‘llianc
1655 321 1764 393 inquis,
1779 323 1812 375 ut

99 430 176 484 ram,
191 429 254 472 non
267 430 412 488 quaeram.
428 415 505 482 Quid
519 415 656 488 quares?
668 418 707 471 be
722 415 845 483 cunctis,
860 431 928 489 quae
983 418 1153 490 proponant
1166 415 1196 471 in
1212 414 1313 471 animo
1328 429 1383 471 suo
1397 416 1566 487 quaercreet
1580 410 1756 480 investigare
1765 426 1810 465 sa-

97 502 175 561 fiunt
197 502 255 560 sub
279 502 350 560 sole.
375 503 452 571 Quid
470 508 514 561 cst
531 503 569 560 de
586 503 726 562 eunctis?
750 506 846 571 Quare
866 521 929 562 non
983 505 1096 579 pienter
1111 503 1148 562 de
1161 503 1274 562 cunctis
1287 520 1356 577 qure
1370 502 1447 559 flunt
1461 502 1518 558 sub
1541 500 1612 557 sole.
1630 503 1727 567 Quare
1739 514 1810 568 ergo

98 592 198 651 dixisti
216 598 325 650 cuncta
345 610 413 667 quae
433 593 510 651 fiunt
531 593 588 651 sub
610 593 700 652 solet
722 594 806 663 Quia
822 594 928 667 inquit,
983 594 1108 651 tubane
1130 593 1359 666 occupationem
1379 591 1543 665 pessimam
1557 590 1632 646 dicis
1648 608 1655 645 ι
1673 592 1811 656 Quaerere

99 683 199 756 majus
211 683 335 758 aliquid,
351 689 380 741 at
397 684 493 742 multo
509 685 608 756 majus
626 684 780 760 proposui.
806 688 879 743 Nam
895 700 931 741 ea
983 681 1201 751 etinvestigare
1225 681 1373 754 sapienter
1396 680 1434 736 de
1457 679 1570 736 cunctis
1585 694 1653 751 quie
1668 676 1745 733 fiunt
1755 675 1811 731 sub

99 788 168 846 quae
181 771 259 831 fiunt
271 772 328 829 sub
352 773 413 829 sole
426 777 534 842 cuncta
546 773 675 830 visibilia
689 779 768 841 sunt,
784 773 891 830 etideo
906 773 931 829 si
984 770 1067 826 sole‘l
1090 770 1178 838 iolla,
1202 770 1252 838 ait,
1273 769 1430 842 sapienter.
1459 772 1522 825 Non
1551 767 1636 833 enim
1655 765 1811 838 occupatio

99 875 246 932 magnum
260 865 315 928 est,
331 876 485 917 summum
497 864 598 919 tamen
615 877 676 918 non
694 866 739 919 cst
754 877 888 935 quaercre
903 867 931 918 et
983 859 1123 933 pessima,
1148 863 1225 916 essct
1242 858 1400 933 sapienter,
1425 874 1558 931 quaerere
1583 862 1611 914 ct
1633 855 1811 924 investigare

99 948 277 1019 investigare
298 964 335 1005 ea
358 965 426 1022 quae
450 949 538 1006 oculo
559 950 772 1023 comprehendi
792 953 928 1023 possunt.
984 949 1021 1006 de
1036 948 1149 1006 cunctis
1172 965 1240 1021 quae
1262 948 1339 1006 fiunt
1358 946 1415 1004 sub
1430 946 1502 1004 sole.
1524 946 1582 1005 Sed
1596 945 1670 1019 quid
1684 945 1742 1000 hoc
1757 959 1811 1016 po-

98 1036 211 1094 ldcirco
223 1036 273 1094 illa
283 1052 345 1094 non
355 1054 500 1110 qureram,
516 1038 569 1094 sed
578 1039 615 1095 de
625 1037 682 1095 illis
692 1055 837 1112 quierem.
848 1039 931 1105 Quae·
983 1038 1063 1096 testi
1079 1040 1175 1110 Supra
1188 1037 1319 1094 hominis
1328 1053 1450 1094 sensum
1461 1040 1506 1093 cst
1518 1052 1624 1092 causas
1635 1033 1811 1102 investigare

99 1141 163 1182 rere
177 1128 207 1182 ct
227 1124 405 1196 investigare
420 1126 458 1183 dc
472 1127 585 1184 cunetis
609 1143 677 1200 quie
690 1126 767 1184 fiunt
786 1127 843 1182 sub
858 1127 928 1184 soie.
984 1127 1120 1184 omnium
1136 1131 1164 1184 et
1174 1126 1428 1202 comprehendere
1441 1125 1588 1183 rationem
1602 1123 1811 1180 universorum

102 1215 166 1271 Nou
180 1212 232 1271 illa
250 1230 318 1287 quie
342 1214 490 1285 videntur,
508 1216 561 1273 sed
580 1216 617 1272 de
640 1215 696 1272 illis
711 1231 779 1289 quie
792 1215 932 1272 videntur
984 1233 1053 1290 quae
1066 1215 1144 1273 fiunt
1158 1215 1214 1272 sub
1230 1216 1302 1272 sole.
1318 1218 1394 1286 Ergo
1408 1214 1536 1288 proponi
1550 1218 1657 1288 potest,
1673 1212 1736 1268 ticri
1751 1227 1812 1267 non

99 1301 150 1359 illa
168 1319 237 1376 qum
259 1319 321 1360 non
342 1304 490 1362 videntur.
515 1308 579 1362 Non
599 1304 659 1373 illa,
684 1321 753 1378 qum
780 1303 857 1362 tiunt
873 1308 930 1361 sub
984 1310 1081 1379 potest
1094 1321 1229 1378 qurerere
1246 1309 1275 1363 et
1292 1304 1468 1375 investigare
1484 1303 1633 1377 sapienter
1645 1302 1682 1359 de
1698 1299 1812 1357 cunctis

99 1389 171 1460 sole,
187 1407 254 1465 qure
279 1391 441 1462 videntur;
467 1393 519 1449 sed
539 1393 577 1450 de
599 1392 666 1462 iilis,
685 1409 754 1466 quae
773 1394 851 1450 fiunt
874 1393 931 1450 sub
984 1394 1144 1468 quatiunt
1162 1395 1219 1452 snb
1244 1394 1316 1452 sole.
1340 1393 1521 1453 Multaenim
1539 1393 1631 1449 latent
1645 1395 1673 1447 et
1687 1390 1813 1447 abscon·

100 1478 171 1549 sole,
187 1480 317 1538 rationes
331 1486 360 1538 et
373 1497 480 1539 causas
495 1498 692 1556 eorumquae
707 1499 768 1539 non
783 1483 929 1539 videntur.
984 1483 1095 1539 duntur
1108 1481 1237 1556 plurima
1248 1487 1389 1539 ctcuucta
1404 1485 1592 1538 reservantur
1604 1481 1811 1552 inposterum,

100 1572 167 1626 liae
183 1584 255 1641 ergo
267 1571 421 1644 proposui,
437 1588 580 1645 quaerere,
592 1571 804 1642 etinvestigare
815 1571 931 1646 sapien·
951 1588 1040 1645 guae
1054 1572 1144 1628 debet
1167 1572 1337 1643 investigari
1355 1572 1439 1645 quod
1461 1570 1526 1628 fieri
1555 1584 1617 1626 non
1644 1568 1719 1624 licet.
1738 1570 1812 1634 Ergo

98 1661 142 1714 ter
156 1659 332 1728 decunctis,
348 1676 416 1733 qufe
431 1660 803 1731 iiuntsubsoieldagnam
817 1658 930 1733 proiec-
983 1660 1067 1733 quod
1087 1674 1150 1717 non
1177 1663 1274 1732 potest
1295 1660 1444 1733 sapienter
1466 1659 1546 1725 fieri,
1568 1673 1630 1713 non
1652 1659 1748 1728 potest
1768 1671 1813 1708 sa-

98 1751 129 1804 to
144 1746 321 1822 sapientiam
343 1748 447 1807 habes.
464 1750 536 1816 Quis
550 1749 602 1806 tibi
617 1754 731 1807 tantam
752 1748 930 1823 sapientiam
984 1749 1098 1823 pianter
1112 1748 1251 1822 proponi,
1264 1748 1381 1806 etiamsi
1390 1747 1568 1821 proponitur
1578 1745 1725 1819 sapienter
1738 1743 1812 1799 tieri.

99 1834 204 1893 dedit?
219 1839 355 1894 llomoes
368 1842 408 1905 tu,
426 1841 578 1910 etquasres
592 1837 740 1911 sapienter
752 1837 790 1895 de
805 1836 928 1905 cunctis,
985 1841 1060 1908 Ergo
1084 1837 1173 1908 igitur
1195 1836 1366 1910 insipienter
1389 1837 1534 1909 proposui
1555 1835 1638 1909 quod
1667 1832 1816 1906 sapienter

101 1940 169 1997 quae
182 1924 258 1981 firmt
269 1925 326 1981 sub
341 1925 424 1981 soie?
440 1925 521 1981 Unde
530 1925 582 1981 tibi
592 1925 658 1982 talis
672 1925 928 1999 sapientia:beuS‚
983 1927 1078 1984 tacere
1093 1942 1155 1983 non
1174 1925 1268 1999 potui,
1284 1941 1417 1998 qurerere
1447 1929 1475 1981 et
1498 1923 1677 1993 investigare
1692 1922 1729 1977 dc
1745 1936 1815 1976 cun·

100 2012 209 2086 inquis,
219 2012 309 2068 dedit.
322 2013 481 2070 Videamus
495 2013 597 2070 modo.
613 2017 677 2071 Non
695 2014 775 2071 enim
786 2014 931 2071 indiscus-
984 2015 1037 2073 ctis
1046 2032 1116 2089 quae
1125 2014 1201 2072 fiunt
1215 2015 1272 2071 sub
1283 2013 1354 2071 sole.
1368 2013 1528 2088 Utrobique
1539 2012 1692 2086 insipieus,
1705 2016 1733 2067 et
1742 2010 1815 2066 dum

100 2116 152 2157 sus
162 2101 366 2174 pertransibis.
388 2101 532 2159 Volumus
551 2102 631 2160 enim
646 2102 815 2176 priusseire
830 2107 930 2160 utrum
984 2103 1128 2179 proposui
1140 2105 1224 2177 quod
1238 2119 1300 2160 non
1314 2104 1408 2177 potui,
1433 2108 1461 2160 et
1485 2103 1559 2158 dum
1583 2102 1640 2158 ieci
1661 2101 1815 2175 quodnon

100 2189 198 2263 possis
207 2189 245 2247 de
256 2191 412 2265 temetipso
421 2192 567 2250 rationem
577 2191 711 2260 reddere,
725 2193 856 2266 quicum
869 2196 931 2249 tan·
983 2193 1084 2261 debui,
1102 2193 1184 2250 tertia
1198 2193 1342 2265 adjuncta
1356 2191 1527 2265 insipientia
1538 2210 1544 2248 ι
1555 2191 1640 2264 quod
1655 2197 1815 2261 utrumque

102 2279 296 2353 topropcsito
310 2279 465 2349 advenisti,
483 2286 516 2338 ut
539 2286 626 2354 putes
641 2298 755 2347 eorum,
775 2280 932 2355 quatiunt
983 2282 1129 2353 ignoravi.
1147 2282 1272 2350 Quaesivi
1286 2285 1387 2339 tamen
1401 2286 1430 2338 et
1443 2280 1621 2351 investigavi
1635 2280 1718 2353 quod
1734 2295 1814 2352 quar-

102 2366 158 2424 sub
183 2367 255 2437 sole,
281 2369 417 2426 omnium
432 2370 578 2427 rationem
591 2370 780 2440 investigare.
795 2369 846 2428 Dic
860 2386 931 2441 crgo
984 2388 1048 2429 rerc
1074 2376 1103 2428 ct
1129 2371 1307 2441 investigare
1340 2371 1503 2443 proposui,
1533 2369 1676 2443 quaesivi,
1704 2374 1733 2425 et
1753 2384 1814 2423 non

101 2456 198 2527 inilia
217 2458 373 2532 sapientia,
395 2476 449 2533 per
470 2476 565 2534 quam
576 2459 723 2517 rationem
738 2461 874 2517 omnium
888 2461 932 2517 in·
984 2461 1083 2520 inveni
1102 2461 1184 2535 quod
1205 2460 1339 2534 quaesivi.
1356 2460 1475 2534 Aliquid
1497 2465 1599 2518 tamen
1623 2459 1743 2515 inveni:
1761 2458 1815 2513 sci-

101 2547 248 2619 vestigare
275 2549 429 2623 proponis,
459 2554 543 2607 tuam
571 2549 677 2607 saltem
704 2549 931 2622 possibilitatem
985 2552 1052 2609 licet
1065 2567 1125 2608 non
1139 2547 1816 2624 possemcquodcredidi,etibiagnoviquod

103 2635 203 2694 adbuc
226 2652 389 2707 agnoscere
413 2639 554 2711 potuisti:
571 2655 638 2708 ego,
666 2639 772 2712 iuquit,
795 2639 852 2695 nisi
867 2655 932 2713 spe·
985 2642 1064 2697 hanc
1078 2639 1308 2712 occupationem
1321 2638 1484 2712 pessimam
1494 2637 1576 2694 dedit
1589 2640 1665 2693 licus
1680 2635 1746 2691 filiis
1762 2635 1812 2690 iro·

103 2739 217 2781 rasscm
237 2726 404 2799 meipsam
428 2743 492 2784 rem
514 2743 602 2799 posse
624 2727 663 2783 ad
677 2727 816 2784 effectum
827 2728 933 2801 perdu·
985 2730 1103 2787 minum
1118 2729 1372 2786 utilistendantur
1398 2728 1428 2784 in
1456 2742 1501 2784 ea.
1527 2729 1603 2796 Ergo
1624 2724 1813 2797 insipientem

106 2827 182 2883 cere,
202 2813 287 2887 quod
309 2815 432 2872 omnino
457 2814 641 2889 impossibiie
671 2815 833 2885 crederem,
858 2821 887 2875 ct
909 2817 932 2872 si
986 2819 1076 2877 luisse
1104 2818 1223 2892 profui;
1255 2818 1307 2875 sed
1339 2821 1439 2874 tamen
1467 2815 1645 2889 insipientia,
1668 2813 1815 2886 sapientia

102 2899 199 2958 facere
226 2903 398 2973 cogitarem,
425 2920 620 2978 naquaquam
645 2908 745 2962 tamen
768 2922 817 2962 mc
839 2906 967 3002 iactu·C
986 2924 1048 2965 non
1061 2908 1125 2966 ruit.
1142 2911 1215 2965 Data
1229 2912 1385 2966 esttamen
1402 2905 1580 2979 insipientia,
1598 2903 1680 2961 ulad
1696 2903 1814 2975 sapien-

102 3006 170 3065 rum
183 3006 393 3065 proponerem.
411 2995 497 3051 Ocor
515 2994 659 3068 insipiens
674 2995 679 3050 l
697 2997 756 3051 lioc
779 2999 824 3051 cst
848 2995 931 3069 quod
986 2999 1057 3056 tiam
1072 2998 1189 3055 erudiat
1213 2997 1290 3054 tilios
1310 2996 1479 3053 homiuum.
1508 2993 1627 3050 Dimissi
1650 2997 1719 3048 aurit
1747 2992 1812 3058 sibi,

103 3077 180 3149 dmi
194 3080 266 3152 ‘luia
281 3097 342 3138 ¹¹⁰ss
356 3082 521 3153 ⁰03110Visfi
536 3087 574 3151 ῐθ,
588 3083 699 3149 idcirco
713 3083 931 3156 presumpsisti
985 3094 1018 3145 ut
1032 3091 1198 3159 agnoscant
1204 3104 1245 3155 sc,
1257 3090 1488 3156 etagnosccntes
1498 3084 1652 3151 damnent,
1662 3088 1690 3138 et
1699 3082 1815 3151 fugiant

103 3172 241 3242 appetere
263 3170 346 3244 quod
372 3175 436 3229 erat
458 3169 550 3246 supra
575 3176 612 3240 te,
640 3173 671 3229 in
695 3172 787 3230 altero
806 3189 929 3242 caecum,
985 3178 1068 3252 quod
1078 3177 1146 3235 tacti
1160 3181 1228 3234 sunt
1238 3193 1274 3232 cx
1285 3179 1417 3233 sallanc
1427 3191 1498 3246 ergo
1513 3173 1740 3247 occupationem
1749 3188 1814 3244 pes·

102 3256 133 3314 in
147 3257 239 3317 altaro
261 3260 421 3330 tumidum,
441 3262 473 3318 in
498 3265 624 3336 utroque
649 3263 780 3321 suillum.
803 3267 846 3320 Tu
859 3278 931 3334 ergo
986 3262 1813 3326 simamdcditllcusfiliishominumuidistcndauturiu

100 3346 293 3418 investigabis
316 3351 465 3424 sapienter
487 3351 525 3407 de
546 3351 670 3421 cunctis,
693 3369 762 3426 quie
782 3351 860 3409 fiunt
874 3352 931 3408 sub
985 3373 1030 3426 aa,
1047 3357 1122 3425 Quia
1137 3356 1218 3414 enirn
1230 3355 1458 3413 monsbominis
1477 3353 1571 3410 inille
1585 3369 1647 3409 uno
1662 3353 1742 3408 bono
1758 3358 1815 3407 sta·

103 3435 175 3494 sole.
191 3438 351 3509 investigat
363 3440 465 3508 modo,
481 3443 592 3511 satage,
608 3441 648 3498 da
664 3457 798 3515 operam.
814 3443 929 3509 Quare,
984 3464 1015 3504 re
1029 3446 1133 3515 noluit,
1148 3446 1179 3503 in
1193 3462 1254 3519 quo
1265 3444 1362 3519 potuit
1373 3444 1495 3501 feliciter
1508 3442 1703 3515 requiescere,
1713 3444 1741 3497 et
1751 3441 1814 3496 sine

102 3526 280 3585 etinvenics.
308 3529 385 3596 Quid
405 3529 559 3587 invenies?
584 3530 765 3603 Sapientiam
786 3531 928 3600 invenies,
984 3535 1174 3592 distractione
1196 3535 1243 3591 vel
1265 3533 1470 3606 occupatione,
1491 3548 1585 3587 sumre
1602 3530 1732 3587 veritatis
1753 3529 1815 3602 plc-

103 3617 413 3690 Quflmfflpieniiam‘?
438 3621 473 3675 Ui
495 3624 656 3690 eognoscat
670 3623 752 3676 tuam
766 3620 927 3678 stultitiam·
983 3625 1150 3683 nitudinem
1173 3623 1336 3697 possidere,
1359 3623 1492 3695 projecta
1516 3621 1597 3678 toras
1621 3625 1702 3677 extra
1721 3636 1815 3675 semc-

103 3706 222 3772 Quceres
237 3708 316 3764 enim
331 3711 360 3765 et
373 3724 434 3764 non
449 3707 582 3765 invenies
592 3708 675 3781 quod
690 3725 828 3781 qureres3
846 3709 929 3766 labo-
983 3713 1091 3786 tipsam
1102 3711 1133 3768 in
1154 3710 1402 3784 multiplicitatem
1422 3724 1524 3764 rerum
1545 3707 1706 3764 visibilimn
1732 3723 1814 3780 spar-

102 3793 183 3851 rabis
198 3800 227 3854 at
237 3812 299 3853 non
313 3795 460 3870 proficies,
483 3801 512 3853 et
533 3796 597 3854 sola
619 3797 737 3855 vexatio
753 3797 929 3855 dabitintei-
983 3801 1070 3872 gitur,
1086 3803 1114 3856 at
1127 3799 1281 3856 veritatem
1295 3814 1389 3871 quam
1403 3797 1483 3853 intus
1499 3802 1609 3853 caecata
1624 3795 1813 3853 aicntcbau-

101 3880 211 3941 lactum
225 3885 349 3943 audiun.
982 3891 1039 3946 rire
1053 3905 1115 3945 non
1129 3891 1234 3961 potest,
1252 3886 1342 3961 quasi
1355 3902 1407 3959 per
1422 3885 1534 3941 rivulos
1548 3884 1699 3958 quosdam
1713 3883 1814 3940 visibi-

137 3973 227 4031 Hccc
239 3977 317 4031 enim
333 3977 556 4046 occupationem
574 3978 734 4047 pessimam
755 3977 836 4035 dedit
849 3979 928 4035 Deua
981 3979 1055 4036 lium
1067 3974 1812 4049 arescentibuspraecordiissaltcmlugercconatur.

101 4061 174 4131 filiis
190 4061 343 4121 docuinam
359 4071 393 4121 ut
409 4065 642 4139 (distendantur)
663 4073 883 4136 occuparentur
896 4069 928 4124 ic
984 4068 1040 4125 Scd
1055 4084 1117 4140 quo
1138 4066 1235 4135 magis
1260 4083 1290 4121 se
1314 4066 1394 4122 toras
1416 4080 1470 4138 per
1490 4063 1684 4120 intentionem
1695 4063 1733 4118 ad
1748 4063 1814 4118 visi-

103 4165 148 4208 ec.
164 4153 251 4210 ilectc
266 4156 295 4211 et
307 4153 396 4224 juste,
412 4159 445 4213 ut
458 4156 531 4230 quic
553 4157 583 4214 in
602 4156 724 4214 veritate
737 4160 813 4214 stara
826 4156 928 4214 noluc-
981 4157 1052 4214 bilia
1066 4156 1164 4214 tundit
1183 4159 1265 4212 tanto
1285 4154 1383 4224 magis
1403 4153 1483 4211 intus
1506 4151 1545 4209 ab
1559 4151 1753 4208 invisibilium
1766 4168 1813 4207 co-

102 4243 172 4299 runt
198 4256 253 4315 per
278 4242 523 4318 multiplicitatem
548 4244 636 4303 divisi
668 4245 876 4303 distendantur
900 4250 928 4303 ct
984 4246 1114 4317 guidone
1141 4244 1335 4311 tenebrescit;
1349 4243 1421 4317 quia
1439 4242 1513 4298 dum
1526 4240 1656 4315 amplius
1671 4245 1813 4313 pereute-

103 4335 287 4405 ocoupcntur
310 4333 340 4390 iu
367 4335 507 4393 vanitate.
527 4338 701 4409 Propterea,
730 4335 835 4409 inquit,
868 4298 964 4393 vidiD
984 4334 1064 4392 riora
1091 4333 1249 4407 spargitur,
1278 4331 1376 4404 magis
1411 4330 1450 4388 ab
1486 4329 1674 4386 interioribus
1707 4346 1813 4387 aversa

103 4424 221 4490 cuncta,
238 4422 398 4495 quatiunt
421 4423 477 4482 sub
503 4423 574 4493 sole,
590 4429 619 4481 et
644 4440 712 4481 cccc
727 4423 867 4483 imiversa
880 4440 930 4492 va·
984 4428 1121 4481 cecatur.
1141 4423 1223 4480 Unde
1236 4422 1313 4480 hcnc
1328 4421 1399 4480 Cain
1413 4436 1482 4476 curn
1503 4419 1599 4476 scelus
1614 4435 1704 4476 suum
1718 4419 1813 4476 detec-

104 4508 182 4567 nitas
203 4514 232 4568 et
254 4511 374 4569 ciilictio
394 4513 524 4587 spiritus,
547 4516 606 4570 Deo
629 4513 749 4584 gratias.
772 4514 857 4570 blodo
871 4514 930 4588 pri·
985 4518 1048 4571 trun
1060 4517 1201 4580 cerneret,
1213 4511 1360 4583 etmajori
1374 4509 1483 4566 scelere
1498 4508 1654 4582 reprobus,
1672 4508 1709 4565 de
1725 4510 1813 4566 venia

102 4614 187 4655 mum
215 4615 319 4673 sapere
342 4603 466 4675 caepisti.
487 4603 573 4662 ldodo
595 4603 682 4661 video
707 4606 735 4660 tc
753 4603 931 4676 sapientiam
984 4604 1102 4661 sceleris
1121 4603 1301 4676 desperaret,
1324 4600 1431 4670 legitur
1449 4599 1559 4656 dixisse
1586 4599 1625 4655 ad
1638 4598 1810 4657 nominum.

101 4686 223 4756 habere,
243 4704 409 4763 perquam
430 4692 682 4766 possisquaercra
704 4692 930 4765 etinvestigare
983 4695 1060 4750 Ecce
1072 4694 1169 4764 ejicies
1189 4707 1236 4748 mc
1257 4690 1343 4747 lodic
1370 4689 1490 4758 csccte
1513 4693 1601 4745 terra
1617 4693 1626 4745 t
1641 4695 1668 4744 et
1692 4704 1711 4745 a
1731 4690 1813 4758 scete

105 4774 254 4848 sapienter
277 4777 314 4833 dc
342 4780 455 4837 cunctis
476 4794 545 4853 quae
559 4780 636 4838 fiunt
650 4781 707 4837 sub
720 4780 792 4838 scie.
810 4781 930 4855 Sapicn-
985 4789 1037 4839 tna
1057 4781 1291 4839 carracenses
1316 4794 1365 4836 cco
1389 4792 1483 4849 vagus
1504 4783 1531 4834 ct
1550 4778 1700 4847 profugas
1722 4793 1813 4847 super

103 4867 147 4920 ter
169 4863 249 4921 enim
268 4865 406 4923 invenisti
436 4873 464 4924 et
490 4868 638 4941 sapienter
658 4868 824 4926 intellexisti
847 4870 931 4943 quod
984 4878 1096 4927 taram
1111 4870 1193 4940 (Gen.
1220 4868 1266 4940 iv),
1291 4867 1431 4939 Reproba
1456 4866 1566 4922 etenim
1593 4866 1812 4936 menaejectaa

103 4952 243 5010 universa
266 4954 383 5012 vanitas
417 4960 446 5012 ct
473 4955 593 5013 afflictio
617 4956 746 5030 spiritus.
770 4957 863 5015 Velim
890 4962 931 5015 ta-
983 4958 1056 5016 iaeie
1078 4957 1196 5015 Domini
1216 4955 1418 5024 absconditur,
1442 4955 1516 5012 dum
1539 4971 1571 5011 se
1593 4970 1646 5027 per
1666 4956 1812 5014 exteriora

102 5058 174 5100 men
191 5044 265 5102 scire
289 5045 370 5102 unde
394 5046 450 5103 ista
475 5045 526 5104 tibi
553 5047 708 5120 plenitudo
735 5052 796 5104 tam
820 5047 928 5105 subite.
983 5064 1127 5122 spargens
1144 5052 1226 5106 tanto
1247 5047 1344 5117 magis
1361 5045 1400 5103 ab
1415 5045 1521 5103 interni
1545 5045 1666 5102 luminis
1688 5050 1811 5118 aspectu

103 5133 243 5204 nagnam
268 5134 425 5210 quoddam
452 5136 684 5211 expectavimus,
712 5141 741 5194 et
767 5136 840 5193 illud
862 5151 930 5210 pro·
983 5137 1217 5212 regiamquantc
1231 5136 1327 5208 magis
1340 5135 1370 5192 in
1383 5134 1578 5208 iisquoetoris
1593 5135 1811 5203 suntcogitan·

102 5223 357 5297 positumgrandc
372 5243 477 5284 omncs
499 5242 561 5284 non
577 5231 703 5284 attentos
717 5230 747 5284 et
757 5229 930 5299 exspectan·
983 5226 1029 5282 dis
1044 5242 1162 5300 semper
1178 5227 1325 5298 occupata
1346 5227 1470 5280 tenetur.
1488 5223 1569 5279 Unda
1580 5222 1658 5280 bene
1668 5223 1726 5280 illic
1741 5223 1811 5280 dici-

103 5314 147 5383 tcs
162 5313 228 5384 jam
247 5314 365 5373 iecerat.
391 5316 462 5384 Quis
477 5315 557 5375 euim
571 5316 609 5373 de
625 5319 706 5373 tanta
731 5314 929 5389 promissione
982 5320 1038 5384 tur,
1049 5315 1135 5386 tagus
1144 5313 1334 5388 etproiugus.
1347 5315 1445 5382 Vagus
1455 5311 1535 5369 enim
1545 5328 1599 5385 pcr
1607 5312 1809 5370 inordinatam

103 5399 247 5469 exiguum
261 5404 375 5476 aliquid
388 5405 467 5462 crire
478 5421 567 5478 posse
585 5404 726 5478 putaret?
741 5405 887 5471 Quaerere,
901 5406 930 5461 et
983 5403 1265 5477 concupiscentiam,
1275 5401 1458 5475 etproiugus
1469 5417 1522 5474 per
1533 5401 1728 5474 peccatricem
1739 5417 1809 5458 con-

102 5486 281 5560 investigara
303 5494 452 5567 sapienter
470 5494 507 5551 de
534 5495 649 5552 cunctis
676 5510 744 5568 quae
770 5492 847 5549 tium
872 5493 928 5549 sub
983 5493 1147 5562 scientiam,
1170 5492 1244 5548 dum
1265 5507 1295 5548 se
1315 5491 1346 5547 in
1368 5490 1608 5564 concupiscentia
1627 5507 1681 5564 per
1698 5491 1809 5562 cogita-

104 5578 176 5641 sate.
205 5581 240 5639 Et
253 5580 306 5660 qui
327 5587 453 5661 postea:
478 5587 561 5647 Hane
584 5583 813 5659 occupationem
836 5582 929 5658 pessi-
983 5583 1095 5645 tionem
1121 5579 1235 5652 dividit,
1261 5584 1291 5640 et
1305 5579 1337 5639 in
1356 5579 1538 5641 conscicntia
1560 5596 1614 5655 per
1627 5580 1808 5655 desperatio
