3824 6052
46 105 107 161 aas
465 110 673 168 aaascorua
690 112 724 167 m
743 108 853 167 varus
870 60 1145 169 resistimus.
1165 141 1197 151 -
1216 111 1279 167 ua
1298 108 1355 167 ur.
1717 112 1769 167 aa

48 229 197 287 eumdem
211 231 355 304 expositio
370 231 462 290 finem
477 234 579 292 tendit.
595 233 918 308 Dictumquippecsth
938 217 1078 292 effusore
1104 239 1248 311 quierunt,
1273 240 1302 293 et
1320 235 1351 292 in
1377 232 1489 291 deliciis
1514 231 1611 303 magis
1637 231 1769 291 defluere

50 318 92 374 de
106 319 261 392 sapientia,
286 321 369 392 quod
384 337 504 391 aarum,
524 328 553 380 et
575 324 736 380 multitudo
755 337 883 394 gemma-
938 321 1035 396 (quod
1047 326 1192 397 significat
1204 325 1317 397 hortus)
1331 340 1425 398 quam
1439 328 1523 380 scuto
1536 321 1608 380 fidei
1631 319 1768 379 hostibus

8 416 10 449 1
51 424 122 465 rum
135 411 285 467 nonealet
299 411 621 480 eicompararitProo.
636 414 684 482 ιιι).
700 417 795 486 suino
817 411 884 468 ideo
938 409 1093 473 obsistere.
1109 419 1198 473 l‘orro
1226 413 1356 472 chaldei
1381 411 1560 470 obsidebant
1584 411 1616 469 in
1643 409 1774 479 circuitu,

8 501 12 541 t
51 497 217 555 inclusores
232 499 351 568 horum,
366 516 427 556 noa
440 499 514 557 alios
527 501 625 575 aptius
640 518 733 575 quam
747 502 884 558 doctores
938 500 1095 560 ciiitalem.
1117 503 1258 578 l'ugitque
1275 501 1432 560 sedechias
1441 516 1496 574 per
1519 498 1610 568 mam,
1634 497 1768 574 qtraedu·

8 596 13 631 ¹
53 587 215 657 intelligere
231 588 375 645 valemus.
393 589 449 656 Qui
461 591 598 662 quandiu
618 595 697 648 recto
723 590 828 648 aivunt
839 591 884 647 vel
938 591 976 649 cit
990 592 1029 649 ad
1041 592 1218 667 campestria
1234 590 1409 660 solitudinis,
1434 591 1507 663 quia
1528 587 1668 660 malignis
1681 585 1767 662 spirl-

8 684 13 721 t
51 677 161 734 docent
174 677 205 734 in
217 683 357 735 amatum
366 683 476 736 Sancfoe
485 679 619 748 civitatis,
631 680 809 737 industriam
822 696 883 736 sure
938 681 1017 738 tibus
1029 683 1175 756 populum
1202 679 1467 747 circumdantibus,
1484 682 1581 735 rector
1606 676 1682 748 fugit
1694 676 1767 735 'non

7 773 15 811 t
52 767 123 823 artis
138 767 326 841 impendunt.
344 772 378 825 ht
392 769 416 824 si
439 768 512 826 forte
528 770 699 839 erraverint,
727 771 781 845 qui
794 770 883 829 nisia
937 771 976 828 ad
1000 777 1127 840 montes,
1155 772 1192 828 de
1212 770 1322 844 quibus
1350 769 1575 842 scriptumest:
1603 768 1719 825 Montes
1732 766 1766 823 in

8 866 16 899 ἑ
50 872 121 927 rege
135 856 343 913 chaldeorum
358 859 517 932 captivitati
532 859 561 915 in
577 859 771 933 Babyloniam
789 862 883 916 trans·
937 863 1143 931 circuiturjus
1158 861 1252 928 (Psoi.
1267 858 1370 929 cxxiv),
1387 855 1441 912 sed
1467 856 1507 913 ad
1526 855 1766 929 campestriaso·

9 954 14 991 2
51 945 209 1004 feruntur?
225 950 258 1003 Et
271 947 343 1020 quia
358 947 501 1005 artificem
515 952 543 1004 et
561 949 742 1007 inclusorem
757 950 797 1005 ab
821 950 884 1006 llic·
936 951 1078 1017 liuidinis,
1095 951 1125 1006 id
1153 954 1197 1005 est
1223 948 1263 1005 ad
1288 946 1492 1004 dilatationem
1517 944 1653 1003 luxurias.
1682 944 1765 1002 Unde

49 1035 415 1109 rosolymisliabyloniam
430 1039 644 1107 transmigrari,
661 1039 805 1095 talentum
818 1055 882 1094 ser·
937 1040 1157 1112 scriptumest:
1172 1040 1304 1095 Lataest
1319 1039 1457 1109 vimque
1479 1034 1563 1091 ducit
1576 1033 1618 1091 od
1639 1036 1765 1092 mortem

9 1133 12 1167 t
47 1123 79 1180 bi
96 1124 210 1180 cielitus
225 1130 382 1199 acceptum
397 1126 428 1182 in
444 1132 520 1183 terra
535 1127 659 1197 defodi;
686 1127 716 1183 id
731 1127 882 1184 estscien-
935 1128 1055 1200 (lfattti.
1074 1125 1584 1199 sn).aspersennaseneeereitus
1603 1121 1760 1180 Cliotdoeo·

47 1213 123 1270 tiam
153 1214 335 1287 spiritualem
351 1215 389 1271 ad
415 1221 605 1288 peccatorum
633 1233 725 1290 opera
750 1217 881 1274 conserti
936 1234 1002 1274 rum
1020 1234 1128 1289 regens,
1143 1215 1422 1287 comprehenditque
1440 1229 1506 1270 eum
1529 1213 1562 1269 in
1572 1212 1703 1283 planitie
1715 1211 1764 1267 Je-

45 1300 253 1371 intelligimus,
267 1319 305 1359 ae
320 1304 394 1377 quid
410 1305 465 1360 talo
481 1322 498 1360 a
513 1305 600 1362 nobis
624 1305 826 1363 committatur
839 1304 881 1361 vi·
935 1306 1030 1380 richo,
1046 1312 1073 1364 ct
1088 1324 1186 1364 orasses
1216 1307 1374 1364 bellatores
1399 1305 1552 1374 quierant
1567 1316 1634 1358 cum
1661 1314 1694 1358 co
1704 1299 1764 1356 dis·

43 1389 100 1460 gili
116 1406 234 1464 semper
245 1408 300 1447 cau
306 1391 361 1448 tela
374 1393 593 1465 providemlum
608 1399 660 1450 est.

42 1498 117 1554 Cer.
133 1499 184 1555 XL.
195 1500 238 1555 De
247 1500 379 1556 secitnda
390 1501 540 1557 obsidione
549 1503 739 1558 Hierusalem
752 1507 779 1558 ef
786 1503 878 1573 farrae.

85 1603 213 1660 Factum
228 1611 271 1662 est
283 1611 381 1662 autem
397 1608 427 1662 ia
441 1623 521 1663 ariao
536 1609 708 1679 rioriorcgni
716 1608 878 1681 sedechia,

40 1708 148 1750 iriense
161 1695 284 1767 decimo,
300 1696 413 1752 decima
425 1697 472 1752 die
486 1699 602 1767 mensis,
618 1699 697 1753 ceint
723 1697 880 1755 Nabucho-

38 1781 186 1853 donosor,
197 1787 225 1839 et
240 1785 335 1839 omnis
352 1785 501 1840 exereitus
516 1786 579 1855 ejus
595 1785 625 1840 in
636 1786 836 1858 Hierusalem,
850 1792 878 1842 et

39 1871 310 1928 circumdederunt
324 1888 399 1940 eam,
413 1878 439 1929 et
462 1879 678 1929 restruxerunt
704 1875 733 1929 in
749 1875 878 1930 circuitu

37 1962 111 2029 ejus
123 1961 313 2034 triunitiones,
328 1967 355 2018 et
371 1963 476 2019 cleiisa
491 1968 532 2018 est
549 1963 663 2029 cicitur,
680 1968 769 2035 atqiie
782 1965 878 2021 eollo-

39 2053 78 2103 ια
93 2050 240 2120 usquead
259 2050 447 2107 undecimum
471 2065 585 2106 asinum
608 2051 759 2109 Sedecliiie
786 2054 875 2124 regis,

37 2152 126 2194 nono
139 2137 187 2194 die
202 2139 320 2195 mensis.
336 2141 561 2212 l’rarealniique
572 2141 669 2212 sorites
684 2142 716 2197 in
731 2143 852 2199 emitote
865 2155 877 2214 ,·

37 2241 99 2284 nec
113 2233 178 2284 erat
188 2230 280 2298 panis
300 2231 412 2299 popido
439 2235 539 2287 terrie.
569 2230 646 2296 Quid
673 2229 703 2286 in
732 2231 876 2288 sedechia

38 2314 128 2373 aliud
141 2315 333 2388 intelligimus
347 2318 405 2375 nisi
418 2318 514 2375 malos
529 2324 657 2377 rectores
681 2321 713 2375 in
735 2320 874 2388 Ecclesia,

37 2403 98 2478 qui
112 2420 235 2463 munere
250 2410 279 2463 et
293 2407 374 2463 dono
389 2407 489 2463 divino
504 2406 677 2476 abutuntur,
698 2413 726 2465 et
735 2408 875 2466 falsosibi

39 2507 156 2550 nomen
167 2493 288 2566 justitiae
304 2497 469 2568 usurpant?
484 2495 630 2553 llatlrania
655 2496 736 2553 enim
751 2510 872 2567 nomen,

39 2597 106 2655 quo
115 2581 249 2656 primum
261 2599 313 2657 rer
325 2583 494 2657 appellatus
508 2589 561 2651 ost,
588 2584 796 2658 interpretatur
810 2603 874 2643 rna-

40 2686 111 2739 nas,
127 2670 188 2728 sive
200 2671 330 2745 danuam
356 2673 524 2741 Sedeclrias,
543 2677 646 2744 justus
668 2676 799 2733 Domini.
818 2676 873 2743 Qui

41 2758 184 2818 undecim
197 2762 285 2818 annis
311 2778 452 2834 regnasse
474 2762 589 2831 dicitur,
617 2764 700 2838 quod
726 2764 873 2835 significat

41 2863 113 2905 eum
126 2853 378 2920 transgressorem
391 2850 465 2922 legis
479 2851 580 2919 fuisse,
604 2869 672 2926 quie
688 2851 872 2923 significatur

40 2935 164 2994 denario
177 2955 313 2996 numero.
328 2940 515 3018 lindenarius
530 2945 629 2997 autem
647 2957 801 3011 numerus,
817 2939 870 3014 qui
889 2948 909 3002 C

38 3023 199 3083 denarium
232 3028 466 3100 supergreditur,
500 3030 703 3087 excessionem
731 3028 869 3099 becalogi

39 3113 199 3185 significat.
215 3117 397 3173 Novenarius
408 3123 508 3174 alitem
523 3118 777 3193 imperfectionem
796 3118 868 3190 legis

37 3199 198 3270 significat,
215 3200 290 3258 siout
315 3203 497 3260 undenarius
525 3205 801 3274 transgressionem.
818 3203 868 3260 llic

37 3287 120 3345 enim
134 3290 250 3348 excedit
261 3290 429 3360 denarimn,
449 3292 496 3349 illc
511 3294 611 3349 urinus
626 3293 717 3350 habet
732 3293 866 3350 denario.

37 3376 124 3435 Recte
135 3377 413 3437 Nabuchodonosor
429 3380 551 3438 innono
572 3398 653 3438 anno
680 3381 764 3453 regni
779 3383 867 3438 Sede·

37 3466 112 3523 chiis
126 3467 244 3527 obsedit
256 3470 406 3528 civitatem
421 3487 523 3528 mense
535 3472 663 3541 decimo,
679 3472 709 3529 id
734 3477 778 3529 est
789 3472 867 3530 deci·

37 3572 88 3613 ma
100 3557 148 3614 die
158 3558 287 3628 mensis;
301 3559 374 3633 quia
387 3560 459 3617 mali
472 3565 617 3636 pastores,
644 3578 714 3618 cum
728 3562 866 3635 liecalogi

35 3645 190 3716 mandata,
203 3663 271 3721 quae
301 3648 423 3707 scientia
444 3653 553 3719 tenent,
569 3666 658 3723 opere
682 3655 711 3708 et
731 3650 866 3709 doctrina

34 3736 177 3809 perficere
205 3737 371 3809 negligunt,
395 3755 516 3797 neeesse
546 3745 590 3797 cst
617 3744 650 3797 ut
671 3741 791 3815 plebem
807 3741 864 3798 illis

33 3828 229 3886 commissam
238 3829 379 3904 antiquus
389 3831 483 3888 hostis
493 3849 562 3889 cum
574 3849 628 3889 suo
643 3833 773 3890 exercitu
787 3834 864 3891 obsi-

31 3916 124 3975 dione
139 3919 311 3990 circumdet,
326 3922 528 3979 etmunitione
541 3923 649 3980 erroris
668 3940 703 3980 ao
723 3924 863 3983 vitiorum

931 1399 1142 1467 persistente
1159 1398 1345 1468 reliquerunt
1359 1409 1434 1451 eum.
1451 1390 1621 1450 cumcuim
1638 1389 1762 1446 virbrtes

933 1485 1088 1543 hominem
1101 1486 1251 1552 deserunt,
1279 1500 1348 1558 quoe
1373 1499 1443 1539 eum
1469 1479 1628 1537 defendere
1652 1476 1763 1535 debue-

894 1593 914 1647 Β
933 1580 1009 1643 rant,
1019 1576 1049 1632 iri
1063 1575 1183 1648 planitie
1192 1573 1307 1631 iericho
1315 1572 1440 1646 capitur,
1455 1570 1487 1627 id
1498 1568 1583 1626 estin
1597 1566 1762 1624 defectione

933 1664 1061 1721 carnalis
1076 1679 1191 1720 sensus.
1203 1662 1318 1719 iericho
1335 1661 1415 1717 enim
1440 1659 1649 1732 interpretatur
1675 1657 1760 1729 luna,

932 1757 960 1810 et
974 1752 1121 1824 significat
1134 1751 1284 1808 defectum
1307 1749 1414 1806 carnis.
1439 1749 1533 1805 Filios
1547 1751 1647 1804 eutem
1674 1743 1762 1803 Sede·

932 1841 1008 1899 ciria
1018 1841 1124 1897 occidit
1137 1838 1361 1909 rcaBabgtonis
1372 1853 1472 1894 coram
1487 1851 1529 1906 eo,
1541 1840 1569 1892 et
1581 1835 1681 1892 oculos
1695 1835 1760 1904 mus

931 1932 1045 2001 effodit.
1061 1934 1121 1986 Rex
1135 1929 1247 2002 quippe
1275 1925 1445 2000 Babylonis,
1468 1923 1608 1982 diabolas
1622 1926 1676 1992 est,
1691 1937 1760 1997 pos·

932 2037 1029 2076 sessor
1044 2020 1153 2076 intimis
1165 2016 1357 2074 confusionis.
1373 2015 1428 2080 Qui
1451 2013 1533 2088 prius
1548 2012 1625 2069 filios
1639 2014 1708 2069 ante
1717 2011 1760 2069 in·

930 2108 1038 2164 tuentis
1053 2106 1156 2164 oculos
1171 2105 1263 2180 patris
1276 2103 1412 2176 trucidat,
1423 2102 1496 2176 qnia
1510 2116 1590 2175 saepe
1616 2099 1657 2158 sic
1678 2099 1761 2160 bona

930 2214 1019 2271 opere
1032 2197 1180 2263 interficit,
1195 2200 1227 2253 ut
1241 2210 1272 2251 se
1286 2193 1420 2251 amittere
1438 2191 1512 2266 ipse,
1527 2190 1580 2264 qui
1594 2194 1701 2265 captus
1715 2194 1760 2248 est

929 2287 1058 2355 animus,
1070 2285 1174 2342 dolens
1190 2286 1300 2341 cernat.
1317 2286 1391 2339 Nam
1406 2279 1497 2351 gemit
1511 2268 1759 2352 pleiumqueani·

929 2392 1007 2445 mus,
1021 2379 1049 2432 et
1063 2380 1164 2431 tamen
1195 2371 1293 2431 carnis
1312 2385 1373 2427 suoe
1392 2366 1638 2426 delectationibus
1650 2364 1756 2437 vienn,

927 2466 1008 2522 bona
1023 2482 1091 2539 quae
1105 2463 1196 2535 gemit
1223 2477 1329 2519 amans
1357 2458 1454 2534 perdit
1468 2475 1475 2515 ε
1489 2473 1525 2514 ea
1549 2471 1618 2530 qua
1646 2453 1758 2529 patitur

927 2542 1757 2621 damnaeonsiderat,nectameuvirtutisbraehiumoon-

927 2649 972 2702 tra
986 2660 1088 2715 regem
1097 2641 1257 2716 Babylonis
1267 2640 1354 2697 levat.
1369 2637 1437 2707 Sed,
1448 2634 1636 2693 damvidens
1651 2631 1756 2706 nequi·

926 2735 972 2792 tiae
983 2733 1201 2810 perpetratione
1211 2729 1383 2806 percutitur,
1393 2726 1432 2785 ad
1444 2725 1501 2784 hoo
1509 2723 1633 2799 quando
1639 2719 1756 2798 peccati

925 2808 1755 2897 usuperducitur,utipsoquoquerationislumineprirc-

925 2918 980 2970 tur.
994 2908 1243 2983 UndeBabylonis
1259 2924 1322 2977 rex,
1344 2903 1494 2963 exstinctis
1503 2901 1587 2978 prius
1603 2899 1681 2972 filiis,
1704 2901 1754 2958 Se·

924 3001 1036 3059 dechioe
1048 2999 1151 3057 oculos
1165 2997 1250 3069 eruit,
1266 2995 1338 3070 qnia
1357 2993 1508 3066 malignus
1534 2989 1665 3066 spiritus,
1694 2988 1752 3049 snb

923 3089 1113 3163 ductisprins
1134 3088 1222 3146 bonis
1244 3086 1395 3161 operibus,
1418 3087 1530 3160 postet
1551 3081 1751 3153 intelligentie

921 3177 1024 3235 lumen
1038 3177 1120 3235 tollit.
1135 3177 1221 3244 Quod
1231 3179 1308 3232 recte
1325 3172 1484 3231 sedechias
1496 3170 1528 3227 in
1542 3167 1686 3228 lteblatha
1698 3182 1752 3242 pa·

922 3266 1000 3324 titur.
1012 3266 1155 3323 Reblatha
1167 3265 1279 3338 quippe
1294 3263 1390 3319 mutto
1406 3262 1470 3319 fiae
1483 3259 1700 3332 interpretatur.
1717 3255 1751 3313 lli

921 3355 1198 3429 enimauandoque
1209 3353 1350 3410 etlumen
1362 3349 1485 3407 rationis
1510 3344 1668 3415 clauditur,
1696 3343 1749 3419 qni

920 3460 1083 3520 prasousu
1106 3448 1134 3501 ei
1157 3440 1319 3518 iniquilatis
1341 3455 1403 3496 sucu
1425 3434 1614 3495 multitudine
1641 3448 1748 3507 grava

919 3539 975 3593 tur.

1112 3624 1180 3679 Cir.
1194 3621 1325 3678 illiba
1338 3615 1554 3674 Nabusardan.

959 3713 1043 3770 Venit
1054 3710 1260 3769 Nobusardon
1284 3708 1428 3778 princeps
1454 3704 1613 3777 exercitus,
1642 3716 1746 3761 sercin

917 3802 1083 3873 Babylonis
1110 3802 1140 3858 in
1167 3800 1368 3870 Hierusalem,
1397 3802 1425 3854 et
1447 3796 1602 3853 succendit
1624 3792 1745 3852 domum

916 3891 1089 3960 bernaici
1115 3891 1233 3947 doricum
1260 3888 1348 3960 regis,
1364 3891 1392 3943 et
1418 3886 1519 3943 domos
1542 3884 1743 3958 nieusaten,

917 3995 1091 4052 orrinemque
1120 3979 1239 4035 doenum
1257 3976 1417 4034 carabussit
1435 3975 1503 4047 igni
1514 3975 1557 4043 (V
1573 3975 1646 4046 Rea.
1662 3973 1742 4048 xxv).
1835 4002 1845 4019 ι

29 4012 204 4065 constructa
217 4008 346 4077 claudat,
363 4010 503 4068 vadando
519 4011 665 4069 civitatem
682 4030 689 4081 ;
705 4013 807 4088 sicque
821 4015 863 4073 fa·

29 4112 98 4153 mos
107 4096 190 4153 verbi
200 4097 251 4154 liei
263 4098 294 4155 in
309 4099 425 4156 civitate
451 4101 622 4173 praevaleat,
654 4118 724 4160 cnm
738 4119 800 4161 uon
814 4121 862 4161 ex·

28 4184 203 4261 pendantur
212 4187 303 4244 libere
314 4189 401 4262 panis
416 4189 558 4247 docuime
572 4194 685 4265 populo
699 4194 793 4249 terra.

915 4067 1000 4125 Venit
1013 4066 1210 4125 Nabuzardan
1223 4064 1275 4138 qui
1295 4064 1503 4138 interpretatur
1531 4062 1743 4135 ventilabrum,

915 4173 986 4214 cum
1020 4153 1128 4228 aliquis
1154 4151 1273 4227 spiritus
1309 4150 1459 4223 malignus
1485 4148 1604 4224 plebem
1629 4151 1745 4211 invadit

914 4245 1059 4312 fidelium,
1075 4243 1239 4300 etdomum
1253 4241 1340 4312 regis,
1365 4244 1395 4296 et
1416 4239 1524 4295 domos
1549 4236 1743 4307 Hierusalem,

28 4308 100 4363 cir.
114 4308 181 4364 1111.
191 4308 235 4364 De
246 4308 563 4381 interruptionemuri,
577 4316 604 4368 et
616 4311 858 4382 sugeSedecbiae.
877 4301 945 4392 Did
958 4339 1002 4391 052
1015 4336 1153 4400 rectores,
1183 4335 1211 4389 et
1237 4330 1351 4404 eosqui
1377 4327 1601 4385 videbanturin
1628 4324 1743 4383 ,1210110

66 4413 244 4486 Intmupto
258 4421 301 4473 est
314 4417 429 4487 civitas,
445 4418 562 4489 etsuait
576 4418 746 4492 Sedecliias,
759 4426 787 4477 et
801 4436 861 4478 om·
914 4423 998 4498 pacis
1022 4438 1153 4490 manere,
1182 4420 1385 4479 inflammatos
1403 4415 1563 4490 cupiditate
1589 4412 1740 4472 subvertit.

26 4503 155 4559 nesciri
183 4503 340 4562 bellatores
356 4511 442 4563 noete
467 4507 615 4579 sugerunt
628 4522 686 4578 per
700 4510 779 4566 eiam
790 4524 861 4579 por·
915 4513 1043 4570 Omnem
1063 4511 1190 4568 domum
1216 4506 1374 4575 comburit,
1399 4520 1470 4562 cum
1506 4501 1743 4577 uniuscujusque

26 4598 80 4663 tae,
95 4606 164 4663 qua
187 4597 229 4650 est
252 4595 333 4652 inter
350 4596 498 4667 duplicem
527 4612 647 4653 iiiiirum
673 4597 715 4654 ad
740 4597 860 4656 bertram
914 4598 1128 4658 conscientiam
1142 4613 1196 4672 per
1210 4595 1299 4654 illiciti
1313 4592 1424 4653 amoris
1449 4592 1606 4651 flammam
1620 4606 1743 4651 sucosu-

23 4683 109 4754 regis
123 4681 181 4754 (IV
192 4685 264 4756 Rea.
294 4689 372 4753 xrs).
399 4686 625 4760 interrumpitur
652 4685 754 4745 civitas
778 4688 861 4762 spiri·
914 4688 966 4746 dit.
991 4691 1087 4746 lluros
1115 4685 1297 4743 Hierusalem
1311 4683 1343 4741 in
1357 4681 1481 4740 circuitu
1493 4680 1647 4750 destruxit,
1671 4693 1742 4737 cum

24 4770 118 4830 tualis
146 4788 200 4845 per
228 4775 403 4831 tentationes
431 4775 527 4832 sarias
554 4775 756 4847 malignorum
776 4778 861 4852 spiri·
914 4777 1108 4834 intentionem
1143 4774 1284 4831 orationis
1312 4776 1341 4831 et
1367 4771 1511 4830 virtutum
1537 4770 1645 4840 studia,
1671 4784 1742 4845 qun

24 4867 126 4929 tuum,
155 4862 224 4919 etii
250 4864 303 4937 qui
325 4864 492 4921 debuerant
517 4865 665 4922 civitatem
694 4866 786 4924 armis
809 4867 860 4925 de·
913 4871 1017 4924 contra
1045 4883 1076 4922 se
1104 4863 1202 4921 valere
1230 4863 1322 4932 novit,
1337 4861 1369 4919 in
1396 4860 1625 4937 desperantibus
1638 4857 1742 4919 dissol-

23 4949 161 5020 fendere,
189 4957 275 5009 nocte
302 4953 477 5025 ignorantiae
512 4958 540 5010 ct
567 4955 697 5012 tenebris
724 4961 859 5030 peccato
912 4956 963 5022 vit,
988 4972 1026 5012 ne
1051 4971 1104 5030 per
1118 4971 1203 5028 spem
1228 4953 1321 5011 veniae
1334 4953 1373 5011 ad
1397 4952 1500 5011 divina
1513 4956 1634 5010 currant
1659 4949 1742 5010 auxi·

20 5055 97 5099 rum
112 5040 212 5099 vallati
227 5042 355 5115 fugiunt,
379 5043 452 5116 quia
466 5047 677 5117 mermnan'us,
693 5051 721 5102 et
732 5048 786 5119 qui
798 5063 858 5104 non
912 5047 961 5116 lia,
978 5052 1006 5103 et
1019 5045 1213 5121 correptionis
1232 5045 1298 5101 sitie
1312 5043 1540 5120 apprehendant
1560 5040 1739 5100 munimina.

20 5134 71 5188 est
75 5135 195 5201 pastor,
208 5133 287 5190 uidet
300 5134 405 5202 lupum
416 5134 588 5203 sermnem,
603 5140 630 5191 et
645 5135 769 5193 dimittit
780 5150 857 5207 coes,
912 5135 1060 5210 Populum
1074 5135 1104 5192 in
1113 5134 1314 5208 captivitatem
1337 5134 1461 5201 ducens,
1490 5130 1527 5187 de
1555 5128 1740 5205 pauperibus

20 5218 158 5293 etfacit,
174 5226 201 5278 et
218 5223 307 5292 lupus
321 5224 414 5293 rapit,
429 5229 457 5280 et
471 5223 856 5298 superascenderunt).
911 5230 997 5283 terrae
1018 5225 1136 5298 reliquit
1167 5223 1308 5280 rinitores
1345 5228 1373 5278 et
1391 5219 1557 5291 agricolas;
1582 5215 1655 5292 quia
1676 5232 1738 5288 eos,

21 5308 173 5369 Perriam
189 5317 293 5385 portae,
309 5317 435 5386 quaeest
459 5313 535 5369 inter
557 5313 708 5387 duplicem
736 5330 858 5372 mirram
912 5314 964 5388 qui
985 5313 1071 5370 utiles
1097 5311 1189 5369 verbo
1216 5314 1244 5368 et
1270 5307 1408 5383 exemplo
1427 5322 1492 5364 esse
1512 5309 1660 5378 poterant,
1685 5321 1740 5380 per

21 5398 67 5458 ad
90 5399 212 5457 hortum
240 5402 328 5473 regis.
346 5401 394 5458 llis
422 5402 519 5458 verbis
534 5403 659 5459 latenter
673 5405 770 5475 arguit
783 5404 858 5462 iuer·
911 5403 982 5460 vitia
1000 5403 1163 5477 captivans,
1193 5399 1287 5456 sttrltis
1311 5402 1340 5455 et
1364 5396 1521 5454 hebetibus
1548 5396 1740 5454 commendat

22 5488 101 5549 tiam
114 5489 282 5557 doctorum,
298 5491 351 5566 qui
374 5491 449 5548 inter
470 5491 621 5565 duplicem
649 5509 771 5551 murum
785 5494 859 5551 duo·
912 5492 1139 5565 agriculturam:
1152 5486 1483 5562 quatenusnouvinum
1495 5484 1740 5559 gratioespiritua·

21 5594 96 5641 rum
110 5582 356 5640 testamentorum
369 5581 529 5651 constituti,
543 5597 604 5660 uop
612 5580 797 5656 belligerare,
806 5583 859 5641 sed
912 5581 959 5652 lis,
973 5586 1003 5641 et
1016 5580 1200 5639 frumentum
1212 5593 1294 5637 sana
1312 5574 1454 5635 doctrina
1465 5575 1497 5633 in
1510 5574 1614 5646 vineis,
1624 5574 1739 5647 etagris
