3832 6044
67 143 122 198 989
396 144 574 204 arrasam
595 150 628 204 la·
649 147 834 205 mamaea.
855 148 1064 208 COELEST.'S.
1085 150 1248 209 nlenten.
1267 180 1302 192 ·-
1321 151 1386 208 LIB.
1407 151 1452 209 IV.
1730 154 1782 213 990

67 267 426 340 qurerendamrmitatom
439 271 628 344 compelleret
640 272 899 345 :ipsenosterani
917 274 1084 347 hamplius
1099 277 1207 343 audeo,
1227 274 1295 331 dico
1320 297 1333 325 ιι
1348 291 1433 331 meus
1446 275 1471 348 ιι)
1494 274 1556 331 dux
1578 275 1614 332 sit
1637 278 1782 334 sermonis

68 373 138 411 mus
152 355 239 424 iniis,
253 373 322 430 quoa
332 357 403 414 ioris
414 361 654 433 propositasunt,
663 361 733 420 solis
743 361 899 419 credendis
954 362 1022 420 mei.
1038 364 1105 420 Sine
1118 381 1179 437 quo
1193 379 1248 420 nec
1262 380 1360 420 sermo
1373 368 1469 436 potest
1491 379 1556 420 esse
1578 368 1687 433 rectus,
1710 365 1782 438 quia

67 451 96 501 et
109 444 289 503 venerandis
314 453 490 516 remaneret,
512 463 568 504 nee
592 449 788 520 indigentiam
812 466 900 507 suem
953 451 1149 521 verbumest;
1163 452 1517 524 necintehigcntievera,
1543 453 1616 526 quie
1637 453 1783 526 sapientia

67 538 253 604 agnosceret,
264 538 297 591 ut
307 535 366 591 alia
382 541 464 593 extra
474 536 538 592 heo
552 540 792 612 concupiscenda
803 539 860 595 sibi
871 545 900 597 et
952 546 1006 597 est.
1021 543 1096 598 Nam
1110 557 1216 598 omnes
1228 541 1401 614 qui-verum
1414 541 1543 613 sapiunt,
1558 541 1725 615 peripsum
1737 558 1783 599 sa·

67 624 233 697 quaerenda
243 629 370 697 putaret.
394 629 477 683 Nune
488 632 588 684 autem
599 627 665 702 ipsa
674 628 847 686 deformitas
856 629 899 686 in·
952 631 1039 704 piunt
1052 649 1058 700 ;
1072 632 1235 704 etipseest
1258 629 1413 703 inspiratio
1437 651 1451 681 ιι
1477 630 1566 688 totius
1591 628 1782 688 hierarchica

67 713 234 769 terreniens
249 713 401 786 compellit
414 714 551 773 animum
575 718 675 787 egredi
701 733 719 775 a
734 718 832 787 firmae
859 718 898 776 ad
952 718 1208 786 manifestationis,
1221 739 1236 768 ιι
1249 719 1394 790 quoniam
1404 716 1467 789 ipse
1478 715 1782 791 sapientiamentibus

66 804 237 859 veritatem:
255 804 391 859 animum
402 803 470 861 dico
493 820 555 862 non
570 807 719 864 valentem
743 822 898 865 remancre
952 810 1125 862 sanctorum
1137 807 1346 876 theologorum
1359 804 1519 878 inspiratus
1538 821 1660 863 omnem
1671 800 1782 862 hierar·

66 892 96 947 in
112 893 146 948 iis
159 909 227 965 quae
242 908 295 965 per
306 909 336 947 se
349 892 473 963 indigna
484 901 562 964 sunt,
572 897 773 967 etincongrua
783 898 897 954 (livino
952 892 1042 948 chicce
1055 894 1257 966 dispositionis
1271 895 1419 950 rationem
1435 894 1497 949 sive
1510 910 1579 966 qum
1594 895 1625 949 iu
1638 888 1714 949 coelo
1726 895 1780 962 est,

66 998 135 1037 rum
156 981 282 1036 veritati.
300 1004 313 1030 «
330 981 387 1038 Sed
401 981 563 1041 luctantem
586 1002 696 1055 negare
710 1011 722 1035 ι
751 987 790 1042 ah
805 987 898 1060 ipsius
952 982 1011 1036 sire
1023 998 1092 1054 quae
1104 982 1134 1038 in
1147 985 1225 1039 terra
1238 979 1340 1049 estiis,
1366 980 1477 1054 quibus
1501 979 1564 1053 ipse
1586 982 1658 1049 vult,
1683 980 1781 1037 modis

67 1070 175 1126 divinis
187 1071 259 1126 istas
275 1093 288 1120 ιι
299 1071 468 1128 materiales
482 1074 704 1146 possibilitates,
717 1097 731 1124 ιι
746 1075 897 1148 quateris
952 1072 1129 1128 manifestat.
1145 1095 1158 1122 ιι
1173 1076 1215 1129 Tu
1225 1088 1308 1141 rero,
1321 1088 1339 1127 0
1352 1086 1436 1143 puer,
1445 1093 1459 1121 ιι
1472 1075 1528 1127 etc.
1540 1070 1585 1127 ed
1595 1070 1781 1127 Timotheum

67 1160 97 1215 in
111 1159 203 1230 signis
216 1164 441 1232 proponuntur3
456 1176 491 1217 ac
504 1176 558 1235 par
570 1164 627 1219 hoc
639 1163 722 1236 quod
734 1164 774 1220 ita
786 1169 897 1221 sancire
951 1159 1082 1233 loquitur
1093 1160 1175 1217 Pauli
1188 1160 1380 1234 discipulum,
1394 1160 1537 1233 adquam
1550 1159 1704 1232 scripsisse
1726 1158 1781 1214 ier-

66 1247 259 1305 ahominatur
273 1269 287 1300 ιι
301 1255 523 1308 assuescentem
535 1267 610 1325 pure
622 1253 781 1309 extendere
801 1270 832 1310 se
843 1268 897 1327 per
951 1252 1007 1316 tur,
1017 1265 1108 1322 quem
1121 1254 1150 1307 et
1161 1266 1289 1323 puerum
1299 1253 1388 1306 vocat
1399 1252 1558 1322 propterea
1568 1248 1616 1304 vel
1628 1247 1702 1320 quia
1711 1250 1781 1303 mtu-

66 1335 193 1392 risibilia
207 1358 221 1387 ιι
234 1335 394 1393 excitatum
418 1359 432 1386 ιι
447 1339 477 1394 in
491 1341 753 1413 supermundanus
769 1341 897 1398 altitudi·
950 1342 978 1393 te
990 1338 1185 1397 antecedebat
1197 1341 1308 1411 ipsum,
1322 1338 1370 1394 vel
1382 1340 1455 1412 quia
1465 1336 1596 1395 doctoris
1609 1341 1637 1395 ot
1644 1333 1781 1406 magistri

67 1441 120 1481 nes
133 1445 147 1475 ιι
162 1443 169 1481 :
182 1425 213 1481 id
225 1429 269 1482 cst
278 1425 466 1484 excellentias
478 1428 637 1500 angelicas,
651 1446 719 1503 quse
733 1430 896 1486 mundanis
950 1427 1016 1484 loco
1031 1431 1060 1484 et
1072 1427 1217 1499 dignitate
1230 1428 1413 1499 fungebatur
1425 1428 1465 1484 ad
1477 1428 1588 1500 ipsum.
1615 1447 1628 1477 ιι
1642 1428 1685 1482 Τιι
1699 1440 1779 1494 vero,

66 1513 208 1570 omnibus
223 1515 446 1588 supereminent
469 1522 498 1573 et
511 1518 668 1576 excellunt.
693 1517 752 1575 Nisi
763 1519 843 1575 enim
856 1519 896 1576 ah
950 1532 969 1572 o
981 1532 1065 1589 puer,
1079 1516 1224 1574 ausculta.
1240 1538 1254 1568 ιι
1267 1520 1307 1572 Ac
1322 1516 1456 1574 sidicat:
1470 1517 1546 1582 Quia
1558 1531 1594 1572 ea
1605 1531 1673 1589 quoe
1681 1513 1782 1571 dicen·

67 1602 128 1658 istis
141 1603 285 1659 excitatus
300 1618 355 1676 per
375 1606 635 1679 contemplationis
655 1612 897 1681 provectumea-
911 1631 932 1685 B
949 1607 990 1662 da
1002 1611 1080 1675 sunt,
1094 1610 1297 1675 magnasunt,
1310 1605 1423 1662 ideirco
1436 1611 1469 1662 tu
1482 1609 1583 1662 sancta
1595 1604 1782 1661 uodeoentcr

67 1691 135 1746 dem
148 1691 215 1763 ipsa
227 1691 350 1747 omnino
363 1693 552 1767 relinqueret,
567 1695 618 1752 illa
631 1696 671 1752 ad
682 1712 751 1770 quae
764 1701 895 1753 contem·
948 1695 1093 1762 ausculta,
1109 1698 1186 1752 siout
1207 1698 1274 1769 ipsa
1298 1700 1402 1752 sancta
1414 1710 1482 1767 qure
1495 1694 1625 1762 diecula
1637 1697 1716 1760 sunt,
1730 1693 1781 1748 de·

66 1778 301 1849 plaudendum,
317 1796 389 1852 pure
402 1781 509 1838 intueri
521 1797 582 1839 non
594 1783 715 1840 velaret.
948 1789 1004 1841 cet.
1019 1784 1178 1841 «Ausculta
1191 1807 1205 1834 ιι
1221 1785 1289 1841 dico
1304 1803 1310 1852 ;
1325 1783 1492 1840 secundum
1514 1787 1650 1840 sanctam
1671 1786 1780 1838 nostre

102 1865 262 1940 Sequitur:
283 1864 302 1918 ἰι
319 1869 411 1926 Tanta
425 1870 548 1943 quidem
574 1871 866 1928 anobisdictasunt
880 1893 893 1922 ιι
949 1872 1143 1929 sacerdotalis
1168 1874 1337 1929 traditionis
1359 1872 1578 1941 legislationem
1614 1888 1682 1944 quae
1718 1885 1780 1942 nep

65 1959 120 2010 etc.
135 1955 293 2011 Continuat
304 1955 367 2029 ipse
380 1956 579 2030 praecedentia
591 1959 630 2015 ad
641 1964 816 2032 sequentem
829 1974 895 2016 nar·
949 1961 1126 2018 contendere
1137 1961 1233 2032 jubet,
1256 1976 1311 2017 nec
1337 1963 1473 2016 resistere
1499 1963 1530 2015 in
1554 1961 1701 2031 doctrina,
1727 1957 1781 2014 sed

65 2044 222 2101 rationem.
235 2065 249 2094 ιι
267 2047 359 2102 Tanta
370 2047 503 2120 quidem,
529 2053 643 2121 quanta
665 2049 810 2106 hactenus
823 2049 896 2106 dixi·
948 2053 1122 2118 reverenter,
1138 2054 1167 2106 et
1178 2049 1331 2106 humiliter
1343 2047 1521 2105 auscultare.
1555 2050 1621 2104 Sive
1645 2047 1781 2104 auscrdta

66 2148 144 2201 mus,
158 2155 172 2184 ιι
186 2133 265 2190 dieta
284 2140 354 2191 sunt
380 2150 398 2192 a
424 2137 511 2192 nobis
535 2142 656 2210 propter
681 2138 895 2212 descriptiones
948 2139 1023 2207 hrec,
1036 2155 1105 2212 quoe
1117 2138 1198 2195 diota
1212 2144 1282 2195 sunt
1294 2161 1308 2190 ιι
1322 2139 1490 2195 secundum
1509 2140 1646 2194 sauciam
1664 2133 1780 2204 legisla-

65 2221 232 2293 imaginum
246 2223 407 2294 angelicas,
420 2245 434 2275 ιι
447 2225 477 2281 id
489 2231 534 2283 est
546 2231 670 2299 propter
682 2227 895 2301 descriptiones
948 2231 1061 2287 tionem
1076 2233 1184 2284 nostroe
1195 2228 1388 2285 sacerdotalis
1400 2228 1578 2294 traditionis,
1590 2248 1604 2276 ιι
1615 2225 1647 2282 id
1658 2229 1702 2282 est
1711 2239 1779 2296 ques

66 2311 252 2381 angelorum,
269 2329 338 2387 quae
351 2314 435 2370 fache
449 2321 518 2371 sunt
532 2330 587 2388 per
610 2315 765 2386 imagines,
792 2321 820 2373 et
838 2318 895 2374 ior·
949 2319 1029 2376 dicta
1041 2323 1111 2375 sunt
1123 2318 1291 2374 seermdum
1306 2321 1442 2374 sanctam
1462 2316 1576 2386 legem3
1600 2314 1689 2371 idest
1712 2329 1780 2370 san·

65 2418 132 2458 mas
144 2401 284 2474 risibiles,
298 2407 357 2461 eta
371 2404 538 2461 visibilibus
551 2409 697 2479 sumptas,
709 2422 777 2479 quea
788 2407 895 2465 descri—
949 2413 1029 2466 ctam
1043 2410 1238 2480 scripturam,
1253 2422 1322 2479 quae
1335 2402 1425 2463 allata
1450 2410 1496 2463 est
1507 2405 1597 2461 nohis
1622 2406 1713 2460 alico
1726 2416 1781 2476 per

65 2490 182 2563 ptiones
195 2496 265 2549 sunt
277 2515 291 2545 ιι
305 2494 476 2550 divinorum
489 2495 688 2568 eloquiorum,
707 2518 720 2544 ιι
744 2496 774 2552 id
786 2502 830 2555 est
842 2512 896 2571 per
949 2495 1141 2553 traditionem
1169 2493 1394 2562 sacerdotalem,
1408 2493 1497 2551 idest
1510 2508 1564 2567 per
1590 2492 1779 2549 traditionem

66 2580 168 2636 divina
180 2582 299 2655 eloquia
311 2582 406 2651 laetae,
423 2586 451 2639 et
464 2583 494 2638 in
507 2583 616 2640 divinis
628 2583 755 2657 eloquiis
779 2601 895 2658 paepo-
950 2589 1121 2642 sanctorum
1135 2589 1164 2641 et
1176 2584 1443 2642 sanctificatorum.
1471 2585 1517 2642 Sic
1529 2598 1601 2652 ergo
1615 2604 1629 2633 ιι
1644 2578 1780 2638 ausculta

66 2669 139 2740 sita,
152 2686 220 2742 quae
233 2671 322 2728 etiam
334 2670 548 2745 descriptiones
572 2674 739 2730 materiales
766 2679 844 2740 sunt,
865 2675 894 2731 id
949 2672 1125 2729 mirabiliter
1136 2672 1286 2728 dictorum
1301 2693 1315 2721 ιι
1328 2670 1386 2728 hoc
1400 2676 1444 2729 est
1457 2687 1492 2727 ea
1510 2687 1579 2744 qum
1604 2667 1780 2727 mirabiliter

66 2760 289 2816 estseeundum
319 2760 518 2818 materialium
532 2765 561 2818 et
586 2763 786 2835 corporalium
811 2769 896 2820 natu-
949 2762 1133 2819 dictasunt:
1155 2783 1169 2813 ιι
1183 2766 1216 2817 tu
1229 2783 1243 2811 ιι
1257 2760 1336 2828 dieo,
1350 2764 1403 2834 qui
1426 2761 1522 2818 iaetus
1546 2776 1578 2816 es
1603 2757 1725 2815 divinus
1747 2758 1779 2811 in

65 2863 141 2919 ram,
156 2853 184 2905 et
196 2849 420 2906 similitudinem
435 2850 570 2907 formatae
585 2869 592 2921 ;
618 2857 647 2908 et
659 2857 729 2908 sunt
751 2853 841 2910 etiam
854 2853 895 2908 in·
949 2852 1205 2920 divinadoctrina,
1218 2866 1286 2925 quea
1297 2852 1454 2908 audientes
1464 2855 1493 2908 et
1505 2851 1648 2907 iacientes
1659 2847 1779 2903 divinos

65 2937 275 2993 convenientes
288 2943 409 3011 propter
428 2937 608 3008 incongruas
631 2944 660 2996 ct
672 2944 773 3014 turpes
785 2942 895 3010 ligura·
949 2940 1035 3009 iaolt;
1048 2941 1097 2997 rel
1108 2943 1138 2996 in
1154 2941 1257 2997 diana
1270 2941 1407 2998 doctrina
1429 2939 1607 2997 mirabiliter
1630 2938 1779 2994 dictorum

66 3023 286 3094 tioncscouun,
306 3026 417 3100 quibus
440 3026 588 3083 attributae
613 3031 682 3083 sunt
703 3029 892 3087 excellentiae.
922 3022 929 3043 ¹
948 3030 1070 3087 divinus
1082 3030 1179 3087 iactus
1192 3031 1328 3087 ausculta
1341 3047 1410 3102 qure
1429 3029 1558 3086 dicenda
1584 3041 1732 3100 propono.
1746 3028 1780 3082 at

67 3116 188 3186 Propter
211 3115 358 3185 ejusmodi
391 3116 471 3173 enim
496 3116 633 3190 questio,
658 3133 726 3190 quae
749 3121 894 3176 haetenus
948 3137 1010 3177 non
1023 3120 1280 3187 solumauseulta,
1296 3120 1422 3176 utdicta
1441 3121 1609 3174 reverenter
1622 3117 1780 3187 suscipias,

64 3202 206 3259 ventilata
218 3207 271 3276 est,
285 3206 438 3277 proposita
450 3204 513 3262 fuit.
529 3228 543 3255 ιι
558 3204 670 3262 Deinde
682 3210 784 3263 autem
797 3223 893 3276 sepro-
948 3209 1001 3264 sed
1014 3211 1105 3264 etiam
1117 3230 1132 3259 «
1148 3213 1261 3264 secreto
1272 3206 1365 3264 animi
1378 3222 1446 3280 quas
1460 3209 1564 3262 sancta
1574 3207 1644 3259 sunt
1655 3204 1782 3258 circum·

64 3307 135 3360 gare
148 3296 272 3364 oportet,
284 3294 357 3368 quid
368 3295 467 3368 ipsam
479 3295 603 3368 quidem
615 3310 680 3352 esse
694 3296 893 3353 hierarchiam
948 3302 1050 3368 tegens
1061 3312 1097 3352 ex
1110 3297 1270 3353 immunda
1281 3295 1483 3363 multitudine,
1497 3315 1511 3345 ιι
1525 3293 1556 3349 ul
1566 3296 1609 3348 est
1624 3292 1664 3348 ab
1677 3293 1712 3346 iis
1726 3293 1780 3364 qui

64 3380 270 3438 existimamus
284 3402 290 3451 3
305 3384 438 3457 quidque
451 3385 491 3440 ab
511 3384 576 3457 ipsa
588 3384 756 3442 hierarchia
767 3390 894 3458 prosunt
947 3390 976 3442 ct
986 3388 1211 3442 conversatione
1222 3385 1373 3442 immundi
1382 3388 1412 3441 et
1421 3383 1578 3439 desideriis
1588 3381 1679 3438 dirisi
1689 3384 1777 3437 sunt:

63 3469 261 3528 hierarchiam
275 3471 439 3529 sortientes.
466 3474 597 3546 Oportet,
622 3474 729 3547 inquii,
743 3473 862 3539 deinde,
878 3496 892 3524 ιι
948 3495 961 3523 ιι
976 3477 1122 3546 tauquam
1142 3473 1315 3540 uniformia,
1331 3495 1345 3523 ιι
1369 3473 1400 3528 id
1415 3476 1460 3529 est
1471 3470 1601 3527 indivisa
1628 3470 1779 3526 atiniacte

64 3558 121 3612 hoc
134 3563 186 3627 est,
200 3555 268 3632 post
279 3560 461 3633 supradicta,
481 3577 649 3632 segregare,
666 3563 724 3619 hoo
736 3566 781 3620 est
791 3563 893 3619 distin·
948 3585 961 3612 «
976 3563 1103 3630 custodi,
1119 3585 1133 3613 »
1148 3578 1186 3619 ne
1199 3563 1406 3636 imprudenter
1419 3559 1563 3618 lanianda
1576 3565 1605 3616 et
1615 3557 1779 3633 polluenda

65 3662 154 3715 guero
166 3648 239 3721 quid
253 3649 459 3707 existimamus
484 3665 548 3707 esse
573 3652 671 3725 ipsam
696 3652 893 3709 hierarchiam
947 3664 1091 3725 exponas.
1106 3671 1121 3702 ιι
1135 3655 1199 3708 Non
1211 3641 1296 3708 'enim
1308 3651 1354 3708 ias
1367 3655 1420 3720 est,
1448 3656 1479 3708 ut
1502 3650 1624 3724 eloquia
1639 3651 1733 3716 aiunt,
1746 3648 1778 3702 in

63 3737 238 3805 generaliter
261 3745 416 3812 acceptam
439 3741 611 3797 delinitione
636 3743 701 3814 ejus
724 3741 890 3815 proposita.
947 3757 1055 3816 porcos
1068 3741 1213 3814 projicere
1222 3740 1421 3798 invisibiliimr
1433 3741 1664 3811 margaritarum
1675 3738 1779 3793 incon·

64 3847 77 3874 ιι
94 3826 203 3883 lleinde
217 3849 231 3876 »
245 3827 335 3884 etiam
360 3850 373 3878 ιι
399 3834 515 3902 oportet
538 3846 705 3901 segregare,
730 3831 804 3904 quid
824 3846 893 3903 pro
947 3830 1059 3898 iusum,
1075 3833 1104 3886 et
1126 3829 1326 3898 luciformem,
1337 3829 1569 3900 beneficumque
1595 3827 1744 3882 ornatum.
1763 3843 1781 3910 ιι

65 3919 144 3982 sunt,
159 3917 383 3990 »hocestquid
407 3918 537 3974 utilitatis
562 3920 713 3992 accipiunt
738 3921 893 3976 sortientes
947 3921 1005 3991 lpsi
1030 3918 1366 3975 euimsuntimmunda
1392 3916 1442 3973 illa
1466 3914 1626 3973 multitudo
1649 3912 1701 3985 qui
1725 3925 1779 3984 per

65 4003 261 4063 hierarchiam
273 4006 312 4063 ah
327 4007 393 4079 ipsa
406 4008 516 4065 seilicet
528 4009 705 4077 hierarchia,
727 4026 821 4083 quam
835 4009 893 4064 siu·
947 4023 1055 4080 porcos
1081 4008 1112 4062 in
1136 4022 1221 4062 sacra
1249 4009 1402 4080 Scriptura
1416 4004 1634 4076 significantur,
1648 4003 1700 4076 qui
1713 4003 1779 4058 Ver

65 4093 461 4170 guhsortiuntur.htquein
485 4099 543 4155 hoc
558 4098 686 4155 dicendo
710 4112 825 4171 precor,
850 4098 893 4153 in·
947 4094 1022 4159 buln
1049 4094 1099 4149 Dei
1126 4093 1205 4148 mile
1228 4094 1359 4150 vivendo
1386 4093 1533 4166 pohuunt,
1561 4095 1590 4148 θῑ
1613 4089 1779 4147 invisibilii

63 4182 137 4255 quit,
152 4189 184 4239 ut
198 4184 234 4241 sit
246 4207 260 4235 ιι
273 4186 335 4243 dux
349 4208 363 4237 ιι
377 4187 523 4244 sermonis
531 4187 590 4243 mei
602 4207 617 4238 ιι
628 4188 759 4244 Christus
768 4202 854 4243 meus
867 4205 892 4255 3»
948 4183 1137 4248 margaritas,
1151 4180 1182 4235 id
1198 4184 1243 4236 est
1268 4180 1438 4253 spirituales
1462 4180 1681 4248 intelligentias,
1710 4192 1778 4250 quae

63 4266 104 4323 ita
128 4272 227 4325 tamen
264 4271 288 4326 si
312 4271 385 4328 mihi
409 4271 453 4328 fas
477 4276 530 4339 est,
556 4272 613 4328 hoc
639 4276 684 4328 est
705 4271 773 4328 licet
795 4271 893 4327 dicere
949 4272 1058 4325 ornant
1071 4267 1209 4324 moribus
1233 4266 1453 4337 intelligentias,
1480 4265 1580 4321 lucent
1604 4279 1658 4336 per
1669 4279 1778 4335 puram

63 4378 77 4405 ι
92 4373 188 4414 meus.
204 4379 218 4406 ιι
232 4361 370 4429 ragnum
383 4360 463 4417 eninr
476 4365 521 4416 est
532 4361 600 4428 hoc,
612 4363 641 4416 ot
652 4360 739 4433 quasi
749 4375 893 4432 praesum-
909 4336 930 4392 ⁰
949 4359 1114 4425 veritatem,
1128 4357 1295 4414 inconfusae
1306 4359 1376 4411 sunt
1388 4371 1441 4428 per
1464 4353 1649 4409 atlluentium
1664 4353 1777 4420 grathe,

62 4447 155 4519 ptioni
169 4448 341 4521 proximum
364 4466 429 4506 esse
447 4450 572 4518 videtur,
601 4455 634 4506 ut
656 4452 796 4523 peccator
818 4465 893 4522 praa-
947 4447 1089 4504 beneficae
1103 4449 1216 4504 suntin
1231 4463 1292 4514 eos,
1306 4445 1359 4518 qui
1373 4445 1455 4517 ipsas
1468 4457 1538 4497 cum
1561 4440 1728 4496 reverentia
1751 4443 1779 4495 et

63 4536 159 4592 mium
169 4537 241 4608 justi
253 4539 389 4611 accipiat,
410 4544 438 4597 et
450 4539 586 4611 abjectus
597 4539 635 4596 de
648 4539 784 4596 altissimi
809 4538 894 4594 lami·
947 4539 1062 4594 honore
1076 4540 1263 4605 contingunt.

63 4622 187 4684 liaritatc
202 4628 343 4685 confidet.
359 4632 516 4702 Propterea
528 4629 595 4684 dieo
609 4651 623 4679 ιι
638 4629 769 4686 Christus
784 4652 798 4680 ιι
818 4632 858 4698 (et
870 4627 895 4684 si

675 4893 846 4978 LIBER
892 4885 1165 4992 QUARTUS.

722 5116 869 5174 TlTUhUS
890 5113 1048 5172 ChPlTiihi
1067 5111 1111 5170 lli.

475 5218 553 5287 Quid
567 5224 609 5274 est
628 5212 799 5274 hierarchia
813 5221 840 5271 ct
860 5228 927 5287 qrcoe
936 5226 994 5283 per
1008 5209 1209 5269 hierarchiam
1226 5209 1353 5265 utititas.

948 5336 1032 5393 sicile
1042 5337 1189 5400 similaris,
1205 5337 1232 5388 et
1247 5331 1288 5386 ad
1299 5331 1411 5387 inditus
1427 5330 1456 5385 ei
1466 5327 1613 5384 divinitus
1625 5326 1780 5384 illumiaa-
1870 5317 1878 5332 '

401 5394 567 5463 ffl'ffifflv
670 5377 674 5381 -
949 5427 1041 5482 tiones
1047 5421 1321 5495 proportionaliter
1333 5421 1364 5474 ia
1374 5418 1429 5475 Dei
1439 5415 1668 5473 similitudinem
1679 5431 1780 5474 ascar-

97 5516 151 5571 Iist
166 5517 283 5588 quidem
308 5515 491 5582 hierarchia,
514 5517 677 5574 secuudum
691 5531 748 5584 mc,
762 5515 837 5572 oraio
851 5514 894 5570 di-
948 5515 1030 5571 dcas.
1045 5515 1157 5570 Dieieo
1166 5509 1365 5583 pulchritudo
1380 5513 1413 5563 at
1427 5507 1548 5577 simplo,
1574 5510 1601 5562 ct
1616 5507 1729 5576 optimo
1745 5511 1778 5561 ut

60 5605 160 5685 circas,
175 5611 203 5669 cl
218 5606 353 5677 acaurio,
368 5610 395 5663 et
405 5605 485 5664 actio
500 5604 646 5675 deiforme
672 5609 819 5677 quarelam
828 5617 895 5677 pos·
948 5603 1195 5696 coaeurnmotiaa.
1210 5601 1296 5656 Pura
1305 5598 1423 5670 quidem
1438 5600 1480 5654 est
1494 5596 1706 5655 universaliter
1718 5610 1779 5658 oct·
