3832 6044
87 144 144 207 283

732 150 905 212 theodas.
926 157 961 212 itt

990 150 1160 217 affluas
1749 160 1805 224 m

88 274 308 347 consequenter
329 273 518 346 adjungitur:
534 277 603 333 laea
618 292 678 334 aaa
692 283 856 350 resarpaat
868 281 921 335 im·
938 281 962 338 a
977 282 1136 349 charitatis,
1151 299 1244 357 quam
1273 283 1395 342 allectus
1410 282 1556 345 trabium
1575 284 1801 359 compassionis.

83 365 133 433 pti
144 365 176 419 in
187 363 317 435 judicio,
332 379 427 435 cepere
449 371 621 435 peccatores
635 368 666 423 in
680 369 803 424 coasilio
826 371 922 437 justo·

87 468 166 509 rara.
181 451 209 509 Si
225 467 296 522 ergo
311 452 330 508 ii
343 453 395 525 qui
411 453 449 510 ad
465 455 622 511 consilium
634 457 784 527 justorum
799 472 921 513 conver·

87 546 191 599 tuntur
206 546 340 611 surgunt,
363 543 468 598 merito
496 544 597 601 sedere
616 545 811 618 perhibentur
824 547 877 619 qui
890 547 921 603 in

87 631 212 688 consilio
227 631 389 704 impiorum
398 632 505 706 dilapsi
520 639 597 701 sunt,
610 634 682 708 quia
691 639 720 690 et
729 634 778 692 illa
789 651 919 704 sursum,

87 723 115 778 ct
129 721 185 777 ista
200 720 343 777 deorsum
357 722 492 789 tendunt,
504 722 553 778 illa
566 723 686 787 cultim,
702 726 731 780 et
740 724 796 780 ista
810 729 920 782 terram

87 815 242 886 appetunt.
257 812 347 867 Senes
363 826 434 880 erpo
460 811 527 867 lilire
559 813 627 868 Sion
642 813 673 869 in
700 817 777 869 terra
805 813 917 882 sedent,

85 900 211 973 quaudo
231 897 355 955 allectus
369 901 477 955 animle
490 905 607 957 eetcmre
622 902 831 974 promissionis
846 902 920 957 obli-

85 995 122 1044 tae
137 989 259 1044 terrenis
272 994 301 1043 et
315 989 489 1044 transitoriis
503 990 748 1046 delectationibus
762 991 916 1048 inhaerent.

86 1081 126 1134 lle
144 1078 255 1152 quihus
277 1082 355 1134 recte
379 1078 495 1147 dicitur,
522 1080 736 1136 conticuerunt.
767 1083 917 1136 laternum

84 1167 166 1223 enim
180 1166 361 1223 desiderium
374 1168 461 1240 quasi
472 1168 585 1224 clamor
599 1168 724 1240 qnidam
741 1173 784 1225 est
798 1168 828 1231 in
840 1169 917 1227 auri·

83 1257 143 1313 bus
159 1256 219 1312 lici.
233 1256 345 1312 ntideo
372 1273 466 1329 prava
481 1274 567 1313 mens
582 1263 696 1330 quanto
726 1257 824 1328 magis
845 1257 916 1313 ioris

83 1345 254 1401 transitoria
269 1345 389 1418 appetit,
405 1350 488 1402 tauto
502 1347 632 1419 amplius
645 1347 724 1404 intus
737 1362 756 1404 a
770 1346 917 1403 desiderio

84 1440 265 1490 :eternorum
288 1435 465 1492 conticescit.
496 1436 654 1508 Sequitur:
683 1439 919 1509 consperserunt

83 1526 182 1581 cincre
198 1525 296 1598 capita
312 1542 365 1581 sua
378 1526 507 1595 virgines
521 1527 693 1583 Jerusalem.
710 1530 763 1582 Per
787 1526 917 1596 virgines

977 374 1052 428 Bene
1061 376 1161 429 autem
1171 374 1244 430 dixit
1251 375 1354 430 oculos
1361 375 1488 432 deficere
1501 390 1562 449 pree
1573 375 1722 448 lacrymis,
1732 376 1804 450 qula

977 477 1055 533 srepe
1066 466 1128 518 tam
1142 463 1311 520 vehementi
1325 464 1415 537 plaga
1426 466 1519 521 vitam
1539 465 1728 522 subditorum
1744 460 1805 521 oul-

975 550 1184 622 paexuleerat
1205 554 1328 608 atomis
1348 554 1424 610 ratio
1451 558 1480 609 et
1492 553 1644 621 diligentis
1668 554 1805 628 praelata

975 656 1042 695 rum
1055 642 1241 708 succumbat,
1253 647 1281 698 et
1293 643 1357 713 jam
1381 643 1411 698 in
1427 643 1515 699 tantis
1527 642 1615 699 malis
1638 642 1720 699 aliud
1733 654 1805 702 con-

976 728 1073 784 silium
1088 746 1149 785 non
1165 731 1210 798 sit,
1226 730 1282 786 uisi
1296 731 1334 787 ad
1355 731 1505 803 lacrymas
1519 732 1617 787 solum
1643 731 1804 804 coningere

975 821 1003 873 et
1023 818 1156 874 ‹liviaam
1182 818 1371 875 clementiam
1394 819 1564 892 implorare.
1595 822 1655 876 lloc
1679 821 1803 893 prdahrs

975 907 1128 962 Psabnista
1139 907 1295 977 significat,
1311 908 1435 964 dicens:
1457 910 1713 979 retractaretur:
1731 912 1807 968 moti

973 1002 1044 1051 secat
1053 998 1131 1053 sicat
1145 998 1245 1053 edrirrs
1256 1012 1269 1068 ‚·
1282 1003 1310 1053 et
1320 1000 1415 1055 omisis
1431 999 1580 1067 sapientia
1594 1013 1696 1055 eoram
1719 1000 1804 1056 deva·

973 1091 1043 1142 rato
1058 1091 1109 1142 est.
1122 1088 1161 1142 Et
1176 1088 1385 1143 removerant
1400 1088 1441 1144 od
1452 1088 1612 1143 Dorticum
1627 1101 1694 1143 cam
1710 1087 1804 1144 tribra-

975 1176 1114 1231 tarcatar
1127 1191 1138 1232 .·
1152 1181 1179 1232 et
1193 1176 1230 1232 de
1243 1176 1467 1232 necessitatibus
1488 1191 1590 1232 eoram
1607 1175 1745 1232 liberauit
1755 1182 1803 1233 cat

974 1264 1067 1336 (Psoi.
1084 1269 1150 1322 aul.
1160 1268 1236 1321 Bene
1251 1280 1322 1336 argo
1333 1265 1411 1321 oculi
1425 1280 1488 1338 pree
1501 1264 1642 1337 lacrymis
1649 1263 1801 1333 deliciunt,

973 1353 1044 1426 quia
1058 1370 1136 1427 serpe
1151 1371 1221 1413 cum
1231 1354 1345 1412 malum
1358 1355 1550 1412 vehementer
1558 1353 1679 1424 ingruit,
1694 1354 1803 1410 discre-

972 1442 1060 1498 tionis
1075 1443 1196 1499 oculum
1217 1458 1329 1500 moeror
1357 1443 1486 1512 caligare
1501 1442 1578 1503 iacit.
1602 1437 1719 1499 Viscera
1742 1446 1803 1499 tur-

971 1533 1090 1600 bantur,
1107 1534 1179 1606 quia
1193 1533 1370 1590 intrinsecus
1385 1533 1509 1590 affectus
1536 1532 1652 1605 pietatis
1671 1531 1802 1588 concuti·

81 1613 246 1670 Jerusalem
261 1615 392 1669 mundas
417 1611 526 1669 animes
541 1615 734 1682 cogitationes
755 1615 916 1685 intelligere
935 1636 955 1690 Β
972 1627 1027 1677 tur.
1043 1625 1129 1678 Jecur
1143 1622 1173 1677 ia
1187 1627 1296 1678 terram
1310 1623 1481 1689 effunditur,
1506 1621 1577 1694 quia
1591 1634 1671 1694 saepe
1684 1621 1716 1676 iu
1729 1620 1803 1677 also-

83 1704 240 1759 dcbemns.
260 1704 336 1770 Quid
353 1707 396 1759 cst
411 1719 481 1774 ergo
496 1704 578 1776 quod
602 1709 764 1777 postquam
786 1721 872 1760 senes
886 1705 916 1761 in

84 1799 165 1849 terra
181 1793 293 1858 sedent,
316 1793 447 1861 viraines
461 1794 557 1849 cinere
582 1794 679 1867 capita
693 1810 746 1850 sua
777 1809 916 1867 spargere

82 1883 233 1947 (licuntur,
250 1883 307 1938 nisi
321 1883 404 1954 quod
418 1883 542 1955 quando
555 1881 678 1939 affectus
693 1884 800 1939 animas
811 1884 917 1957 ‹lepra-

84 1973 144 2029 rati
160 1978 236 2039 sunt,
266 1973 363 2028 statim
380 1972 475 2039 calino
491 1973 704 2041 cogitationum
734 1973 916 2043 generaturi

83 2062 167 2119 Unde
193 2062 292 2118 adhuc
319 2061 510 2133 sul-»jungitur
526 2082 532 2118 :
550 2061 679 2118 decincti
707 2067 776 2120 sunt
803 2061 913 2119 ciliciis.

82 2155 151 2208 Post
176 2152 339 2207 sessionem
354 2152 477 2207 enimet
505 2151 709 2224 aspersionem
737 2152 843 2207 cineris
858 2151 916 2207 cili

83 2243 163 2297 cium
180 2242 323 2315 sequitur,
339 2242 411 2315 quia
426 2256 552 2314 pravam
567 2241 793 2297 delectationem
808 2245 916 2296 eicon·

83 2331 233 2387 fusionem
248 2332 356 2387 mentis
370 2346 477 2405 aspera
491 2331 648 2403 peccatrici
675 2331 863 2386 conscientiae
877 2331 915 2385 de

83 2427 169 2477 reatu
184 2420 230 2476 sul
250 2421 368 2476 sceleris
379 2421 570 2493 compunctio
585 2423 752 2489 generatur.
764 2422 917 2476 Postremo

83 2516 182 2567 autem
199 2510 228 2566 in
243 2509 304 2565 line
319 2509 457 2565 cumulus
470 2509 647 2565 infelicitatis
663 2509 833 2581 apponitur,
846 2524 915 2564 cum

84 2599 282 2656 subinfertur:
299 2599 477 2669 abjecerunt
499 2598 653 2654 interram
669 2598 766 2670 capita
790 2612 844 2653 sua
858 2597 916 2653 rir-

86 2690 169 2757 aines
183 2690 268 2745 luda.
284 2691 352 2744 Post
370 2688 584 2744 accinctionem
613 2687 693 2743 anun
707 2687 792 2744 cilicii
819 2686 916 2759 capita

84 2780 115 2833 in
128 2784 238 2834 terram
253 2777 392 2849 abjicere,
408 2780 453 2832 est
467 2782 535 2850 post
549 2777 719 2845 augustiam
734 2780 762 2833 ct
788 2776 917 2848 trepida-

84 2868 194 2922 tionem
210 2866 297 2922 malae
308 2866 495 2922 conscientiae
504 2866 593 2922 etiam
602 2866 639 2920 de
652 2866 737 2922 renio
745 2866 914 2938 desperare.

83 2960 208 3028 Propter
225 2956 307 3028 quod
322 2955 411 3011 etiarn
425 2960 502 3011 recte
523 2955 651 3023 vugincs
663 2954 740 3009 Jrrda
765 2954 914 3009 dicuntur.

972 1711 1007 1766 tis
1023 1726 1084 1783 pra:
1095 1727 1223 1766 mcerore
1238 1711 1325 1767 alicui
1333 1711 1455 1783 periculi
1466 1710 1602 1767 alacritas
1614 1710 1721 1766 merids
1728 1708 1803 1766 obli·

971 1803 1066 1869 gatru,
1080 1803 1112 1855 ut
1121 1800 1476 1872 tantoanrpllasctiamin
1491 1799 1656 1873 semetipsis
1670 1797 1709 1855 ad
1720 1798 1802 1856 bona

971 1889 1089 1957 agenda
1104 1888 1267 1945 reddantur
1288 1888 1394 1961 tepidi,
1422 1893 1536 1961 quanto
1564 1888 1745 1958 magtssunt
1770 1887 1800 1945 lu
1881 1882 1886 1889 ⁴

972 1979 1182 2052 compassione
1211 1978 1349 2034 fraternus
1378 1977 1575 2033 tribulationis
1612 1976 1721 2033 afflicti.
1747 1977 1802 2034 Pet·

973 2067 1076 2123 oculos
1102 2067 1200 2137 igitur,
1230 2071 1258 2123 et
1285 2066 1410 2132 viscera,
1437 2069 1466 2121 et
1476 2065 1571 2136 jecur,
1596 2062 1802 2134 significantur

969 2157 989 2212 ii
1020 2157 1072 2229 qui
1096 2156 1253 2230 plangunt,
1280 2172 1341 2212 uon
1367 2156 1420 2228 qui
1446 2155 1640 2229 planguntur.
1671 2151 1753 2210 Unde
1773 2155 1803 2209 et

971 2262 1042 2301 mox
1067 2261 1120 2317 per
1148 2245 1302 2317 sequentia
1325 2242 1418 2300 rerba
1443 2243 1481 2299 de
1495 2243 1530 2299 iis
1551 2243 1604 2315 qui
1617 2241 1802 2315 planguntur

973 2334 1149 2389 senteutiam
1178 2334 1349 2401 adnectens,
1381 2349 1503 2389 causam
1531 2331 1642 2388 doloris
1668 2329 1798 2402 exponit,

971 2423 1095 2479 dicens:

1005 2513 1102 2582 Super
1110 2513 1287 2568 contritione
1297 2511 1369 2580 tilia
1376 2510 1487 2581 papali
1494 2510 1560 2566 met.
1573 2506 1649 2576 Quid
1660 2502 1801 2579 enimper

970 2601 1147 2657 muliebrem
1163 2617 1277 2667 sexum,
1295 2599 1351 2656 nisi
1366 2599 1452 2673 plebs
1466 2594 1800 2667 infirmasigniiicaturi

970 2706 1063 2763 quam
1079 2694 1188 2758 tamen,
1205 2705 1275 2745 eum
1288 2688 1381 2745 tiliam
1397 2686 1541 2754 nominat,
1558 2686 1628 2742 fidei
1642 2680 1801 2759 professio-

969 2796 1040 2835 nem
1054 2779 1165 2835 habere
1180 2778 1366 2839 demonstrat
1378 2795 1384 2843 ;
1401 2793 1455 2851 per
1469 2774 1676 2832 contritionem
1700 2776 1801 2830 autem

970 2868 1171 2942 irreparabilis
1186 2865 1340 2925 calamitas
1353 2865 1528 2933 ostenditur,
1545 2864 1621 2921 sicut
1634 2863 1717 2938 quod
1731 2878 1801 2921 con-

935 2960 1071 3048 Ctritum
1087 2956 1272 3032 estamplius
1287 2973 1348 3014 non
1362 2960 1526 3029 reparatur.
1545 2953 1691 3027 Sequitur.

83 3046 129 3102 nd
148 3051 344 3115 augmentum
372 3060 504 3118 namque
519 3044 629 3100 doloris
655 3049 807 3117 postrema
829 3043 857 3098 in
873 3043 915 3098 eis
1007 3051 1081 3106 Cam
1092 3049 1229 3118 detineret
1240 3048 1401 3116 paramus,
1417 3051 1445 3101 et
1461 3042 1801 3112 laeteasiaplateisop·

86 3133 233 3189 confessio
247 3134 430 3196 nominatur,
456 3133 528 3205 quia
554 3136 582 3189 et
603 3133 653 3189 illa
672 3132 836 3189 norissima
848 3136 916 3205 post
965 3140 1041 3209 pisti,
1056 3137 1237 3194 Determinat
1249 3135 1456 3191 contritionem
1480 3131 1721 3206 perparvulum,
1749 3145 1801 3203 po·

87 3239 195 3279 omnes
209 3223 280 3279 alias
305 3223 427 3280 virtutes
443 3224 569 3280 amissas
594 3239 612 3280 a
638 3221 802 3297 desperatis
817 3220 915 3277 exelu-
971 3228 1076 3302 pulum
1092 3226 1208 3290 rudem,
1224 3229 1253 3279 et
1267 3224 1326 3279 lide
1354 3221 1530 3295 simplicem.
1560 3219 1613 3275 Per
1631 3218 1799 3284 lactentem,

84 3313 177 3367 (lintr-
969 3333 1079 3390 pravos
1092 3314 1238 3370 doctores.
1250 3315 1304 3368 Per
1314 3311 1428 3385 plateas
1441 3307 1554 3384 oppidi,
1569 3307 1736 3380 voluptates
1746 3306 1800 3362 hu-

120 3401 301 3471 Defecerant
308 3415 375 3471 pra
388 3402 530 3472 lacrymis
541 3401 693 3471 aestimet,
702 3404 756 3456 eto.
766 3401 912 3455 incrensi.
967 3407 1017 3477 jus
1044 3403 1144 3459 secordi
1172 3401 1306 3475 accipere
1321 3400 1476 3456 dehemus.
1505 3397 1646 3454 Parvulas
1674 3411 1745 3466 ergo
1773 3398 1802 3453 et

83 3491 229 3563 Propheta
243 3490 273 3545 in
288 3506 418 3563 persona
447 3490 581 3546 Ecclesiae
596 3489 735 3545 membra
762 3504 816 3543 sua
831 3488 915 3560 plan·
970 3494 1081 3551 lacteus
1092 3492 1122 3548 in
1137 3491 1242 3565 plateis
1253 3489 1356 3564 oppidi
1366 3488 1517 3554 deficiunt,
1530 3488 1653 3562 quando
1666 3483 1801 3542 camales

83 3580 187 3651 gentis,
218 3580 398 3636 enumeratis
421 3581 508 3636 mulis
522 3579 716 3652 perditorum,
734 3578 916 3652 compassio·
970 3581 1213 3658 quique,etstulti
1230 3598 1300 3637 cnm
1315 3580 1461 3654 perversis
1469 3577 1641 3635 doctoribus
1648 3575 1801 3650 perlatam

82 3685 152 3724 acm
168 3668 320 3724 bonorum
335 3669 473 3740 adjungit
486 3669 584 3742 ;prius
597 3668 677 3724 enim
686 3667 757 3724 mali
769 3667 916 3740 plangun-
970 3674 1051 3730 viam
1066 3672 1253 3746 voluptatum
1270 3670 1308 3726 ad
1320 3669 1519 3743 perditionem
1533 3667 1650 3724 vadunt
1664 3680 1671 3733 ;
1684 3668 1713 3721 et
1730 3667 1802 3720 nota

83 3764 130 3813 tur
144 3774 162 3813 a
174 3757 261 3813 bonis
274 3774 367 3831 quarn
382 3776 400 3814 a
415 3757 580 3830 semetipsis
593 3777 600 3825 ;
616 3760 645 3814 et
658 3756 733 3814 dum
748 3756 826 3812 malo
849 3755 913 3812 sant
970 3764 1052 3837 quod
1067 3762 1116 3829 ait,
1130 3760 1278 3817 deiiceret.
1295 3759 1386 3831 lingis
1395 3759 1475 3815 cuim
1486 3760 1555 3813 sunt
1567 3753 1739 3829 plangendi,
1748 3752 1802 3827 qui

82 3847 113 3903 in
127 3847 173 3902 sui
188 3847 287 3902 adhuc
302 3848 468 3921 perditione
484 3847 642 3914 militani,
662 3851 810 3919 quantum
824 3845 915 3902 sssssstli
970 3853 1084 3910 abono
1104 3850 1255 3917 deficiunty
1283 3865 1376 3924 quam
1395 3847 1447 3923 qui
1466 3861 1625 3919 nunquam
1652 3842 1726 3900 honi
1740 3840 1802 3898 fue.

83 3942 153 3993 stmt
168 3937 265 3993 aliena
279 3938 408 4010 suspiria
431 3938 572 3994 indicant.
590 3937 663 3994 llicit
676 3953 748 4007 ergo
763 3955 770 3993 ι
968 3947 1046 3999 runt,

120 4026 292 4082 lteiecerunt
308 4042 369 4099 pros
384 4026 525 4099 lacrymis
547 4026 625 4082 oculi
651 4026 719 4094 mei,
737 4026 915 4082 conturbata
1006 4033 1199 4103 Defecerant,
1223 4034 1278 4085 etc.
1308 4032 1422 4084 Aurea:
1448 4025 1604 4100 Proprium
1628 4026 1671 4080 est
1698 4018 1802 4079 electo-

81 4119 152 4170 suat
177 4117 291 4171 atacem
306 4131 395 4172 area:
420 4115 546 4185 effessum
574 4120 616 4171 est
631 4117 663 4171 ia
691 4120 803 4171 taram
827 4116 917 4184 jecur
971 4138 1038 4178 rum
1060 4121 1157 4176 aliena
1183 4118 1263 4175 mala
1289 4122 1434 4189 tanquam
1461 4132 1516 4172 sua
1544 4115 1695 4188 plangere.
1723 4109 1802 4168 Sicut

81 4220 189 4260 arceant.
207 4204 289 4261 Oculi
311 4204 341 4259 in
370 4209 473 4260 sancta
499 4203 628 4259 Ecclesia
643 4207 712 4262 suut
735 4203 914 4276 provisores,
972 4208 1149 4266 enjmlmnjs
1165 4206 1383 4276 congaudanq0
1410 4204 1561 4260 inem-um
1575 4201 1687 4259 mel-pis
1713 4196 1802 4272 parri.

81 4293 207 4355 viscera,
236 4293 454 4358 misericordes,
481 4294 566 4364 jecur
589 4292 713 4348 studiosi
728 4296 756 4347 et
779 4292 809 4347 in
833 4292 915 4347 bono
972 4299 1053 4372 cipes
1068 4298 1152 4364 fiunt,
1175 4295 1215 4352 itu
1239 4309 1360 4367 quoque
1374 4292 1461 4351 malis
1484 4307 1537 4364 per·
1561 4286 1802 4362 compassionem

83 4398 174 4455 ΟΡΘΡΘ
187 4383 343 4438 sffl'l't‘sstt's·
361 4382 394 4438 Ut
409 4383 488 4438 essim
518 4383 616 4438 terunt
630 4380 756 4453 physici,
773 4380 803 4435 in
815 4381 916 4452 iecore
973 4385 1172 4451 condolanda,
1187 4383 1224 4440 de
1237 4382 1357 4438 illorum
1372 4379 1537 4454 perditione
1560 4376 1616 4432 sibi
1630 4376 1748 4431 lucrum
1760 4373 1802 4431 fa·

85 4471 361 4528 ⁰8¹0fd⁰00<²150¹lis
376 4475 428 4527 θεῖ·
448 4471 527 4528 Sifflt
551 4470 726 4540 ergojccur,
754 4468 800 4524 ³¹⁰¹
812 4471 916 4542 hepar,
973 4477 1064 4532 ciunt.
1081 4475 1178 4529 Discat
1193 4487 1264 4541 crgo
1274 4473 1413 4544 peccator
1427 4466 1581 4541 quomodo
1591 4463 1671 4520 mala
1680 4460 1803 4536 propria

85 4578 144 4616 suo
160 4561 257 4616 calore
274 4561 401 4616 crudum
416 4561 517 4616 cibum
532 4559 563 4615 in
583 4560 649 4632 ipso
663 4558 818 4614 stomacho
832 4559 919 4614 (leco.
971 4564 1041 4621 fiere
1059 4562 1176 4617 delicat,
1189 4576 1258 4617 cnm
1271 4558 1369 4630 justus
1379 4572 1435 4631 pro
1460 4551 1563 4610 alienis
1579 4548 1692 4608 delictis
1720 4553 1803 4608 tanta

83 4650 158 4724 quit,
168 4654 197 4705 et
210 4650 317 4706 exinde
333 4649 641 4706 suecumnutritivum
651 4647 682 4703 iu
692 4663 798 4703 omnes
813 4664 918 4724 corpo·
971 4650 1145 4710 contritione
1159 4666 1190 4705 se
1216 4646 1337 4718 affligat.
1361 4645 1545 4711 lleieecrunt,
1566 4639 1670 4717 inquit,
1685 4654 1748 4714 prae
1764 4638 1803 4697 ia·

83 4740 124 4794 ris
140 4743 240 4812 partes
258 4738 434 4804 transmittit,
452 4737 492 4794 sio
517 4737 661 4794 nimirum
676 4737 695 4793 ii
710 4736 762 4810 qui
777 4737 850 4793 alios
866 4753 919 4810 pcc
973 4737 1083 4812 erymis
1096 4736 1176 4793 oculi
1197 4735 1266 4793 mei.
1295 4736 1446 4801 Quantum
1471 4731 1580 4805 putatis
1603 4732 1802 4806 compunctus

84 4828 302 4883 tervorcmsuee
319 4827 513 4884 devotionisa
528 4830 646 4899 torpore
659 4826 782 4883 adhunc
793 4841 919 4900 operan·
973 4834 1036 4885 erat
1048 4827 1113 4896 iste,
1125 4828 1178 4903 qui
1189 4825 1229 4885 sic
1243 4825 1392 4903 ploravit?
1407 4828 1471 4882 Non
1485 4823 1565 4880 enim
1581 4818 1673 4880 semol
1687 4823 1803 4879 tantum

85 4916 160 4971 dum
174 4917 312 4983 excitant,
324 4915 410 4988 quasi
425 4932 461 4971 cn
485 4932 539 4971 sua
551 4915 723 4971 decoctione
743 4914 918 4971 alimentum
972 4936 1002 4973 se
1017 4917 1166 4991 lacrymas
1181 4915 1293 4973 fudisse
1305 4913 1443 4981 ostendit,
1458 4911 1628 4987 quioculos
1647 4927 1718 4968 suos
1740 4923 1803 4982 pras

87 5005 206 5077 corpori
220 5005 325 5061 Christi
340 5005 575 5062 subministrant.
593 5005 669 5071 Ouid
684 5005 917 5077 estergo‚quod
971 5007 1112 5079 lacrymis
1141 5006 1284 5063 defecisse
1309 5004 1388 5060 dicit.
1418 5002 1475 5060 Sed
1499 5002 1571 5075 quia
1596 4999 1682 5056 multi
1709 4996 1804 5066 laery-

87 5098 212 5168 pcccato
223 5098 357 5150 vastante
373 5094 521 5167 populum
535 5094 665 5162 fidelem,
680 5093 759 5150 oculi
782 5093 917 5150 Ecclesia
972 5112 1038 5151 inas
1053 5095 1221 5151 lunduntct
1232 5110 1294 5151 non
1309 5095 1553 5165 compunguntur
1568 5087 1666 5152 corde,
1683 5085 1802 5139 secutus
1848 5152 1850 5165 Ι

84 5183 237 5250 deficiunt,
254 5188 282 5238 et
297 5184 411 5240 viscera
432 5184 598 5249 trahantur,
612 5184 697 5255 Jecur
710 5183 740 5239 in
757 5187 865 5239 terram
877 5182 918 5240 et·
974 5184 1132 5256 adjunxit:
1150 5184 1331 5241 conturbata
1360 5185 1428 5236 sunt
1455 5178 1584 5233 iiscerea
1598 5188 1677 5244 mea,
1701 5172 1732 5227 id
1759 5177 1805 5234 esi

84 5273 229 5339 irrrulitur,
246 5273 303 5329 nisi
317 5274 400 5345 quod
413 5273 432 5329 ii
456 5273 508 5346 qui
527 5290 595 5329 vere
610 5273 784 5329 charitatem
813 5272 917 5330 Christi
974 5272 1123 5346 usquead
1139 5272 1237 5329 cordis
1251 5270 1356 5325 intima
1372 5266 1478 5335 sagitta
1492 5261 1603 5319 doloris
1628 5261 1801 5334 penetrarit,

84 5362 199 5418 hahent
221 5378 340 5435 semper
355 5362 458 5418 alicnis
474 5362 599 5417 miseriis
616 5362 838 5435 compatiuntur
848 5363 862 5416 t
879 5361 919 5419 Si-
971 5363 1058 5418 dolor
1072 5376 1194 5416 sensum
1206 5357 1307 5426 tetigit,
1324 5360 1352 5411 ct
1365 5339 1665 5410 eontrcnuitalttctus
1675 5349 1801 5423 piatatis.

84 5456 137 5508 cut
165 5453 323 5523 apostolus
339 5451 427 5507 dicit:
447 5452 517 5519 Oasis
540 5454 724 5523 infirmatur,
739 5456 768 5508 et
781 5467 834 5522 epo
857 5466 918 5506 aaa
977 5450 1138 5524 Sequitur:
1161 5446 1296 5502 Ell'usum
1334 5442 1431 5499 estin
1463 5443 1540 5496 terra
1568 5440 1653 5511 jecur
1688 5456 1802 5497 meum.

85 5542 249 5610 infirmor?
270 5544 335 5613 quis
350 5541 587 5611 scandalizatur,
608 5547 696 5610 etcpo
715 5543 881 5596 conarer?
894 5539 923 5610 (l
975 5538 1051 5606 Quid
1064 5552 1118 5612 pcr
1133 5532 1320 5599 effusionem,
1341 5530 1459 5603 jecoris,
1479 5529 1537 5586 nisi
1564 5529 1683 5588 afflictio
1704 5529 1803 5586 caruis

88 5630 158 5688 Cor.
177 5630 226 5703 n).
249 5631 368 5690 Nullum
382 5631 463 5688 enim
476 5630 584 5704 certius
609 5628 753 5690 nauium
767 5632 812 5687 ast
838 5642 916 5685 rara
975 5624 1137 5710 signatur?
1163 5627 1238 5684 Nam
1263 5620 1336 5701 quis
1357 5619 1390 5706 in
1410 5618 1510 5694 jecora
1536 5619 1671 5679 demeto
1694 5622 1803 5677 mmo
