3832 6044
182 124 227 177 lli
364 114 515 171 HUGONlS
529 114 575 169 DE
589 115 617 170 S.
633 111 781 170 vicione
795 110 870 168 OPP.
888 110 975 166 PARS
989 112 1009 164 l.
1023 136 1059 149 ·-
1073 108 1272 165 EXEGETICA.
1290 137 1323 150 α
1339 112 1358 165 l.
1377 111 1409 165 ΙΝ
1426 111 1453 165 S.
1471 110 1696 168 scurrilium.
1840 113 1890 167 ili

179 258 235 300 suo
246 239 360 299 occulte
375 240 412 296 de
426 253 607 314 quacunque
620 253 661 305 rc,
677 241 706 293 et
719 252 780 295 non
790 235 932 293 reveritus
943 235 1005 291 lue·
1023 235 1046 288 A
1059 232 1144 290 bunt.
1158 236 1217 291 iloe
1233 238 1277 290 est
1298 234 1383 308 quod
1405 234 1554 308 sequitur:
1571 235 1693 306 Egressi
1705 241 1775 291 sant
1791 237 1890 293 autem

178 331 215 389 rit
231 330 422 405 praesentiam
445 334 538 397 tuam,
561 325 723 400 quominus
748 326 930 383 mentiatur:
961 325 1003 379 Tu
1056 326 1145 395 pueri
1163 326 1267 396 pruna
1292 326 1404 395 fronte.
1427 324 1587 398 Incipiente
1613 324 1702 395 igitur
1727 341 1797 396 rege
1818 341 1890 399 praa·

178 421 319 480 exaudies
331 421 363 476 in
372 419 456 491 caeto,
466 418 719 487 idesteognosces
727 420 755 472 et
768 414 912 486 intelliges
923 413 1003 471 falla-
1057 414 1132 473 lium
1151 431 1221 472 cum
1235 414 1392 485 universis,
1407 414 1454 472 isti
1466 419 1634 488 praeeuntes
1651 414 1806 472 victoriam
1839 415 1890 473 ob-

179 510 256 568 ciam
266 509 343 566 illius
357 507 409 580 qui
419 505 548 574 fraudat,
564 511 592 563 et
604 506 699 575 facies
711 505 778 574 hoe,
799 503 908 559 seilicet
921 502 1004 574 J‘uati-
1060 505 1222 562 tinuerunt.

179 599 258 657 cabis
272 612 370 657 εθνυοε
386 601 460 664 ticos,
473 611 534 652 non
550 593 716 652 secundum
732 595 788 650 hoc
801 591 886 666 quod
898 591 1005 647 illeho-
1094 594 1140 666 (tlt
1155 598 1221 651 lisa.
1237 595 1313 667 lilii.)
1327 594 1495 652 Praedicate
1511 595 1664 666 jejunium
1684 600 1712 653 et
1732 595 1832 652 sedere
1844 597 1890 666 sa-

103 690 106 697 ’
177 687 310 745 minibus
325 686 484 754 mentitur;
499 684 552 741 sed
567 682 734 741 secundum
755 681 839 757 quod
861 685 892 737 tu
916 679 1005 746 nosti,
1061 685 1117 741 cite
1130 685 1262 757 Nabotli,
1277 689 1332 742 ete.
1346 682 1490 756 Religiose
1503 684 1637 741 inchoari
1652 683 1714 741 vult
1728 700 1805 758 opus
1829 701 1889 743 ma·

178 776 226 834 cui
245 775 330 850 quod
354 791 458 832 verum
479 778 532 842 θεῖ,
562 772 707 830 abscondi
721 788 783 829 non
797 774 912 845 potest:
932 769 1007 826 Con·
1060 773 1139 842 litiae,
1153 777 1250 847 utper
1270 775 1460 831 devotionem
1470 774 1577 846 jejunii
1597 773 1890 831 erudelitashomici·

178 867 321 925 ‹temnuns
335 866 471 936 inipium,
482 868 510 920 et
520 863 694 933 iustificam
703 862 832 932 iustum.
1061 861 1103 918 dii
1116 866 1239 934 tegatur.
1255 864 1414 921 Benediait
1424 862 1543 921 Nabata
1558 864 1651 921 Deum
1666 869 1693 921 et
1707 879 1815 935 regern.
1833 869 1889 920 lra-

214 956 260 1027 (111
272 957 340 1012 Rea.
357 953 411 1025 tx.)
427 953 604 1024 Appettauit
624 966 674 1008 eas
698 956 811 1008 temam
835 948 964 1020 Chabut,
978 947 1009 1003 id
1063 951 1113 1008 uia
1121 956 1165 1008 est
1174 952 1261 1025 quasi
1271 952 1425 1010 maledixit
1433 968 1544 1024 regem,
1557 968 1592 1010 aa
1599 968 1653 1026 per
1666 953 1724 1010 hoc
1735 956 1829 1010 Deum
1840 971 1888 1010 au-

178 1049 223 1102 θεῖ
252 1043 433 1119 paludosam
454 1041 501 1098 vel
526 1041 689 1114 palustrem
717 1044 840 1113 propter
866 1037 1008 1095 vilitatem
1061 1041 1111 1112 jus
1125 1041 1260 1097 minister
1273 1046 1325 1098 θεῖ.
1344 1042 1485 1099 Occidisti
1495 1044 1618 1113 insuper
1631 1047 1659 1100 et
1668 1044 1834 1113 possedisti.
1850 1044 1889 1099 Et

178 1132 322 1191 muneris.
1059 1136 1129 1200 post
1139 1129 1203 1189 baec
1213 1131 1314 1189 addes.
1327 1135 1359 1188 lu
1372 1131 1494 1189 Hebraeo
1503 1132 1544 1188 sic
1555 1136 1614 1189 est:
1627 1131 1774 1202 Occidisti,
1785 1136 1890 1207 etpost

214 1223 260 1296 (ill
274 1225 341 1278 Rea.
353 1222 396 1294 A.)
406 1220 442 1278 ln
456 1220 542 1278 darno
556 1221 652 1277 sottus
666 1218 783 1290 libani,
795 1217 868 1291 quia
884 1218 957 1275 torte
970 1216 1008 1272 de
1062 1219 1126 1275 haec
1140 1218 1329 1275 haereditabis
1343 1218 1358 1274 ‘l
1373 1218 1429 1275 sub
1442 1218 1681 1291 interrogatione,
1697 1220 1784 1293 quasi
1793 1220 1887 1278 dicat:

180 1311 292 1369 Libano
305 1310 431 1367 materia
446 1313 568 1383 sumpta
581 1313 633 1366 θεῖ.
1063 1307 1202 1381 Nunquid
1217 1321 1278 1364 non
1289 1306 1398 1365 sufficit
1407 1308 1611 1365 tibioccidisse
1622 1309 1786 1378 hominem,
1798 1310 1891 1368 nisiet

214 1400 260 1473 (ill
273 1402 340 1457 aaa.
356 1399 411 1470 xi.)
423 1399 604 1468 AEdifieauit
616 1399 717 1469 incita,
733 1403 761 1454 et
774 1397 936 1469 coequavit
961 1412 1008 1453 uo·
1062 1395 1266 1454 haereditatem
1279 1396 1343 1468 ejus
1352 1396 1531 1470 possideas?
1545 1398 1582 1453 Ia
1593 1397 1729 1465 iocabar,
1745 1403 1800 1455 etc.
1813 1400 1889 1465 Quo·

179 1491 314 1562 ruginem
329 1489 459 1546 ciuitatis
466 1488 566 1545 Dauid
576 1488 677 1558 patris
691 1487 896 1556 suiaedificans
907 1487 1006 1553 metio,
1063 1485 1155 1541 modo
1164 1485 1277 1542 dictum
1286 1486 1375 1542 estad
1385 1485 1506 1543 Achab:
1522 1487 1559 1543 In
1575 1487 1638 1544 iaco
1651 1485 1706 1544 boe
1720 1488 1751 1542 in
1764 1503 1821 1560 quo
1836 1488 1890 1544 tiu·

179 1580 210 1637 id
223 1582 267 1636 θεῖ
279 1578 381 1636 locum
394 1575 489 1645 illum,
500 1581 617 1651 partem
634 1575 744 1633 scilicet
757 1574 926 1632 inferiorem
941 1574 1009 1631 eivi-
1028 1589 1048 1643 Β
1062 1581 1173 1632 nerunt
1186 1589 1273 1632 canes
1291 1577 1466 1648 sanquinem
1480 1575 1612 1647 Nabata,
1633 1577 1763 1634 lambent
1776 1593 1890 1650 quaque

179 1669 246 1727 tatis
259 1666 426 1741 coaequavit
438 1665 604 1741 ipsum‚qui
627 1665 710 1738 prius
723 1680 846 1736 vorago,
873 1669 901 1721 et
921 1663 1008 1737 quasi
1063 1671 1146 1721 tuum
1159 1665 1335 1736 sanquinem
1347 1680 1359 1736 ,·
1374 1681 1444 1721 cum
1470 1665 1592 1736 sanguis
1607 1665 1723 1723 Naboth
1736 1666 1767 1722 in
1781 1666 1892 1724 iezrael

180 1758 296 1816 sentina
307 1760 370 1814 erat
383 1755 506 1813 civitatis
521 1755 614 1813 David
628 1755 721 1829 patris
737 1753 801 1811 sui:
823 1755 1006 1825 illaqueas,
1062 1754 1175 1811 effusus
1190 1754 1234 1823 sit,
1249 1754 1426 1827 sanguinem
1441 1771 1512 1812 vcro
1526 1755 1629 1812 Achab
1641 1755 1726 1826 iuxta
1742 1754 1890 1829 piscinam

180 1847 374 1905 scilicetesset
387 1845 464 1919 parti
480 1844 666 1902 eminentiori
682 1843 804 1900 civitatis
813 1843 843 1899 in
858 1859 920 1916 quo
932 1842 1009 1914 inju·
1064 1843 1205 1901 Samariae
1217 1859 1307 1901 sanes
1321 1842 1483 1901 linxerint?
1499 1845 1556 1902 Sed
1569 1845 1601 1900 in
1619 1845 1675 1901 hoc
1694 1844 1761 1902 loco
1776 1844 1890 1902 dictmn

108 1950 113 1961 '
179 1935 256 1995 riam
273 1934 350 2010 patri
373 1933 469 1992 iacere
487 1933 647 1991 videbatur
671 1931 826 1988 villissima
840 1922 1010 2004 etaajeata
1063 1936 1116 2001 θεῖ,
1132 1932 1163 1989 id
1177 1931 1284 1990 esttali
1298 1932 1374 2001 loco,
1391 1933 1479 2006 quasi
1492 1932 1533 1990 ita
1546 1933 1640 1990 viliter
1655 1932 1794 2002 effusum,
1816 1933 1891 1990 sicut

180 2023 307 2082 summis
321 2022 462 2096 operibus
486 2021 563 2078 illius
580 2037 751 2095 coaequans.
777 2024 808 2076 ln
824 2019 947 2077 Hebraeo
968 2019 1010 2077 sie
1063 2025 1096 2078 tu
1110 2021 1288 2092 sanguinem
1300 2021 1565 2079 Nabotheiludisti.

179 2116 307 2174 habetur
324 2132 330 2171 :
346 2112 512 2171 AEdificavit
528 2111 617 2170 mello
632 2116 661 2168 et
674 2111 779 2170 clausit
790 2114 961 2185 aperturam
972 2111 1010 2167 ci·
1195 2127 1446 2169 anacrarrauoana
1464 2128 1491 2167 ιι
1511 2128 1601 2169 sunau
1621 2129 1760 2178 curasan.

180 2207 278 2264 vitatis
292 2203 386 2262 David
398 2202 491 2277 patris
512 2202 568 2271 sui,
584 2202 668 2277 quod
688 2202 730 2259 sic
757 2200 879 2271 intelligi
902 2204 1008 2274 potest,
1099 2200 1143 2272 (IV
1158 2203 1225 2257 Rsc.
1237 2200 1681 2272 lli.)Faaiteatueumtorrentis
1696 2201 1787 2273 liujus
1796 2203 1893 2271 fossas

180 2294 264 2371 quod
277 2293 368 2352 mello
377 2291 536 2350 aedificavit
545 2295 573 2348 et
587 2289 690 2348 extulit
702 2290 732 2346 in
744 2289 838 2347 altum
848 2294 876 2346 θῖ
885 2306 938 2363 per
952 2291 1009 2347 hoe
1064 2295 1091 2347 et
1103 2290 1210 2360 fassas.
1226 2288 1277 2346 Vel
1287 2288 1419 2347 sioutalii
1432 2289 1594 2347 dicendum
1602 2295 1709 2364 putant
1718 2290 1828 2349 multas
1836 2292 1893 2349 ias-

179 2385 302 2454 exitum,
318 2382 462 2457 quiprius
475 2385 539 2439 erat
553 2381 583 2437 in
602 2379 719 2437 civitate
743 2378 837 2437 David
847 2380 940 2453 patris
963 2380 1009 2435 sui
1064 2395 1122 2447 sas,
1140 2377 1172 2435 id
1193 2383 1236 2435 est
1257 2378 1393 2435 torrentis
1413 2377 1514 2449 hujus,
1533 2379 1585 2452 qui
1608 2380 1700 2437 modo
1727 2380 1893 2438 exsiccatus

181 2474 304 2533 elausit:
321 2474 411 2531 Hanc
427 2472 579 2543 fabricam
601 2474 707 2527 eontra
731 2475 854 2540 portam
880 2469 1009 2526 ciuitatis
1064 2472 1118 2536 θεῖ,
1133 2467 1250 2524 alveum
1265 2472 1398 2525 arentem
1413 2467 1486 2525 fodit
1499 2466 1587 2524 altius
1599 2467 1660 2526 sive
1675 2470 1854 2543 profundius
1865 2473 1894 2526 et

181 2570 349 2623 exstruens.
365 2567 397 2619 tn
408 2561 484 2619 libro
498 2560 659 2619 verborum
671 2559 847 2627 Salomonis,
863 2557 910 2614 hic
928 2558 1010 2632 apud
1064 2557 1094 2612 in
1109 2555 1209 2613 multis
1232 2556 1314 2625 loeis,
1331 2562 1364 2614 ut
1380 2573 1475 2631 aquas
1495 2558 1734 2631 supervenientes
1748 2559 1778 2616 in
1800 2559 1893 2616 abun·

181 2668 238 2709 nos
251 2666 314 2710 non
324 2649 489 2707 invenitur:
505 2647 744 2723 quemamodum
754 2664 809 2705 nec
823 2646 1010 2705 liberverbo-
1064 2645 1167 2703 dantia
1179 2661 1285 2720 capere
1299 2646 1401 2719 possit.

182 2756 251 2797 rum
263 2754 369 2810 regum
380 2737 525 2795 lsraelvel
536 2737 622 2795 luda.
1100 2737 1145 2809 (lv
1159 2738 1225 2793 lisa.
1242 2736 1286 2808 V.)
1299 2737 1442 2808 Diaitque
1455 2738 1607 2811 Naaman,
1622 2744 1656 2794 ut
1671 2740 1724 2796 vis.
1741 2738 1822 2811 Fiat,
1838 2738 1892 2795 sci·

217 2829 264 2902 (lit
286 2832 353 2885 ilua.
377 2827 446 2899 litt.)
467 2828 610 2885 Ascendit
630 2843 721 2898 super
746 2828 854 2884 attare.
886 2828 932 2884 Sic
952 2827 1011 2884 dic·
1064 2824 1281 2882 lieetvoluntas
1295 2829 1356 2882 tua.
1380 2828 1452 2883 Ecce
1473 2842 1535 2883 non
1549 2827 1762 2901 rogoamplius
1778 2832 1811 2885 ut
1825 2844 1893 2885 mea

182 2923 247 2978 tum
270 2921 324 2986 θεῖ,
347 2916 434 2991 quasi
461 2917 596 2973 ascendit
618 2916 658 2973 ad
689 2916 789 2972 altaro.
817 2916 956 2973 Ascendit
979 2921 1012 2974 ut
1030 2944 1050 2999 C
1065 2913 1212 2988 accipias,
1228 2915 1279 2972 sed
1293 2919 1392 2972 tamen
1403 2916 1520 2974 obsecro
1535 2921 1568 2973 ut
1581 2921 1632 2973 tua
1647 2917 1804 2975 concedas.
1818 2918 1893 2975 Can·

183 3023 274 3082 super
287 3007 379 3066 altare
390 3007 546 3065 incensum
560 3009 693 3081 poneret,
710 3005 769 3062 sive
784 3005 864 3061 aliud
878 3005 909 3062 in
930 3007 1011 3064 hunc
1065 3005 1133 3061 cede
1147 3002 1223 3061 utini
1231 3020 1314 3061 seruo
1329 3011 1390 3077 tua,
1406 3012 1438 3061 ut
1451 3007 1651 3064 detractura
1665 3011 1769 3064 saneta
1788 3006 1818 3063 in
1832 3023 1893 3080 qua

182 3097 319 3157 modum.
1066 3097 1143 3150 Deus
1166 3109 1253 3151 verus
1280 3093 1431 3164 adoratur,
1457 3097 1562 3153 tottam
1590 3099 1619 3152 et
1644 3112 1742 3153 seram
1772 3111 1892 3153 mecum

218 3188 264 3260 (lli
279 3190 346 3244 Rnc.
360 3185 438 3258 lllV.)
450 3185 499 3243 Me
509 3185 667 3256 projecisti
675 3189 744 3255 post
755 3200 862 3255 samiis
878 3191 972 3254 tuum,
981 3186 1011 3242 id
1065 3200 1140 3241 onus
1150 3184 1277 3241 duarum
1296 3184 1473 3241 beredenam.
1490 3186 1587 3251 Quare
1599 3189 1699 3242 autem
1713 3191 1833 3260 portare
1843 3200 1893 3242 vo

183 3281 228 3336 est
241 3276 453 3350 contempsisti.
504 3306 515 3322 ι
1066 3272 1270 3331 lueritterram
1284 3272 1447 3345 subjungit.
1463 3275 1531 3331 Non
1543 3276 1620 3330 enim
1632 3276 1725 3344 saciet
1735 3290 1838 3332 seruus
1848 3279 1892 3331 tu·

218 3368 264 3439 (111
274 3370 342 3424 Rea.
358 3366 460 3437 livill.)
477 3365 603 3422 Ouraait
622 3366 721 3423 attare
739 3365 861 3422 Damini
873 3366 953 3438 quad
965 3367 1012 3422 de·
1066 3379 1100 3419 us
1120 3364 1203 3419 ultra
1218 3362 1424 3420 holocaustum
1440 3368 1493 3419 aut
1516 3365 1666 3420 uictimam
1688 3364 1744 3421 diis
1774 3364 1891 3436 alanis,

183 3460 331 3512 structum
353 3454 457 3524 fuerat
477 3459 504 3510 et
526 3454 683 3522 aedificavit
699 3455 799 3510 attare
813 3469 851 3511 ecc
862 3455 1012 3525 lapidibus
1067 3453 1126 3509 nisi
1147 3454 1284 3510 Domino.
1305 3451 1409 3508 Adhuc
1429 3452 1518 3523 igitur
1535 3456 1644 3510 terram
1668 3452 1742 3510 terre
1763 3452 1891 3511 volebat

183 3545 215 3601 in
230 3545 348 3599 nomine
359 3543 489 3598 Domini.
507 3541 553 3598 Sic
566 3546 610 3598 est
619 3542 705 3616 quasi
720 3541 847 3599 diceret:
864 3543 1013 3601 llundarit
1067 3543 1102 3598 Ut
1113 3557 1150 3597 ex
1160 3557 1195 3598 ea
1209 3541 1240 3597 in
1255 3548 1332 3598 terra
1353 3556 1407 3597 sua
1422 3540 1514 3598 altare
1530 3541 1619 3599 iaciat
1632 3541 1768 3612 Domino,
1786 3541 1817 3598 in
1832 3555 1894 3616 quo

183 3631 294 3700 locum,
310 3629 363 3688 ubi
375 3629 457 3703 prius
470 3629 563 3687 altare
577 3629 761 3687 destructum
772 3629 868 3688 luerat
881 3635 910 3687 et
922 3630 1012 3688 aedili-
1065 3630 1326 3687 immolaret.Abiit
1337 3630 1453 3702 erpoab
1463 3630 1894 3704 eoelectatemporeAmbigui·

184 3720 261 3778 cavit
275 3719 358 3777 aliud
372 3735 496 3776 novum.
1067 3725 1125 3778 tate
1137 3719 1273 3777 dictionis
1290 3720 1320 3775 in
1333 3724 1416 3776 terrae
1429 3719 1558 3793 spatium
1573 3724 1601 3777 et
1617 3725 1736 3795 tempus
1749 3720 1894 3795 deeeptus

219 3812 265 3884 (lli
279 3813 347 3868 Rra.
361 3809 438 3882 xlx.)
451 3809 543 3866 Omne
564 3823 595 3866 os
619 3810 698 3880 quad
714 3826 774 3867 nan
793 3811 931 3869 adorauit
946 3828 1012 3872 aum
1066 3824 1131 3865 esse
1145 3808 1269 3866 videtur.
1283 3813 1357 3868 Nam
1368 3809 1399 3866 in
1414 3810 1537 3866 Hebraeo
1552 3809 1773 3889 sic‘expressius
1785 3814 1892 3868 sonat:

183 3903 323 3960 osculans
337 3916 471 3971 manuni,
486 3897 621 3956 videlieet
642 3900 706 3971 eius
730 3899 808 3958 Baal.
831 3905 864 3958 ln
889 3902 1013 3961 Hebraeo
1066 3898 1144 3955 Abiit
1158 3897 1196 3955 ab
1216 3914 1251 3955 eo
1268 3914 1339 3971 ergo
1358 3898 1447 3973 quasi
1467 3898 1630 3972 aliquando
1654 3904 1737 3957 terrae
1753 3898 1895 3972 spatiosi
1913 3967 1915 3971 ¹

184 3991 226 4048 sic
237 3991 366 4050 habetur
383 4009 390 4046 ε
408 3990 518 4047 Omnes
534 4004 568 4045 os
595 3989 679 4062 quod
701 4003 762 4046 non
788 3990 955 4049 osculatum
970 3997 1014 4050 est
1067 3988 1108 4044 sic
1119 3989 1327 4045 convenienter
1340 3988 1515 4061 adjungitur
1530 4006 1536 4045 :
1551 3991 1694 4064 Dicitque
1708 3990 1790 4047 Giezi
1802 4003 1892 4061 puer,

183 4094 263 4137 eum.
280 4083 366 4137 Notat
380 4078 506 4135 modum
519 4077 718 4135 venerationis
731 4077 762 4134 in
779 4080 950 4141 curvatione
965 4098 1013 4154 ge·
1066 4077 1097 4133 id
1112 4081 1156 4133 est
1169 4076 1309 4146 famulus,
1326 4079 1386 4135 viri
1396 4080 1461 4146 Dei,
1477 4077 1573 4135 simile
1590 4078 1730 4153 estquod
1743 4079 1773 4136 in
1789 4075 1894 4137 Genesi

182 4183 278 4227 nuum
291 4172 320 4226 et
333 4167 436 4226 osculo
450 4167 519 4224 oris.
1066 4166 1190 4238 legitur:
1214 4167 1349 4240 Eratque
1370 4183 1494 4225 uernum
1517 4173 1630 4239 tempus
1653 4176 1680 4227 et
1702 4168 1895 4242 ingrediebar

218 4258 265 4332 (lii
280 4259 347 4315 Rue.
362 4258 426 4329 xx.)
441 4256 548 4314 Omnia
567 4261 695 4328 propter
712 4272 778 4330 qnae
792 4259 899 4316 misisti
911 4260 952 4318 ad
965 4275 1011 4317 me
1029 4299 1052 4356 D
1066 4255 1228 4328 aparatio
1242 4257 1324 4330 (Gen.
1340 4258 1445 4331 ιιιιιι).
1468 4261 1500 4315 ln
1517 4258 1640 4316 Hebraeo
1656 4259 1828 4333 expressius
1847 4272 1902 4318 so-'

181 4363 300 4407 anuum
313 4353 398 4405 tuum
411 4348 443 4404 in
456 4348 541 4405 aritio
552 4346 667 4418 sariam
674 4359 686 4420 ;
698 4346 756 4406 isac
767 4353 867 4406 autem
881 4364 944 4407 rem
963 4349 1011 4421 sa·
1066 4351 1135 4404 nat:
1152 4347 1186 4402 Et
1196 4345 1295 4404 adhuc
1312 4347 1442 4421 spatium
1457 4351 1552 4416 tenne,
1573 4347 1752 4411 subauditur
1773 4363 1894 4423 supere·

183 4453 322 4496 serenan
333 4453 466 4509 possum.
481 4436 526 4496 Sia
539 4440 583 4494 est
598 4436 686 4510 quasi
698 4436 809 4494 diceret
831 4438 915 4512 quod
928 4438 1011 4497 initio
1065 4441 1125 4495 rat:
1144 4439 1178 4494 ut
1189 4435 1379 4508 ingrediebar
1391 4437 1552 4510 Ephratha.

181 4527 332 4601 petitionis
346 4530 403 4584 triae
417 4527 473 4584 fuit
486 4524 523 4584 de
534 4529 658 4598 argeum
672 4529 701 4583 et
714 4542 788 4585 auro
799 4526 983 4586 tribuendos
1001 4559 1012 4570 -
1101 4527 1145 4599 (iv
1159 4529 1226 4584 Rea.
1243 4527 1298 4599 Vl.)
1314 4527 1429 4596 Quarta
1445 4543 1520 4598 pars
1542 4527 1611 4586 andi
1624 4528 1681 4602 (50)
1694 4529 1834 4586 sinceris
1847 4543 1892 4586 aa·
1912 4500 1913 4505 ¹

182 4617 260 4672 ciam
277 4635 284 4685 ;
304 4617 383 4674 hane
401 4619 503 4674 autem
523 4632 597 4686 rem,
613 4616 670 4673 hoc
684 4620 737 4685 est,
749 4621 783 4674 ut
797 4617 888 4675 etiam
903 4634 1011 4676 uxores
1067 4617 1245 4675 lumborum.
1274 4616 1371 4675 Cadus
1394 4633 1537 4675 mensura
1559 4623 1620 4676 est:
1646 4622 1758 4677 stercus
1779 4616 1909 4676 aarum·

182 4701 299 4760 etfilios
317 4704 458 4772 tribuam,
472 4703 569 4762 lacere
582 4720 644 4762 non
655 4719 791 4778 possum.
808 4706 878 4775 Quis
890 4708 1011 4778 incartet
1064 4706 1173 4764 barum
1199 4705 1322 4780 quidem
1343 4705 1454 4764 idcirco
1474 4707 1515 4765 al>
1534 4706 1732 4766 esurientibus
1756 4712 1903 4783 ereptum·

178 4792 346 4861 praeliari?
373 4793 413 4849 Et
435 4794 499 4851 ait:
527 4795 592 4864 Tu,·
613 4810 651 4851 ue
674 4795 809 4853 videatur
829 4797 1011 4855 contrarium
1064 4800 1180 4870 putant,
1196 4800 1229 4852 ut
1242 4811 1337 4867 grana
1350 4812 1369 4854 a
1381 4797 1529 4856 columbis
1553 4798 1674 4870 alonge
1697 4798 1797 4857 delata
1821 4802 1892 4856 ster·

181 4879 266 4954 quod
286 4879 369 4954 prius
394 4880 510 4938 dixerat
533 4896 588 4955 per
613 4882 809 4958 pedissequos
840 4885 1011 4961 principum
1065 4885 1126 4943 cori
1139 4885 1212 4943 forte
1227 4885 1315 4944 mista
1327 4891 1356 4944 et
1369 4886 1462 4947 electa
1483 4887 1616 4962 aliquam
1637 4884 1782 4945 famelicis
1802 4887 1892 4945 reiec-

137 4981 139 4991 ·
181 4967 405 5044 provinciarum
419 4968 575 5027 victoriam
589 4971 795 5031 obtinendam.
812 4978 895 5033 Nunc
909 4981 1009 5035 autem
1066 4974 1177 5032 tionem
1191 4975 1367 5050 preberent.

180 5057 250 5116 volo
264 5058 365 5133 ipsum
375 5073 477 5130 regem
491 5075 627 5134 pugnam
641 5061 780 5136 incipere.
798 5064 844 5122 Sic
854 5065 935 5122 enim
949 5065 1009 5123 dia-
1099 5065 1144 5137 (lv
1158 5069 1225 5124 Rnc.
1238 5067 1317 5141 tht.)
1332 5067 1464 5142 Cumque
1476 5070 1601 5127 uenisset
1615 5070 1678 5127 dies
1692 5069 1800 5142 attera,
1821 5067 1892 5125 tulit

180 5151 245 5206 tum
264 5152 317 5218 θεῖ,
341 5152 374 5207 ut
392 5163 455 5207 non
476 5154 625 5223 exspectet
639 5151 785 5209 assultum
794 5153 942 5224 hostium3
956 5155 1009 5213 sed
1062 5157 1232 5228 stragulum
1240 5162 1268 5214 et
1278 5157 1392 5228 infudit
1405 5159 1463 5228 i'psi
1469 5174 1589 5230 aguam,
1598 5159 1646 5216 vel
1653 5173 1734 5233 aqua
1741 5157 1842 5231 ipsum
1850 5156 1893 5213 in·

180 5242 214 5295 ut
227 5238 301 5312 ipse,
317 5236 349 5296 id
363 5243 407 5296 est
421 5238 467 5296 sui
479 5239 616 5314 praelium
630 5241 782 5316 incipiant,
796 5242 842 5300 vel
855 5242 919 5316 ipse
938 5244 1009 5301 inci-
1062 5244 1147 5314 fudit,
1156 5245 1188 5302 id
1196 5250 1240 5302 est
1246 5246 1386 5320 pertudit,
1398 5247 1456 5305 hoc
1471 5248 1636 5322 estacaepit
1646 5264 1783 5323 pannum
1792 5251 1890 5305 etma-

179 5326 241 5398 piet
254 5331 350 5386 totum
362 5328 524 5387 exereitum
538 5330 709 5403 producens
725 5350 732 5401 ;
748 5335 776 5388 ct
790 5331 897 5389 deinde
912 5333 1008 5406 pedis·
1061 5332 1168 5390 deiecit
1179 5333 1209 5390 in
1223 5341 1338 5407 aquaet
1349 5338 1496 5406 eapandit
1512 5353 1584 5409 supe
1598 5339 1708 5409 sucum
1728 5339 1803 5408 ejus.
1827 5339 1891 5410 lpse

181 5415 264 5483 sequi
285 5417 453 5489 principum
476 5419 697 5490 prouinciarum
719 5419 872 5478 victoriam
895 5421 1007 5477 obtine-
1062 5422 1167 5481 Hazael
1181 5423 1245 5480 tulit
1258 5440 1395 5497 pannum
1403 5431 1431 5484 ct
1441 5427 1642 5486 madefactum
1651 5426 1892 5501 expanditsuper

1104 5585 1160 5660 (50)
1176 5589 1249 5646 Sunt
1260 5588 1313 5662 qui
1326 5590 1394 5648 caii
1405 5591 1514 5663 legant.

1901 5542 1910 5587 l
