3832 6044
160 111 229 164 tuta

344 106 496 198 ducents
516 109 561 164 DE
582 110 609 166 S.
631 111 778 167 vtu‘rutta
798 112 873 166 OPP.
894 112 982 167 PARS
1002 114 1022 166 l.
1044 140 1078 151 -
1098 113 1298 168 exaltarunt.
1318 143 1352 152 -
1374 116 1404 169 ll.
1425 115 1459 168 lN
1479 113 1688 168 teuerstatt.

1800 114 1868 167 tote

155 233 291 290 videlieet
302 233 405 290 Christi
417 233 554 290 nativitas
569 249 622 306 per
634 234 756 304 angelos
769 235 905 293 nuntiata
919 239 981 291 est:
1001 238 1025 290 h
1039 235 1131 292 ritatis
1144 237 1389 310 dispositionibus
1403 237 1545 305 angelicis
1560 252 1590 292 se
1605 233 1773 291 inclinarit.
1791 252 1806 285 ‹
1820 236 1869 288 lte·

155 317 291 373 nativitas
303 333 425 390 quoque
440 317 633 390 prrecurseris
656 319 721 389 ejus
749 335 802 392 per
818 319 983 376 Gabrielem

155 404 297 475 angelum
311 404 419 474 legitur
431 404 577 461 urentiata.
604 430 617 454 ιι
636 406 692 474 Sie,
707 407 812 480 inquit,
838 407 984 463 divinissi-

155 510 224 550 mus
240 492 356 549 Gabriel
370 492 543 549 Zachariam
552 494 676 567 quidem
686 512 838 552 summurn
848 497 984 552 sacerdo-

157 586 216 638 tem
229 581 330 639 docuit
344 582 496 654 mysteria,
516 583 572 638 boc
589 589 641 650 est,
659 601 785 657 puerum
801 585 985 642 naseiturum

156 687 193 726 ex
207 669 272 743 ipso
288 674 392 726 contra
406 687 501 743 spem,
514 671 650 744 ›quiaer
660 673 747 728 sterili
763 677 858 753 mirtrc
874 677 902 729 et
915 689 984 728 sene

155 763 258 833 patre:
275 759 370 830 grath
384 758 486 816 divina
501 783 514 810 «
529 761 706 833 Proplrctam
722 762 783 818 fore
794 762 985 818 manifestan-

156 847 203 904 ‹1ae
215 846 306 904 virilis
321 847 429 905 dirime
446 849 625 922 operationis
639 853 708 906 lesu
718 851 832 906 rmmdo
843 851 984 906 divinitus

157 941 185 993 et
200 936 376 992 salutariter.
391 940 452 992 »sle
468 937 491 992 si
505 937 632 993 diceret:
650 938 856 994 llirinissimus
869 939 985 995 tialnicl

156 1025 258 1082 docuit
267 1025 440 1082 Zachariam
451 1043 604 1082 summum
619 1027 899 1100 saeenlotem,quod
910 1045 985 1102 puer

156 1113 324 1170 nasciturus
338 1130 374 1170 cx
384 1114 450 1188 ipso
465 1116 612 1189 propheta
629 1116 703 1172 toret
718 1117 898 1190 operationis
916 1120 985 1174 lesu

156 1203 264 1277 virilis1;
291 1204 407 1277 quiain
432 1210 539 1261 natura
564 1206 767 1274 humanitatis,
795 1224 856 1280 qua
880 1225 984 1263 sexum

157 1293 255 1349 carnis
269 1293 440 1366 assumpsit,
458 1294 590 1351 exhibita
602 1299 645 1350 cst
659 1314 665 1358 ;
682 1299 710 1351 et
724 1295 841 1367 (livinae,
851 1296 922 1368 quia
932 1312 986 1369 per

155 1381 320 1456 potentiam
339 1380 509 1450 divinitatis,
532 1381 561 1437 in
582 1399 643 1455 qua
662 1382 883 1439 ctiamcarnem
898 1401 985 1440 suam

156 1469 299 1537 condidit,
313 1473 357 1526 est
371 1469 510 1542 perfecta.
532 1470 726 1543 operationis,
751 1471 829 1544 dioc,
846 1473 984 1529 manitas-

1040 324 1175 397 spieiam,
1189 326 1294 399 iuquit,
1311 327 1400 383 ctiam
1424 327 1461 383 ad
1475 324 1741 382 excellentissimas
1754 322 1870 396 appari·
1904 302 1912 341 ⁸

1040 414 1133 470 tiones
1149 415 1337 489 eloquiorum
1362 417 1493 482 luminis,
1510 437 1524 468 »
1547 416 1640 471 idest
1667 412 1870 487 apparitiones

1040 503 1133 575 ipsius
1147 507 1216 561 lesu
1229 505 1343 572 Cluisti,
1356 505 1480 579 quando
1492 505 1624 560 videlicet
1639 503 1702 576 ipse
1716 501 1870 573 tesnaqui

1039 591 1141 648 lumen
1157 599 1328 661 astrorum,
1343 595 1372 650 in
1388 611 1477 650 carne
1499 599 1654 666 assumpta
1677 590 1807 648 risibilis
1821 605 1870 662 ap

1040 682 1148 752 paruit.
1165 685 1235 749 Qum
1250 683 1451 756 apparitiones
1467 682 1587 738 luminis
1615 679 1868 737 excellentissime

1041 770 1179 841 existunt,
1195 790 1256 846 pue
1272 774 1383 829 crateris
1398 773 1538 829 onuribus
1558 770 1802 846 apparitionibus
1815 768 1868 826 elo

1041 860 1192 932 quiorum,
1207 862 1235 917 id
1248 868 1292 919 est
1310 879 1371 934 prre
1396 863 1507 918 catoris
1520 862 1661 917 omnibus
1677 859 1868 933 apparitioni-

1039 949 1097 1004 bus
1111 966 1179 1022 qure
1194 950 1224 1006 in
1240 951 1364 1024 eloquiis
1391 951 1482 1007 saeris
1498 950 1679 1016 referentum
1698 948 1776 1021 quia
1797 964 1867 1002 nun·

1040 1054 1133 1111 qnam
1148 1039 1230 1112 prius
1245 1040 1284 1096 itu
1299 1041 1473 1097 excellenter
1489 1043 1564 1095 bens
1578 1039 1695 1095 mundo
1717 1053 1752 1093 sc
1780 1038 1868 1092 inani-

1041 1127 1166 1194 lestarit,
1179 1128 1254 1185 sieut
1268 1129 1392 1203 quando
1402 1129 1432 1185 ιιι
1448 1145 1535 1185 carne
1551 1133 1707 1201 assumpta
1729 1126 1795 1198 ipse
1807 1125 1867 1182 visi-

1039 1216 1107 1272 bilis
1125 1217 1272 1291 apparuit.
1288 1218 1333 1274 nd
1352 1219 1407 1274 bas
1421 1219 1519 1290 igitur,
1543 1218 1638 1291 inquit
1665 1215 1867 1290 apparitiones

1041 1304 1162 1361 luminis
1175 1306 1392 1362 excelsissimas
1401 1323 1463 1379 pne
1477 1305 1616 1362 omnibus
1628 1302 1866 1377 apparitionibus

1040 1394 1228 1468 eloquiorum
1241 1395 1407 1469 respiciam,
1425 1402 1456 1452 ut
1469 1396 1498 1452 in
1511 1395 1553 1452 eis
1563 1395 1651 1451 etiam
1662 1395 1721 1450 hoe
1734 1392 1866 1466 probem,

1040 1484 1122 1556 <prod
1138 1483 1240 1540 divina
1255 1501 1366 1540 areana
1390 1484 1420 1541 ιιι
1443 1483 1580 1540 homines
1594 1499 1648 1555 per
1673 1481 1801 1550 angelos
1815 1481 1867 1535 dis-

155 1559 254 1617 tandoe
267 1558 382 1614 sstUssth
394 1575 449 1632 Pssl'
459 1576 527 1616 eum
539 1559 691 1632 divinitus,
706 1564 734 1617 tt
749 1560 983 1628 salutariter-,boe
1001 1603 1020 1656 B
1040 1577 1213 1643 pensantur.
1231 1573 1259 1630 Si
1275 1573 1355 1629 enim
1370 1572 1448 1628 eirea
1462 1572 1545 1627 illurn
1561 1570 1727 1635 bominem,
1759 1569 1812 1642 qui
1825 1585 1868 1623 sn·

155 1654 199 1706 est
214 1648 394 1705 adsalutem
409 1648 515 1705 mundi
529 1649 671 1706 divinitus
690 1655 913 1724 proventuram.
931 1655 984 1707 lto-

156 1734 216 1790 euit
242 1735 322 1791 enim
352 1735 432 1792 idem
461 1736 662 1794 divinissimus
689 1739 805 1795 Gabriel
834 1740 982 1796 «hieriam

155 1826 321 1897 quomodo,
338 1845 353 1880 ι
370 1827 480 1883 scilicet
492 1851 504 1876 «
520 1827 550 1883 ιιι
564 1828 630 1901 ipsa
644 1851 657 1878 a
681 1828 756 1884 toret
768 1829 983 1901 complendum

154 1913 288 1971 ditinum
307 1916 483 1988 mysterium
509 1917 667 1974 ineffabilis
696 1917 804 1973 divinae
832 1917 984 1974 formatio·

154 2001 210 2058 nis.
226 2025 240 2054 a
266 2003 351 2070 Quod
380 2004 489 2061 scilicet
512 2005 614 2062 divina
639 2005 772 2079 operatio
795 2005 983 2062 ineffabiliter

155 2106 246 2164 super
259 2108 359 2160 usum,
374 2097 402 2149 et
415 2092 512 2163 legem
527 2098 641 2151 natmae
655 2094 692 2150 de
707 2111 795 2151 earne
811 2095 904 2168 ipsius
926 2094 983 2150 rir-

154 2180 231 2249 ginis
246 2179 309 2237 sinc
323 2180 415 2237 virilis
430 2181 550 2237 seminis
563 2182 740 2239 admistione
754 2199 875 2239 earnem
887 2198 983 2239 sume·

153 2273 207 2337 ret,
224 2273 332 2326 etcum
345 2269 555 2326 indumentum
574 2270 660 2326 Verbi
686 2270 785 2327 aeterni
810 2270 984 2327 mirabiliter

154 2355 305 2416 formaret.
322 2380 336 2409 α
351 2363 401 2416 nst
412 2358 488 2416 alius
502 2358 679 2430 angelorum
693 2360 802 2432 loseph
816 2359 981 2431 erudiebat,

153 2446 309 2517 quomodo
337 2464 406 2503 vere
434 2447 628 2520 implerentur
656 2447 797 2503 divinitus
836 2447 985 2520 promissa

153 2535 335 2606 progenitori
348 2535 451 2593 David.
468 2555 482 2586 s
498 2536 530 2592 ld
544 2540 598 2605 est,
611 2536 765 2609 quomodo
789 2535 985 2609 implerentur

153 2625 540 2697 ea‚quepromtssae1·ant
564 2625 703 2682 divinitus
725 2626 781 2682 hoo
806 2629 849 2682 est
878 2643 895 2682 a
925 2629 984 2681 lleo

153 2713 339 2783 progenitori
352 2714 416 2784 ejus
432 2715 536 2771 ltarid.

189 2873 205 2907 ι
224 2853 305 2909 illius
318 2870 390 2910 vero
400 2859 535 2927 pastores
546 2859 692 2928 tanquam
699 2857 862 2913 multorum
877 2856 983 2926 reditu,

1041 1677 1093 1733 per
1107 1661 1245 1717 homines
1260 1667 1304 1717 est
1313 1660 1447 1729 angelica
1461 1659 1642 1732 dispensatio
1654 1675 1716 1714 non
1728 1663 1776 1713 est
1787 1673 1867 1729 repu-

1040 1749 1369 1821 diatu,quantemagis
1388 1749 1418 1805 in
1448 1749 1499 1816 eis,
1522 1748 1573 1821 qui
1598 1751 1722 1820 peceato
1752 1744 1867 1802 obnoxii

1040 1844 1118 1905 stult,
1133 1844 1161 1895 et
1176 1838 1205 1893 in
1221 1839 1349 1895 tenebris
1363 1837 1536 1906 ignorantie
1550 1835 1701 1892 constituti
1725 1834 1868 1909 probatur

1040 1944 1103 1983 esse
1114 1927 1291 1983 neeessaria.
1309 1931 1339 1982 ln
1355 1926 1404 1982 illo
1418 1942 1488 1998 ergo
1503 1924 1635 1990 homine,
1650 1922 1704 1996 qui
1719 1928 1817 1995 caput
1830 1927 1868 1976 est

1039 2016 1208 2084 hominum,
1225 2031 1387 2083 agnoscere
1402 2031 1564 2088 possumus
1587 2012 1660 2085 quid
1687 2013 1726 2067 de
1743 2011 1812 2067 aliis
1823 2011 1869 2066 bo

1039 2105 1180 2173 minibus,
1197 2104 1340 2161 membris
1354 2105 1419 2175 ejus
1434 2103 1541 2159 sentire
1555 2102 1734 2158 debeamus.

1076 2248 1090 2280 ι
1109 2227 1200 2282 Video
1215 2224 1305 2293 enim,
1320 2225 1425 2298 iuquit,
1443 2239 1587 2295 quomam
1603 2227 1632 2278 et
1646 2238 1711 2294 ipse
1723 2223 1814 2276 lesus
1828 2237 1870 2274 su·
1907 2251 1910 2289 t

1039 2316 1257 2392 peretrlestium
1273 2314 1469 2372 essentiarum
1496 2313 1527 2368 iu
1556 2309 1818 2384 superessentialis
1832 2326 1870 2365 es

1039 2403 1133 2458 sentia
1147 2403 1186 2459 ad
1200 2403 1240 2470 id,
1257 2402 1339 2476 quod
1354 2401 1521 2458 secundum
1536 2416 1592 2456 nos
1605 2405 1658 2466 est,
1676 2397 1869 2455 immutabili·

1039 2497 1082 2548 ter
1097 2492 1229 2559 veniens,
1243 2508 1304 2548 uon
1320 2490 1419 2559 resilit,
1436 2507 1454 2547 a
1473 2506 1504 2545 se
1518 2489 1655 2545 ordinata
1670 2492 1700 2544 et
1715 2493 1872 2559 assumpta

1041 2582 1176 2637 humana
1203 2580 1426 2637 ordinatione.»
1456 2583 1530 2652 lpse,
1559 2577 1664 2650 inquit,
1694 2579 1794 2642 lesus,
1823 2574 1871 2648 qni

1040 2670 1205 2726 secundum
1231 2669 1415 2725 divinitatem
1431 2684 1527 2734 suam,
1550 2683 1611 2740 qua
1636 2665 1781 2721 universa
1807 2662 1870 2718 sub

1041 2759 1147 2814 sistunt
1179 2757 1434 2830 supercoelestium
1462 2771 1583 2828 qnoque
1607 2754 1821 2823 essentiarum,
1843 2750 1869 2806 id

1040 2852 1084 2902 est
1098 2846 1302 2916 angelicorum
1319 2846 1487 2919 spirituum,
1503 2846 1555 2917 qui
1570 2859 1630 2900 non
1644 2842 1745 2898 solum
1758 2847 1869 2897 terrena
1906 2882 1908 2939 t

154 2946 182 2999 et
197 2941 313 2998 silentio
337 2946 481 3015 purgatos
494 2943 718 3013 evangelizavit:
736 2948 846 3001 etcum
859 2962 895 3001 co
909 2946 984 3001 mul-
1005 2958 1025 3012 c
1041 2933 1178 3008 puritate,
1197 2934 1247 2989 set]
1262 2937 1290 2991 tt
1304 2933 1435 2990 antestio
1457 2949 1578 3006 quoque
1604 2930 1768 2987 subtilitate
1783 2934 1871 2986 trtsss‘

155 3031 250 3088 titudo
274 3030 420 3087 exercitus
436 3030 561 3088 coelestis
577 3031 669 3088 'illam
693 3033 777 3090 valde
802 3033 985 3091 laudabilem

153 3121 313 3178 tradebant
322 3121 367 3190 iis,
383 3122 436 3195 qui
447 3122 477 3178 in
492 3126 571 3179 terra
585 3127 663 3191 sunt,
677 3123 879 3195 doxologiam.
892 3125 983 3192 nlius,

154 3211 260 3285 inquit,
290 3228 411 3268 rursum
440 3212 564 3284 angelus
600 3214 812 3283 evangelizavit
839 3221 983 3287 pastores,

154 3306 301 3376 tanquam
322 3307 476 3375 purgatos,
506 3308 534 3359 et
557 3319 649 3376 pmos
675 3303 795 3360 effectos
822 3305 984 3361 multorum

154 3392 260 3460 reditu,
275 3410 290 3445 ›
306 3391 337 3447 id
351 3397 396 3448 est
410 3392 596 3466 separatione
612 3391 655 3448 rel
670 3394 874 3464 segregatione
887 3393 972 3449 multi

155 3480 276 3549 tudinis,
288 3485 317 3537 et
331 3481 484 3550 tumultus,
500 3485 528 3538 et
538 3482 675 3555 strepitus
688 3500 694 3549 3
707 3486 735 3538 et
745 3483 984 3555 purgatosetiam

155 3567 282 3639 silentio,
297 3568 327 3623 id
342 3572 384 3624 est
394 3570 492 3642 quiete
508 3570 616 3626 mentis
630 3575 659 3626 et
673 3587 747 3643 paee
761 3572 887 3637 interna,
908 3576 939 3628 ut
954 3571 984 3627 in

85 3699 88 3704 f
154 3657 212 3713 hoc
226 3655 293 3729 ipso
307 3655 390 3727 digni
405 3658 574 3727 Evangelio,
589 3663 617 3715 et
631 3660 806 3730 Evangelico
819 3661 922 3717 tierent
943 3666 983 3716 at·

154 3744 268 3819 loquio,
285 3745 369 3818 quod
383 3761 518 3803 seorsum
530 3763 547 3804 a
562 3747 750 3804 medtitudine
760 3748 798 3804 ad
809 3749 984 3822 semetipsos

154 3835 313 3893 redeuntes
328 3835 358 3891 in
374 3835 499 3903 silentio,
524 3840 553 3892 et
575 3836 673 3909 quiete
699 3836 807 3892 mentis
835 3837 985 3893 constituti

156 3923 296 3996 spiritalis
307 3923 542 3979 annuntiationis
554 3940 682 3996 capaces
695 3924 875 3981 exstiterant.
903 3927 985 3982 Unde

154 4009 301 4083 paulatim
314 4015 462 4066 crescente
482 4011 577 4079 gratia
591 4016 658 4085 post
686 4013 775 4069 nnins
802 4013 984 4083 evangeliza-

156 4097 267 4155 tionem
282 4097 408 4155 ooelestis
435 4100 580 4157 exercitus
603 4101 762 4158 imdtitudo
789 4102 917 4170 auditur,
933 4104 986 4176 qui

1040 3022 1180 3091 cendunt,
1196 3023 1324 3080 essentia
1337 3027 1396 3087 est,
1417 3038 1471 3078 nee
1487 3020 1583 3077 solum
1598 3018 1738 3087 essentia,
1755 3016 1868 3091 quiain

1040 3126 1075 3167 eo
1088 3109 1269 3176 subsistunt3
1286 3109 1340 3165 sed
1354 3106 1608 3182 superessentialis
1628 3105 1770 3171 essentia,
1802 3102 1868 3175 quia

1039 3196 1156 3267 adejus
1179 3197 1379 3270 aequalitatem
1405 3213 1465 3252 non
1495 3196 1675 3269 pertingunt.
1709 3197 1775 3266 lpse
1790 3194 1868 3247 lesus

1040 3285 1126 3355 trrrjus
1152 3285 1310 3341 ineffabilis
1338 3285 1480 3356 majestas
1499 3291 1527 3340 et
1552 3282 1713 3338 divinitatis
1739 3280 1868 3354 potentia

1041 3372 1256 3447 ipsosquoque
1281 3373 1403 3443 angelos
1431 3378 1458 3428 et
1485 3375 1582 3445 portat
1610 3387 1663 3444 per
1688 3370 1829 3439 gratiam,
1845 3373 1870 3423 et

1040 3463 1221 3518 transcendit
1231 3480 1284 3536 per
1299 3468 1448 3525 naturam,
1462 3462 1585 3518 veniens
1600 3459 1639 3516 ad
1664 3458 1696 3514 id
1726 3458 1813 3531 quod
1832 3473 1870 3511 se·

1038 3551 1242 3608 eundum-nos
1253 3557 1305 3618 est,
1321 3552 1378 3607 hoc
1391 3556 1443 3617 est,
1461 3551 1498 3607 ad
1515 3548 1737 3621 susceptionem
1762 3545 1868 3610 carnis,

1037 3658 1105 3714 quur
1120 3646 1228 3697 nostrie
1243 3645 1356 3697 naturoe
1385 3645 1457 3708 crat,
1484 3644 1511 3696 et
1526 3638 1613 3694 nobis
1628 3636 1733 3692 similis
1745 3639 1830 3701 erat;
1845 3639 1870 3689 et

1038 3729 1262 3785 immutabiliter
1275 3729 1407 3798 verricus,
1423 3730 1480 3785 hoe
1495 3733 1548 3795 est,
1576 3727 1640 3782 siue
1659 3724 1868 3791 diminutione,

1039 3818 1085 3874 rel
1100 3818 1263 3874 mutatione
1279 3835 1340 3874 snae
1355 3818 1526 3887 divinitatiS,
1554 3832 1615 3873 non
1643 3814 1736 3870 resilit
1764 3813 1806 3869 ab
1820 3814 1868 3869 bu-

1039 3921 1129 3962 mana
1144 3905 1340 3973 ordinatione,
1356 3907 1413 3962 hoc
1429 3912 1472 3962 est
1486 3905 1525 3961 ab
1536 3903 1723 3960 ordinatione
1735 3903 1799 3958 sire
1809 3901 1867 3971 lege

1039 3994 1217 4051 humanitati
1241 3994 1356 4050 dubita.
1386 3994 1587 4060 ordinatione,
1629 3991 1708 4055 dieo,
1739 3990 1866 4063 primum

1039 4084 1078 4140 ab
1114 4099 1149 4139 eo
1185 4083 1332 4151 ordinata,
1375 4083 1498 4157 quando
1535 4081 1617 4155 prius
1643 4079 1802 4136 bominem
1829 4078 1866 4133 ιιι-

155 4186 335 4246 illamvalde
347 4188 528 4247 laudabilem
556 4190 759 4261 doxologiam,
784 4191 815 4247 id
830 4196 874 4248 est
898 4193 986 4266 hym·
1038 4172 1143 4227 Stt'dl'it
1171 4189 1178 4227 ²
1205 4176 1308 4245 P⁰St⁰³
1332 4171 1371 4227 ab
1398 4187 1434 4228 ⁰0
1474 4172 1629 4245 assumpta
1664 4167 1793 4240 qua¹¹d0
1818 4166 1866 4221 ¹¹¹¹·

155 4292 230 4335 num
245 4273 568 4349 perigrinantium
580 4280 673 4354 quiin
685 4285 763 4338 terra
777 4285 847 4338 sunt
859 4282 1023 4370 homini-D
1040 4260 1190 4316 inanitatis
1207 4261 1335 4317 tormam
1350 4265 1378 4317 et
1393 4264 1530 4317 naturam
1541 4347 1545 4357 Ι
1558 4255 1698 4329 suscepit.
1727 4257 1756 4314 Si
1772 4260 1864 4312 annm

155 4368 215 4426 bus
228 4369 621 4428 scssjcetbonaevolungafig
1039 4348 1205 4405 humanam
1230 4354 1368 4405 naturam
1397 4351 1617 4421 assumpsisset,
1646 4347 1673 4400 et
1703 4345 1866 4400 humanam

1041 4437 1243 4495 conditionem
1262 4443 1423 4512 respueret,
1451 4438 1490 4494 ab
1519 4438 1656 4492 humana
1681 4432 1866 4490 ordinatione

193 4525 621 4600 Sequiturteltespieiamque
632 4529 661 4581 et
673 4524 712 4581 ad
723 4524 986 4583 excellentissimas
1039 4525 1171 4583 resiliret.
1201 4527 1290 4593 Quasi
1320 4527 1399 4583 enim
1421 4526 1533 4583 resilire
1560 4525 1600 4580 illi
1625 4529 1714 4591 esset,
1732 4522 1774 4589 id,
1789 4518 1867 4594 qnod

156 4615 346 4689 eloquiorum
360 4615 481 4671 luminis
494 4615 736 4689 apparitiones»
759 4619 798 4672 Ae
811 4615 836 4671 si
850 4615 984 4673 diceretz
1038 4633 1092 4690 per
1133 4622 1272 4675 naturam
1314 4621 1535 4692 assumpserat,
1574 4632 1627 4689 per
1665 4613 1866 4671 conditionem

157 4708 221 4761 Non
236 4704 333 4761 solum
348 4705 379 4761 in
393 4705 439 4774 iis,
453 4721 521 4777 quie
532 4706 569 4762 de
584 4704 988 4764 Verbiinearnationehomi-
1038 4706 1117 4764 nolle
1132 4707 1266 4764 tolerare.
1282 4711 1363 4764 Nune
1379 4711 1479 4763 autem
1505 4706 1626 4762 veniens
1640 4704 1679 4760 ad
1701 4704 1867 4759 humanam

156 4791 247 4847 nibus
257 4808 311 4865 par
325 4793 448 4863 angelos
461 4793 597 4850 nuntiata
612 4799 690 4860 sunt,
705 4799 839 4868 apparet,
849 4795 932 4868 quod
943 4795 985 4852 di·
1038 4800 1179 4852 naturam
1200 4812 1253 4868 per
1268 4795 1504 4868 assumptionem
1531 4795 1638 4859 camis,
1666 4793 1707 4849 ab
1736 4793 1867 4849 humana

156 4879 294 4937 vinorum
309 4881 438 4951 cognitio
453 4881 525 4955 ipsis
539 4882 652 4952 angelis
676 4884 878 4940 mediantibus
891 4890 920 4941 et
933 4886 986 4942 mi·
1039 4885 1225 4941 ordinatione
1241 4900 1302 4939 nou
1326 4884 1416 4939 resilit
1430 4900 1483 4956 per
1498 4882 1665 4940 custodiam
1681 4881 1866 4938 lnrmilitatis.

156 4969 397 5027 nistrantibusad
406 4971 985 5049 hominesdescendit;sedinipsaquo·
1039 4973 1128 5029 ‹Sed
1142 4972 1285 5028 obediens
1312 4974 1450 5029 subditur
1477 4971 1726 5045 dispositionibus
1753 4971 1804 5026 llei
1824 4973 1868 5026 Pa·

156 5060 452 5136 quepersonallerbi
476 5060 621 5117 incarnati
645 5061 725 5118 idem
751 5063 842 5119 videri
867 5069 983 5137 potest:
1039 5064 1089 5119 tris
1110 5063 1309 5136 perangelos,
1326 5082 1340 5114 s
1356 5063 1435 5118 eirca
1462 5064 1526 5134 ejus
1540 5060 1762 5118 humanitatem
1777 5058 1868 5116 admi·

156 5167 225 5223 quea
239 5147 306 5206 licet
319 5148 480 5206 divinitatis
494 5149 648 5222 majestate
675 5151 789 5222 angelis
813 5152 982 5224 imperaret,
1038 5153 1167 5209 nistratis
1184 5171 1191 5208 ε
1208 5158 1264 5208 «et
1274 5169 1328 5225 per
1341 5153 1456 5208 medios
1470 5152 1552 5225 ipsos
1568 5171 1583 5202 ›
1606 5149 1744 5221 angelos,
1775 5148 1806 5205 id
1830 5152 1868 5204 est

157 5257 193 5298 ea
202 5246 384 5312 tamen,qu‹e
395 5239 472 5296 eirca
481 5240 546 5310 ejus
557 5240 774 5297 humanitatem
783 5243 984 5313 temporaliter
1038 5243 1239 5299 mediantibus
1258 5243 1329 5313 ipsis
1349 5242 1462 5311 angelis
1478 5260 1493 5294 ι
1508 5239 1703 5296 annuntiatur
1717 5239 1867 5312 loseph»

154 5328 293 5385 iacienda
304 5327 431 5396 lucrant,
443 5344 496 5401 per
507 5327 631 5398 angelos
641 5328 734 5384 voluit
746 5328 912 5400 dispensari
929 5348 935 5384 :
953 5329 984 5385 ln
1038 5335 1140 5403 utpote
1176 5330 1343 5402 pedagogo
1379 5330 1510 5386 infantiae
1549 5330 1623 5399 ejus,
1653 5351 1668 5379 ι
1698 5328 1867 5384 recessio»

155 5416 213 5473 hoc
228 5417 293 5489 ipso
307 5417 508 5474 conditionem
518 5416 710 5473 humanitatis
724 5417 881 5487 dignanter
894 5417 985 5472 susci·
1036 5418 1130 5491 ipsius
1159 5438 1175 5472 ι
1189 5418 1241 5473 filii
1256 5437 1271 5470 ›
1286 5419 1335 5474 bei
1361 5420 1429 5475 «ad
1443 5422 1604 5491 AEgyptum
1619 5436 1634 5469 ›
1655 5432 1674 5472 a
1701 5419 1789 5474 Patre
1815 5421 1870 5473 beo

155 5501 251 5573 piens,
265 5506 347 5577 quod
363 5506 629 5563 omnineeessitate
641 5522 745 5561 careus
761 5504 985 5578 soladispensa-
1037 5507 1190 5581 disposita,
1221 5528 1236 5560 ‹
1261 5513 1288 5564 et
1315 5508 1421 5565 iterum
1446 5508 1485 5565 ad
1512 5508 1646 5564 ludteam
1678 5523 1713 5561 ex
1744 5510 1870 5580 AEgypto

158 5588 984 5667 tioneadexemplumhumanitatisetdoeumentumre-
1036 5596 1222 5662 traductio»
1238 5595 1299 5654 sive
1312 5596 1454 5655 reductio.
1484 5615 1501 5652 ‹
1517 5596 1574 5654 Sed
1589 5601 1618 5652 et
1631 5595 1746 5668 ipsum,
1762 5596 1868 5670 iuquit,
