3832 6044
663 115 1067 177 teneraetenerae&
1659 125 1711 181 310

94 237 237 297 deorsum
251 237 359 296 elucere
383 242 565 315 precipitur,
583 244 733 317 paenitenti
756 259 826 302 cum
844 243 988 315 Aiungit,
1003 241 1125 299 dicens:
1145 244 1209 300 Non
1228 241 1283 299 des
1304 240 1439 316 requiem
1466 242 1527 312 tibi,
1547 245 1620 321 quia
1640 246 1711 307 item

81 329 227 387 »motione
246 329 398 387 humilitas
420 334 589 390 neccssaria
611 349 676 390 esso
702 334 826 391 demon·
881 332 1055 390 instantiam
1067 333 1180 390 laboris
1194 331 1312 389 ‹levetio
1325 331 1499 393 humilitatis
1518 334 1711 393 commenda·

81 432 114 488 n,
130 417 297 476 secundum
312 420 489 477 sententiam
503 422 676 491 psalmistas,
699 425 752 497 qni
766 422 824 481 ait:
879 421 973 479 bilem
986 425 1048 479 lico
1060 421 1166 478 reddit.
1182 424 1333 478 Postremo
1344 420 1489 479 subinfert
1503 424 1531 479 et
1553 421 1641 479 dicit:
1658 427 1710 481 Ne·

81 509 243 581 natatem,
256 514 284 565 et
298 509 490 568 terminatum
511 512 590 569 Dens
611 528 671 570 reon
685 513 826 584 despicies
881 527 941 585 que
952 515 1048 569 meent
1059 510 1173 586 pupdla
1183 510 1262 568 oculi
1282 509 1333 568 tui.
1349 509 1427 577 Quid
1440 510 1521 568 enim
1541 526 1595 584 per
1615 511 1711 585 pupil-

82 643 88 658 .
105 600 136 674 l).
152 601 315 657 Possumus
334 600 432 658 adimo
454 601 591 660 subtilius
617 603 729 678 aliquid
743 608 827 662 nota-
880 600 942 663 lam
954 600 1042 670 oculi,
1057 600 1115 657 nisi
1129 599 1274 657 hrunilem
1287 599 1475 657 ‹locotionem
1490 600 1711 660 mentisintelli-

81 740 83 747 .
111 688 233 748 nomine
252 688 450 750 deductionis.
476 692 563 760 Quod
587 693 669 750 enim
696 694 823 763 duritem,
880 706 950 761 gere
963 689 1109 747 debemus
1124 689 1138 746 ἱ)
1154 692 1227 747 Cum
1243 702 1315 757 crgo
1329 688 1447 762 requies
1457 704 1518 746 non
1538 690 1635 760 datur,
1657 707 1711 764 pu-

81 794 90 837 t
112 778 235 854 quidem
258 783 414 850 moretum
437 781 489 839 sed
515 786 616 841 tamen
639 787 739 841 motus
759 785 825 858 ejus
879 780 951 852 pilla
964 796 1087 854 quoque
1100 778 1180 837 oculi
1194 777 1320 836 clamat:
1337 778 1445 835 sidem
1456 795 1526 838 earo
1540 779 1611 840 ioris
1636 780 1710 839 attii-

81 866 228 927 tarbitrio
247 868 392 941 dirigitur.
417 871 492 928 Sunt
512 887 583 929 vero
604 873 748 939 nonnulli,
771 873 824 947 qui
879 871 966 942 gitur,
982 870 1062 927 intus
1076 869 1183 926 mentis
1198 869 1317 925 devotio
1331 873 1406 925 orat.

81 956 152 1017 ulios
174 957 279 1015 dentes
304 958 441 1029 viderint,
468 960 580 1018 habere
602 962 696 1019 siccos
719 963 822 1020 oculos
916 960 1078 1031 Conr'terpe,
1100 960 1192 1016 lende
1213 960 1245 1015 in
1268 963 1353 1015 nocte
1375 960 1405 1014 in
1416 958 1568 1028 prevertere
1592 961 1709 1032 vigilie·

81 1051 181 1117 escunt,
196 1047 371 1122 etquadam
390 1048 529 1107 uiolentia
550 1051 700 1125 lacrymas
727 1057 823 1109 extor—
878 1065 955 1106 rum.
984 1052 1130 1106 immuni.
1165 1052 1317 1115 Quantum
1341 1046 1381 1105 ad
1400 1047 1528 1105 litteram
1550 1048 1707 1122 pertinent,

81 1152 126 1206 cs,
141 1138 293 1195 humanos
308 1137 410 1196 oeulos
428 1138 568 1197 simulata
592 1141 821 1215 compunctione
877 1144 935 1197 tres
950 1138 1135 1210 suntsigiliuc
1144 1138 1249 1207 noetis,
1261 1136 1386 1209 singulae
1393 1137 1481 1195 trium
1489 1138 1633 1196 horarum
1643 1155 1709 1213 spa·

81 1227 153 1284 lunt.
170 1228 250 1297 Quos
265 1227 517 1303 pretectorectius
530 1230 679 1304 lacrymas
690 1233 822 1289 extrahe·
877 1230 917 1287 tie
928 1228 1082 1285 distinctis.
1099 1232 1133 1286 lit
1146 1227 1275 1285 mirabili
1302 1227 1372 1285 satis
1396 1227 1618 1300 dispensatione
1642 1244 1709 1302 pro-

82 1315 173 1386 imus,
187 1333 281 1391 quam
296 1317 453 1376 deducere,
472 1321 547 1376 Sunt
560 1320 630 1378 item
645 1320 692 1379 alii
706 1321 760 1394 qui
769 1337 822 1395 per
877 1319 967 1392 pheta
980 1322 1151 1393 peccatores
1165 1318 1205 1375 ad
1213 1317 1418 1392 penitentiam
1428 1317 1566 1385 inritans,
1577 1335 1639 1376 non
1649 1323 1708 1378 sta·

81 1405 207 1463 dentiam
222 1405 320 1464 cordis
333 1422 388 1482 pro
403 1408 548 1465 accidenti
564 1410 745 1468 extrinsecus
760 1426 823 1469 mo
876 1408 930 1465 tim
944 1408 1041 1482 ipsam
1058 1407 1222 1482 poenitendi
1246 1406 1458 1480 perlectionem
1480 1408 1630 1481 proponit,
1654 1410 1707 1466 sed

81 1546 82 1551 ,
97 1494 395 1569 lacrymasinndunt,
410 1513 486 1571 quas
502 1502 603 1556 tamen
614 1499 763 1572 lacrymas
773 1516 823 1557 ue·
876 1497 1021 1569 paulatim
1035 1497 1271 1555 exhortationem
1285 1500 1449 1570 promovet,
1462 1497 1587 1569 utquod
1603 1497 1707 1556 tortas-

81 1598 146 1640 ram
157 1583 214 1658 ipsi
224 1584 373 1654 edueunt;
387 1585 533 1659 quoniam
547 1602 598 1645 eas
612 1588 650 1645 de
661 1592 745 1646 motu
760 1604 822 1647 cor·
840 1621 861 1679 B
876 1586 916 1642 sis
926 1602 1012 1644 mens
1026 1587 1146 1644 infirmo
1161 1586 1249 1644 simrd
1264 1600 1326 1643 uon
1340 1589 1468 1659 caperet,
1493 1585 1608 1643 facilius
1632 1587 1706 1644 divi-

81 1675 162 1730 ›onte
187 1672 311 1747 quidem
338 1679 496 1733 manantes
526 1676 640 1735 ratione
664 1693 725 1735 non
748 1692 822 1751 pree·
876 1692 943 1732 sum
958 1675 1033 1733 farra
1047 1676 1151 1749 possit.
1169 1679 1265 1749 Supra
1281 1675 1489 1749 peccatoribus
1510 1680 1703 1749 praeceperat,

81 1764 111 1819 d.
134 1761 168 1820 lli
189 1766 289 1820 autem
311 1780 389 1838 qnos
410 1781 479 1823 vero
513 1766 646 1841 penitet,
671 1766 820 1844 lacrymas
874 1763 1703 1840 utpropeccatissuislacrymaspoenitendotunderent:

81 1854 141 1920 mt;
156 1851 227 1926 quia
240 1867 294 1926 per
304 1868 335 1909 se
351 1854 389 1910 de
403 1854 469 1929 ipso
490 1856 728 1930 compunctionis
756 1858 820 1915 lon·
875 1855 923 1912 hic
932 1856 996 1929 jam
1010 1855 1145 1929 precipit
1157 1858 1189 1911 nt
1199 1855 1228 1911 in
1240 1852 1430 1911 tribadatione
1443 1870 1498 1911 sua
1512 1855 1601 1912 etiam
1620 1856 1704 1926 justi·

81 1945 216 2012 angentes
228 1943 342 1999 ratione
355 1944 544 2018 praecedente
560 1946 701 2017 ‹lir‘igirnt
718 1952 750 2005 ut
763 1964 819 2005 nec
874 1945 946 2001 tiam
957 1945 1008 2002 llei
1021 1944 1161 2014 laudent;
1177 1944 1219 1999 ibi
1240 1944 1272 2000 in
1285 1947 1372 2000 nocte
1392 1942 1473 2011 flere,
1499 1943 1547 1998 hic
1569 1944 1659 2001 edam
1673 1944 1704 2002 in

81 2030 397 2105 rtperimpaticntium
412 2040 648 2108 erumpentum
664 2051 695 2091 se
716 2037 747 2093 in
765 2038 820 2095 hu·
874 2033 1022 2108 principio
1034 2033 1204 2104 vigiliarum
1217 2034 1257 2090 ad
1275 2032 1378 2089 tletum
1400 2046 1579 2103 consurgere
1606 2032 1701 2104 jubet.

81 2117 200 2177 claudis
215 2136 395 2195 eampuma
419 2127 532 2180 secreto
556 2123 631 2181 alvei
655 2125 701 2181 sui
721 2125 817 2184 larius
873 2123 941 2180 Plus
968 2140 1040 2197 crgo
1078 2129 1121 2182 est
1149 2124 1187 2181 ud
1209 2122 1314 2180 fletum
1337 2136 1526 2192 consurgere,
1549 2138 1643 2196 quam
1658 2139 1703 2180 so·

81 2206 167 2268 dant.
190 2209 320 2276 Qualiter
338 2215 438 2270 autem
457 2213 621 2270 educendce
643 2215 702 2272 sint
723 2215 818 2290 lacry·
872 2214 1031 2271 lummodo
1040 2214 1109 2271 llere
1123 2232 1129 2282 ;
1144 2214 1212 2287 plus
1222 2212 1253 2269 in
1263 2210 1410 2286 principio
1418 2211 1597 2283 uigiliarum,
1608 2228 1702 2288 quam

81 2298 203 2377 pulchre
227 2300 404 2373 insinuatur,
428 2304 551 2378 quanm
573 2304 700 2362 dieitur:
717 2306 818 2364 bedec
871 2302 902 2359 in
916 2307 1013 2360 nocte.
1030 2303 1190 2376 Sequitur:

87 2392 248 2449 torrentem
262 2391 423 2467 lacrymas.
449 2397 574 2454 Torrens
596 2411 728 2470 namque
747 2413 816 2455 cum
907 2392 1038 2463 Effrende
1051 2394 1309 2464 eiectaquemcor
1328 2396 1421 2449 tunm.
1434 2392 1636 2466 Sicutaquam
1651 2408 1702 2452 cor

81 2478 226 2555 oimpetu
240 2483 370 2541 decurrit
382 2503 388 2555 ;
410 2486 461 2542 scd
474 2490 588 2560 quanto
611 2486 816 2544 vehementius
872 2481 1006 2551 effundit,
1018 2481 1070 2555 qni
1080 2498 1117 2538 ex
1131 2481 1236 2540 intimo
1248 2481 1345 2539 cordis
1356 2480 1464 2539 affectu
1473 2481 1624 2555 lacrymas
1634 2498 1701 2558 pro-

81 2574 98 2641 l,
126 2575 209 2630 tanto
230 2573 315 2632 citius
341 2575 509 2648 pertransit.
532 2579 617 2633 Recte
642 2592 713 2649 crgo
735 2593 816 2635 com·
872 2571 962 2640 ducit,
978 2571 1062 2646 quod
1075 2571 1175 2629 adhuc
1190 2569 1310 2645 planius
1324 2570 1480 2628 insinuans
1495 2572 1654 2645 adjungit:

81 2659 155 2719 ionis
168 2662 268 2720 fervor
280 2664 403 2721 torrenti
417 2670 618 2739 comparatur,
630 2667 702 2740 qnia
721 2682 816 2742 quan·
905 2663 985 2720 Leve
996 2663 1038 2720 nd
1050 2678 1117 2720 erim
1129 2678 1237 2720 morans
1252 2668 1329 2719 tens.
1345 2661 1475 2719 Elevutio
1493 2676 1626 2737 namque
1638 2680 1702 2722 ma-

81 2751 126 2825 ior
139 2751 184 2808 vis
194 2752 306 2810 doloris
319 2753 350 2810 in
370 2755 600 2829 compunctione
615 2756 709 2826 fecerit,
733 2761 815 2816 tanto
869 2769 966 2812 nunm
979 2753 1077 2811 cordis
1092 2753 1233 2810 allectum
1246 2751 1393 2825 exprimit.
1421 2752 1471 2809 Vol
1485 2756 1562 2811 certe
1573 2754 1627 2828 qni
1639 2771 1701 2814 ma·

81 2839 178 2898 divina
186 2842 389 2900 consolatione
398 2845 635 2917 superveniente,
645 2847 812 2920 pertransit.
868 2843 1061 2911 nescierant,
1076 2843 1107 2900 in
1121 2843 1296 2900 necessitate
1310 2857 1341 2898 se
1352 2856 1426 2910 esse,
1441 2844 1472 2899 ct
1481 2842 1626 2901 auxilium
1649 2845 1700 2902 de-

81 2929 128 2988 uia
139 2930 281 2990 inchoare
292 2931 408 2992 bonum
417 2950 526 3008 parum
539 2937 670 3009 prodest,
681 2937 739 2994 nisi
748 2953 814 3011 per·
834 2952 855 3009 g
870 2935 999 2992 siderare
1012 2933 1228 2992 demonstrant.
1242 2935 1276 2990 Et
1289 2932 1357 2991 ideo
1369 2938 1447 2990 recte
1460 2933 1592 3007 populus
1606 2934 1636 2991 in
1651 2936 1700 2993 tri-

81 3026 152 3079 enter
166 3026 309 3094 teneatur,
329 3027 406 3081 reete
433 3029 551 3082 secutus
579 3025 736 3099 adjunxit:
761 3030 814 3085 Per
868 3023 1021 3082 bulatione
1035 3024 1221 3094 constitutus,
1237 3038 1347 3081 manus
1361 3023 1401 3080 ad
1415 3038 1485 3080 eum
1509 3023 1595 3094 levat,
1615 3030 1648 3083 ut
1668 3042 1699 3083 se

89 3112 118 3167 et
129 3115 258 3170 noctem.
274 3114 348 3170 Sunt
375 3129 510 3189 namque
522 3115 671 3185 nonnulli,
684 3116 736 3190 qui
746 3121 813 3190 post
867 3129 930 3172 non
940 3113 971 3171 in
985 3113 1046 3170 suis
1060 3113 1183 3181 nribus,
1204 3112 1258 3170 sed
1274 3113 1306 3169 in
1320 3111 1384 3171 solo
1407 3112 1459 3169 [tel
1480 3114 1590 3171 auxilio
1612 3129 1697 3189 spem

80 3212 145 3268 naa,
169 3216 223 3275 per
243 3202 364 3261 inanem
392 3203 524 3260 laetitiam
552 3208 684 3262 mentem
708 3205 812 3266 dissol-
866 3203 978 3261 habere
993 3201 1139 3261 ostendat.
1156 3201 1315 3275 Sequitur:

81 3292 105 3346 et
118 3289 190 3365 quia
204 3305 254 3349 eor
271 3309 359 3350 suum
385 3293 415 3349 iu
438 3310 563 3351 mrerore
589 3299 812 3370 perseveranter
902 3296 963 3351 Pro
976 3294 1089 3365 enimn,
1104 3291 1135 3348 id
1147 3295 1190 3349 est
1200 3306 1255 3366 pro
1269 3292 1338 3363 rita,
1346 3294 1549 3361 paruulorum
1559 3299 1697 3354 turmine·

92 3380 256 3453 negligunt,
272 3383 420 3458 quidquid
428 3385 667 3458 compunctionis
676 3389 811 3459 tempore
865 3385 919 3456 qni
929 3384 1012 3454 sacre
1024 3386 1151 3455 pescant
1163 3382 1195 3438 in
1211 3382 1309 3451 rapite
1331 3382 1462 3438 omnium
1487 3384 1695 3459 compitorum.

81 3468 142 3526 dsse
151 3475 298 3544 poterant,
310 3472 720 3547 perduntpeeeatrixctenim
742 3490 810 3532 con·
866 3473 969 3547 Capita
983 3471 1183 3546 compitorum
1198 3475 1298 3540 suunt,
1312 3470 1364 3528 ubi
1378 3470 1478 3544 plures
1497 3472 1554 3530 uiae
1569 3490 1585 3531 e
1601 3474 1696 3533 divort

81 3560 113 3633 a,
127 3559 203 3618 sieut
221 3565 290 3620 ante
305 3563 544 3638 compunctionis
568 3565 707 3622 ardorem
727 3566 809 3636 gravi
865 3579 898 3621 so
912 3563 1064 3620 venientes
1078 3562 1108 3618 in
1122 3577 1219 3618 unum
1234 3564 1423 3619 concurrunt.
1441 3562 1512 3628 Quae
1522 3562 1589 3621 loca
1598 3566 1694 3639 magis

81 3651 205 3709 neronis
225 3653 313 3709 taedio
338 3669 373 3710 cx
391 3655 595 3712 recordatione
616 3659 808 3730 peccatorum
863 3653 902 3712 ab
916 3652 1090 3710 hominibus
1102 3652 1282 3726 frequentari
1296 3651 1401 3720 solent,
1422 3657 1455 3710 ut
1475 3655 1603 3729 amplior
1626 3672 1695 3714 con-

81 3754 113 3810 ιτ,
126 3741 168 3798 sic
182 3758 404 3819 nonnunquam
420 3749 488 3818 post
508 3745 743 3803 consolationem
766 3746 807 3805 la·
862 3740 939 3800 lusio
952 3741 1027 3799 inibi
1048 3739 1263 3799 tabescentium
1284 3740 1458 3799 insinuetur.
1480 3745 1514 3799 Et
1533 3743 1601 3801 vide
1620 3762 1694 3818 quo·

82 3846 160 3901 rum,
177 3833 296 3890 athana
315 3833 442 3907 diligens
456 3852 584 3893 censura
597 3852 658 3894 non
679 3841 805 3910 premat,
861 3832 954 3889 modo
968 3831 999 3889 in
1009 3836 1090 3889 arcto
1103 3830 1234 3905 reposita
1248 3835 1308 3888 cst:
1324 3830 1378 3888 ubi
1387 3830 1424 3888 dc
1434 3831 1495 3888 vita
1504 3832 1694 3906 impetranda

81 3925 177 3997 eptam
190 3921 325 3980 laetitiam
340 3924 511 3999 dissipatur.
536 3929 570 3983 Et
590 3924 700 3983 idcirco
720 3926 806 3983 valde
863 3936 954 3979 causa
968 3922 1075 3994 agitur,
1089 3920 1213 3996 quando
1223 3926 1362 3995 parentes
1375 3936 1430 3996 pro
1441 3921 1543 3980 anima
1553 3925 1693 3997 parvulo·

81 4010 178 4068 arium
193 4016 278 4070 estut
288 4016 451 4088 postquam
461 4015 699 4089 compunctionis
712 4015 807 4087 gratia
861 4027 928 4068 rum
944 4026 1068 4068 suorum
1083 4026 1205 4068 exorere
1218 4009 1372 4083 jubentur.
1388 4010 1499 4069 ideireo
1519 4016 1619 4069 autem
1641 4028 1693 4089 pa-

81 4116 108 4158 m
119 4116 274 4161 ameerore
289 4105 422 4173 erexerit,
440 4120 495 4162 nec
509 4105 588 4162 hane
610 4107 806 4179 postmodum
860 4107 958 4159 rentes
969 4116 1026 4176 pro
1039 4101 1140 4160 anima
1149 4101 1344 4175 parvulorum
1358 4119 1481 4159 suorum
1501 4118 1624 4162 exorare
1644 4105 1692 4179 ju-

81 4189 159 4250 nitas
182 4209 236 4267 per
259 4194 489 4253 immoderatam
509 4193 640 4252 laetitiam
653 4196 803 4265 dissolvat,
860 4191 969 4249 bantur
981 4209 988 4260 ;
1001 4191 1111 4249 idcirco
1127 4194 1226 4248 autem
1247 4192 1385 4265 parentes
1407 4207 1462 4264 pro
1481 4193 1613 4264 paradis
1630 4195 1691 4251 suis

82 4297 133 4339 am
154 4298 221 4340 cam
244 4283 360 4359 pristini
375 4284 510 4341 meroris
537 4286 671 4343 custodia
681 4286 806 4344 derelin-
821 4314 843 4370 n
861 4281 1029 4356 supplicare
1042 4280 1161 4348 dehent,
1173 4279 1244 4353 quia
1259 4294 1315 4352 pro
1329 4277 1419 4352 culpa
1439 4284 1599 4352 parentum
1623 4299 1692 4356 par-

81 4369 274 4445 tecteitaque,
296 4376 435 4446 peccator
454 4376 593 4430 monetur
606 4388 659 4448 per
673 4373 753 4432 diem
777 4380 806 4435 et
860 4370 921 4428 vuli
947 4386 1070 4446 pernam
1097 4369 1250 4437 sustinent,
1275 4371 1310 4425 ut
1343 4367 1412 4423 inde
1443 4369 1611 4426 remedium
1642 4387 1690 4428 ve·

81 4474 93 4516 r
108 4459 259 4535 lacrymas
273 4461 431 4519 deducere.
447 4462 577 4520 Moeroris
601 4478 734 4537 namque
756 4467 805 4521 tre·
860 4461 932 4531 niat,
944 4461 1024 4518 unde
1036 4459 1117 4517 venit
1130 4458 1304 4533 periculum.

81 4550 220 4626 [uasinox
228 4552 369 4626 quaedam
380 4553 487 4611 mentis
496 4558 539 4611 est
551 4571 558 4624 ;
570 4553 633 4611 dies
644 4569 714 4612 aero
723 4568 804 4612 men·
896 4549 1198 4623 Consurge,lundain
1215 4551 1312 4617 nocte,
1338 4550 1392 4605 etc.
1418 4550 1519 4605 Acme.
1535 4548 1612 4615 Quid
1635 4566 1689 4624 per

81 4640 217 4712 caudium
229 4643 476 4717 compunctionis.
490 4643 579 4710 Quasi
590 4660 661 4715 crgo
670 4659 725 4718 per
733 4660 804 4703 noc·
859 4645 988 4709 noctem,
1018 4638 1075 4696 nisi
1100 4639 1160 4696 vita
1182 4643 1373 4713 peccatorum
1397 4639 1555 4711 signatur?
1581 4639 1688 4708 Quales

81 4745 197 4804 crymas
211 4731 340 4795 deducit,
356 4732 453 4808 quiin
466 4734 601 4791 moerons
627 4733 715 4792 taedio
742 4735 803 4793 ani·
858 4735 942 4788 erant
957 4728 1120 4804 aliquando
1135 4727 1279 4804 liquibus
1293 4728 1687 4806 Paulusloquitnr,dicens:

81 4834 124 4878 ier
138 4822 401 4896 compunctionem
414 4820 532 4880 relevat.
548 4826 600 4881 l’cr
615 4823 695 4882 diem
707 4821 802 4900 lacry-
856 4821 968 4879 Fecistis
983 4821 1148 4894 aliquando
1164 4819 1298 4895 tenebrae,
1309 4836 1391 4879 nunc
1405 4827 1503 4880 nutem
1518 4824 1573 4883 tna
1586 4824 1618 4882 in
1630 4825 1688 4883 Do·

81 4909 194 4980 educit,
222 4912 275 4987 qui
302 4916 370 4985 post
397 4912 636 4987 compunctionis
669 4914 801 4973 laetitiam
856 4913 939 4968 mino
958 4910 1077 4985 (aptes.
1102 4911 1140 4984 r).
1166 4913 1261 4969 Monet
1285 4927 1355 4983 ergo
1375 4914 1568 4988 propheticus
1588 4931 1687 4975 sermo

81 4999 143 5058 nin
157 5016 285 5059 merrorc
304 5006 470 5060 conservat.
487 5003 686 5076 ltieaturergo
706 5005 800 5080 poeni·
856 5004 992 5060 sanctam
1005 5000 1688 5074 Ecclesiam‚utsurgat,etlaudetinnoctesur-

81 5089 177 5146 Deduc
187 5092 274 5166 quasi
284 5096 442 5151 torrentem
453 5092 603 5167 lacrymas
613 5109 668 5168 per
680 5092 758 5152 diem
773 5098 801 5153 et
856 5091 995 5164 gitenim,
1006 5108 1075 5150 enm
1086 5108 1141 5167 pro
1152 5093 1246 5151 salute
1256 5093 1473 5167 proximorum,
1485 5111 1561 5167 qnos
1571 5095 1686 5168 pericli-

81 5182 153 5237 1.Αο’
170 5181 193 5236 si
209 5180 356 5238 diceretur
371 5202 377 5239 ε
392 5181 469 5248 Quid
483 5182 611 5240 multum
625 5187 651 5241 te
659 5199 800 5259 peccasse
856 5183 910 5241 tari
920 5183 1048 5253 vidct,do
1056 5183 1154 5258 quiete
1165 5183 1433 5259 comtemplationis
1441 5182 1480 5240 ad
1493 5198 1570 5257 opus
1579 5183 1685 5256 prendi-

81 5282 151 5338 eras
167 5284 289 5326 necesse
304 5273 348 5327 est
360 5277 392 5328 ut
405 5286 460 5328 nec
474 5271 504 5328 in
517 5272 724 5344 magnitudine
743 5291 800 5331 nee
856 5274 979 5333 cationis
994 5292 1025 5332 sc
1040 5275 1133 5348 erigit.
1146 5278 1178 5332 ln
1189 5277 1274 5331 nocte
1289 5273 1400 5341 laudat,
1412 5271 1536 5347 quando
1547 5278 1684 5347 pcccato-

81 5359 204 5418 urnitatc
219 5359 330 5417 doloris
345 5360 397 5417 tibi
411 5376 527 5436 parcas.
549 5363 606 5420 Sed
628 5363 699 5438 quia
713 5363 800 5421 multi
853 5377 901 5420 res
916 5365 955 5423 ad
968 5364 1173 5439 poenitentiam
1187 5377 1355 5436 provocans
1365 5360 1465 5418 divina
1479 5360 1520 5417 eis
1531 5363 1684 5433 magnalia

81 5465 100 5506 n
128 5449 251 5524 qrddem
282 5451 446 5524 prenitendi
469 5451 601 5510 studium
626 5469 687 5510 non
716 5453 799 5511 dese·
854 5454 1032 5513 manifestat.
1048 5453 1105 5512 Sed
1119 5450 1286 5509 multisunt
1299 5452 1479 5523 peccatores,
1495 5451 1682 5526 quiuerbum

81 5538 116 5595 ed
133 5543 235 5599 tamen
261 5541 300 5599 ah
323 5541 372 5598 illo
399 5541 513 5600 icrvore
528 5559 592 5612 suo,
618 5559 679 5619 quo
703 5559 799 5619 crepe·
853 5544 984 5603 reritatis
999 5543 1101 5602 audire
1116 5542 1207 5600 etiam
1216 5542 1432 5612 contemmunt,
1446 5544 1516 5601 eteo
1526 5545 1623 5616 magis
1631 5562 1682 5604 au·

81 5628 203 5691 certatim
217 5634 351 5708 tempore
368 5632 543 5704 succedente
557 5634 721 5706 tepescunt.
743 5632 799 5693 ltd-
853 5646 918 5703 rem
932 5632 1030 5692 cordis
1044 5630 1083 5693 ad
1096 5630 1218 5693 laudem
1226 5630 1370 5692 mentoris
1379 5644 1440 5691 non
1451 5629 1603 5704 inclinant,
1618 5650 1680 5709 quo
