<?xml version="1.0" encoding="UTF-8"?>
<!DOCTYPE html PUBLIC "-//W3C//DTD XHTML 1.0 Transitional//EN"
    "http://www.w3.org/TR/xhtml1/DTD/xhtml1-transitional.dtd">
<html xmlns="http://www.w3.org/1999/xhtml" xml:lang="en" lang="en">
 <head>
  <title>
</title>
<meta http-equiv="Content-Type" content="text/html;charset=utf-8" />
  <meta name='ocr-system' content='tesseract 3.04.00' />
  <meta name='ocr-capabilities' content='ocr_page ocr_carea ocr_par ocr_line ocrx_word'/>
</head>
<body>
  <div class='ocr_page' id='page_1' title='image "./patrologiaecurs37unkngoog_0155.png"; bbox 0 0 3832 6044; ppageno 0'>
   <div class='ocr_carea' id='block_1_1' title="bbox 183 114 232 167">
    <p class='ocr_par' dir='ltr' id='par_1_1' title="bbox 183 114 232 167">
     <span class='ocr_line' id='line_1_1' title="bbox 183 114 232 167; baseline 0.02 -2"><span class='ocrx_word' id='word_1_1' title='bbox 183 114 232 167; x_wconf 74' lang='lat'>139</span> 
     </span>
    </p>
   </div>
   <div class='ocr_carea' id='block_1_2' title="bbox 332 104 1062 168">
    <p class='ocr_par' dir='ltr' id='par_1_2' title="bbox 332 104 1062 168">
     <span class='ocr_line' id='line_1_2' title="bbox 332 104 1062 168; baseline -0.008 -3"><span class='ocrx_word' id='word_1_2' title='bbox 332 110 482 168; x_wconf 77' lang='lat' dir='ltr'>llllGOb&#39;lS</span> <span class='ocrx_word' id='word_1_3' title='bbox 502 112 546 166; x_wconf 82' lang='lat' dir='ltr'>DE</span> <span class='ocrx_word' id='word_1_4' title='bbox 568 109 595 167; x_wconf 86' lang='lat' dir='ltr'>S.</span> <span class='ocrx_word' id='word_1_5' title='bbox 616 107 763 165; x_wconf 75' lang='lat' dir='ltr'>victoira</span> <span class='ocrx_word' id='word_1_6' title='bbox 783 104 858 165; x_wconf 81' lang='lat' dir='ltr'><strong>OPP.</strong></span> <span class='ocrx_word' id='word_1_7' title='bbox 878 104 966 163; x_wconf 80' lang='lat' dir='ltr'><strong>PARS</strong></span> <span class='ocrx_word' id='word_1_8' title='bbox 986 105 1006 161; x_wconf 94' lang='lat' dir='ltr'>l.</span> <span class='ocrx_word' id='word_1_9' title='bbox 1027 130 1062 144; x_wconf 88' lang='grc'>-</span> 
     </span>
    </p>
   </div>
   <div class='ocr_carea' id='block_1_3' title="bbox 1080 102 1892 161">
    <p class='ocr_par' dir='ltr' id='par_1_3' title="bbox 1080 102 1892 161">
     <span class='ocr_line' id='line_1_3' title="bbox 1080 102 1892 161; baseline 0.001 -1"><span class='ocrx_word' id='word_1_10' title='bbox 1080 102 1376 161; x_wconf 67' lang='lat' dir='ltr'>extenuet-1.</span> <span class='ocrx_word' id='word_1_11' title='bbox 1397 103 1431 158; x_wconf 84' lang='lat' dir='ltr'>IN</span> <span class='ocrx_word' id='word_1_12' title='bbox 1452 103 1479 161; x_wconf 87' lang='lat' dir='ltr'>S.</span> <span class='ocrx_word' id='word_1_13' title='bbox 1502 103 1727 160; x_wconf 73' lang='lat' dir='ltr'>santernum.</span> <span class='ocrx_word' id='word_1_14' title='bbox 1841 106 1892 161; x_wconf 75' lang='lat' dir='ltr'>tle</span> 
     </span>
    </p>
   </div>
   <div class='ocr_carea' id='block_1_4' title="bbox 181 226 1890 311">
    <p class='ocr_par' dir='ltr' id='par_1_4' title="bbox 181 226 1890 311">
     <span class='ocr_line' id='line_1_4' title="bbox 181 226 1890 311; baseline -0.005 -18"><span class='ocrx_word' id='word_1_15' title='bbox 181 236 376 311; x_wconf 74' lang='lat' dir='ltr'>pervenerint,</span> <span class='ocrx_word' id='word_1_16' title='bbox 392 251 453 293; x_wconf 90' lang='lat' dir='ltr'>non</span> <span class='ocrx_word' id='word_1_17' title='bbox 468 236 641 292; x_wconf 87' lang='lat' dir='ltr'>subsistunt.</span> <span class='ocrx_word' id='word_1_18' title='bbox 659 237 723 290; x_wconf 67' lang='lat' dir='ltr'>llaec</span> <span class='ocrx_word' id='word_1_19' title='bbox 744 236 787 290; x_wconf 91' lang='lat' dir='ltr'>est</span> <span class='ocrx_word' id='word_1_20' title='bbox 810 232 857 290; x_wconf 88' lang='lat' dir='ltr'>via</span> <span class='ocrx_word' id='word_1_21' title='bbox 871 231 1007 290; x_wconf 88' lang='lat' dir='ltr'>omnium</span> <span class='ocrx_word' id='word_1_22' title='bbox 1026 233 1122 303; x_wconf 80' lang='lat' dir='ltr'>Aque</span> <span class='ocrx_word' id='word_1_23' title='bbox 1144 229 1227 304; x_wconf 92' lang='lat' dir='ltr'>quod</span> <span class='ocrx_word' id='word_1_24' title='bbox 1242 235 1295 297; x_wconf 88' lang='lat' dir='ltr'>est,</span> <span class='ocrx_word' id='word_1_25' title='bbox 1315 229 1368 285; x_wconf 89' lang='lat' dir='ltr'>sed</span> <span class='ocrx_word' id='word_1_26' title='bbox 1392 227 1480 302; x_wconf 72' lang='lat' dir='ltr'>quam</span> <span class='ocrx_word' id='word_1_27' title='bbox 1505 226 1541 283; x_wconf 84' lang='lat' dir='ltr'>sit</span> <span class='ocrx_word' id='word_1_28' title='bbox 1562 227 1635 283; x_wconf 89' lang='lat' dir='ltr'>illud</span> <span class='ocrx_word' id='word_1_29' title='bbox 1660 229 1742 301; x_wconf 90' lang='lat' dir='ltr'>quod</span> <span class='ocrx_word' id='word_1_30' title='bbox 1765 227 1890 297; x_wconf 82' lang='lat' dir='ltr'>videtin,</span> 
     </span>
    </p>
   </div>
   <div class='ocr_carea' id='block_1_5' title="bbox 178 321 1008 1565">
    <p class='ocr_par' dir='ltr' id='par_1_5' title="bbox 178 321 1008 1565">
     <span class='ocr_line' id='line_1_5' title="bbox 181 321 1005 397; baseline -0.007 -13"><span class='ocrx_word' id='word_1_31' title='bbox 181 327 380 397; x_wconf 81' lang='lat' dir='ltr'>mutabilium,</span> <span class='ocrx_word' id='word_1_32' title='bbox 397 332 426 383; x_wconf 90' lang='lat' dir='ltr'>et</span> <span class='ocrx_word' id='word_1_33' title='bbox 438 327 487 382; x_wconf 88' lang='lat' dir='ltr'>via</span> <span class='ocrx_word' id='word_1_34' title='bbox 502 325 638 382; x_wconf 91' lang='lat' dir='ltr'>omnium</span> <span class='ocrx_word' id='word_1_35' title='bbox 657 322 813 380; x_wconf 77' lang='lat' dir='ltr'>mutabilia</span> <span class='ocrx_word' id='word_1_36' title='bbox 829 321 1005 389; x_wconf 91' lang='lat' dir='ltr'>amantium,</span> 
     </span>
     <span class='ocr_line' id='line_1_6' title="bbox 182 410 1008 488; baseline -0.01 -13"><span class='ocrx_word' id='word_1_37' title='bbox 182 421 210 475; x_wconf 90' lang='lat' dir='ltr'>et</span> <span class='ocrx_word' id='word_1_38' title='bbox 223 415 379 474; x_wconf 84' lang='lat' dir='ltr'>mutabilia</span> <span class='ocrx_word' id='word_1_39' title='bbox 403 413 601 488; x_wconf 86' lang='lat' dir='ltr'>sequentium.</span> <span class='ocrx_word' id='word_1_40' title='bbox 627 415 700 468; x_wconf 80' lang='lat' dir='ltr'>Nam</span> <span class='ocrx_word' id='word_1_41' title='bbox 722 416 750 468; x_wconf 89' lang='lat' dir='ltr'>et</span> <span class='ocrx_word' id='word_1_42' title='bbox 770 410 807 466; x_wconf 91' lang='lat' dir='ltr'>de</span> <span class='ocrx_word' id='word_1_43' title='bbox 830 411 929 485; x_wconf 90' lang='lat' dir='ltr'>impiis</span> <span class='ocrx_word' id='word_1_44' title='bbox 948 410 1008 467; x_wconf 90' lang='lat' dir='ltr'>dic-</span> 
     </span>
     <span class='ocr_line' id='line_1_7' title="bbox 181 501 1003 574; baseline -0.009 -9"><span class='ocrx_word' id='word_1_45' title='bbox 181 513 245 565; x_wconf 87' lang='lat' dir='ltr'>tmn</span> <span class='ocrx_word' id='word_1_46' title='bbox 269 511 312 564; x_wconf 89' lang='lat' dir='ltr'>est</span> <span class='ocrx_word' id='word_1_47' title='bbox 328 525 333 563; x_wconf 92' lang='lat'>:</span> <span class='ocrx_word' id='word_1_48' title='bbox 351 507 387 563; x_wconf 86' lang='lat' dir='ltr'>ln</span> <span class='ocrx_word' id='word_1_49' title='bbox 402 506 530 562; x_wconf 82' lang='lat' dir='ltr'>circada</span> <span class='ocrx_word' id='word_1_50' title='bbox 554 504 640 572; x_wconf 75' lang='lat' dir='ltr'>irrepit</span> <span class='ocrx_word' id='word_1_51' title='bbox 661 501 817 558; x_wconf 73' lang='lat' dir='ltr'>arabartum</span> <span class='ocrx_word' id='word_1_52' title='bbox 841 501 934 574; x_wconf 81' lang='lat' dir='ltr'>(Psoi.</span> <span class='ocrx_word' id='word_1_53' title='bbox 955 502 1003 572; x_wconf 73' lang='lat' dir='ltr'>su).</span> 
     </span>
     <span class='ocr_line' id='line_1_8' title="bbox 181 590 1005 666; baseline -0.011 -12"><span class='ocrx_word' id='word_1_54' title='bbox 181 601 214 654; x_wconf 85' lang='lat' dir='ltr'>Et</span> <span class='ocrx_word' id='word_1_55' title='bbox 227 598 334 654; x_wconf 85' lang='lat' dir='ltr'>iterum</span> <span class='ocrx_word' id='word_1_56' title='bbox 350 614 356 652; x_wconf 77' lang='grc' dir='ltr'><strong>ε</strong></span> <span class='ocrx_word' id='word_1_57' title='bbox 375 596 474 666; x_wconf 80' lang='lat' dir='ltr'>capet</span> <span class='ocrx_word' id='word_1_58' title='bbox 488 595 631 651; x_wconf 79' lang='lat' dir='ltr'>circuitus</span> <span class='ocrx_word' id='word_1_59' title='bbox 653 607 754 649; x_wconf 84' lang='lat' dir='ltr'>earum</span> <span class='ocrx_word' id='word_1_60' title='bbox 769 591 862 662; x_wconf 78' lang='lat' dir='ltr'>(Paul,</span> <span class='ocrx_word' id='word_1_61' title='bbox 880 590 1005 662; x_wconf 76' lang='lat' dir='ltr'>cxxxix),</span> 
     </span>
     <span class='ocr_line' id='line_1_9' title="bbox 180 680 1005 758; baseline -0.013 -12"><span class='ocrx_word' id='word_1_62' title='bbox 180 695 207 746; x_wconf 87' lang='lat' dir='ltr'>et</span> <span class='ocrx_word' id='word_1_63' title='bbox 226 703 306 758; x_wconf 82' lang='lat' dir='ltr'>pone</span> <span class='ocrx_word' id='word_1_64' title='bbox 329 687 397 742; x_wconf 81' lang='lat' dir='ltr'>tttes</span> <span class='ocrx_word' id='word_1_65' title='bbox 424 690 457 740; x_wconf 86' lang='lat' dir='ltr'>et</span> <span class='ocrx_word' id='word_1_66' title='bbox 481 690 592 754; x_wconf 80' lang='lat' dir='ltr'>rotem,</span> <span class='ocrx_word' id='word_1_67' title='bbox 617 683 741 738; x_wconf 81' lang='lat' dir='ltr'>Domine</span> <span class='ocrx_word' id='word_1_68' title='bbox 765 680 858 752; x_wconf 86' lang='lat' dir='ltr'>(Pset.</span> <span class='ocrx_word' id='word_1_69' title='bbox 887 680 1005 752; x_wconf 82' lang='lat' dir='ltr'>nrxru),</span> 
     </span>
     <span class='ocr_line' id='line_1_10' title="bbox 181 769 1005 851; baseline -0.013 -16"><span class='ocrx_word' id='word_1_70' title='bbox 181 774 275 851; x_wconf 82' lang='lat' dir='ltr'>Caput</span> <span class='ocrx_word' id='word_1_71' title='bbox 289 790 410 850; x_wconf 93' lang='lat' dir='ltr'>quoque</span> <span class='ocrx_word' id='word_1_72' title='bbox 424 773 585 846; x_wconf 89' lang='lat' dir='ltr'>impiorum</span> <span class='ocrx_word' id='word_1_73' title='bbox 600 769 736 827; x_wconf 89' lang='lat' dir='ltr'>omnium</span> <span class='ocrx_word' id='word_1_74' title='bbox 755 769 793 826; x_wconf 89' lang='lat' dir='ltr'>de</span> <span class='ocrx_word' id='word_1_75' title='bbox 819 786 849 825; x_wconf 88' lang='lat' dir='ltr'>se</span> <span class='ocrx_word' id='word_1_76' title='bbox 873 773 1005 838; x_wconf 88' lang='lat' dir='ltr'>testatur,</span> 
     </span>
     <span class='ocr_line' id='line_1_11' title="bbox 179 859 1006 933; baseline -0.01 -10"><span class='ocrx_word' id='word_1_77' title='bbox 179 867 282 923; x_wconf 88' lang='lat' dir='ltr'>dicens</span> <span class='ocrx_word' id='word_1_78' title='bbox 309 884 315 922; x_wconf 78' lang='grc' dir='ltr'><strong>ε</strong></span> <span class='ocrx_word' id='word_1_79' title='bbox 343 864 477 920; x_wconf 66' lang='lat' dir='ltr'>Circeius·</span> <span class='ocrx_word' id='word_1_80' title='bbox 504 867 626 933; x_wconf 83' lang='lat' dir='ltr'>terram,</span> <span class='ocrx_word' id='word_1_81' title='bbox 653 865 681 918; x_wconf 90' lang='grc' dir='ltr'>θῖ</span> <span class='ocrx_word' id='word_1_82' title='bbox 705 859 919 930; x_wconf 79' lang='lat' dir='ltr'>perambulavi</span> <span class='ocrx_word' id='word_1_83' title='bbox 942 875 1006 916; x_wconf 87' lang='lat' dir='ltr'>eom</span> 
     </span>
     <span class='ocr_line' id='line_1_12' title="bbox 179 948 1006 1028; baseline -0.008 -16"><span class='ocrx_word' id='word_1_84' title='bbox 179 955 254 1028; x_wconf 74' lang='lat' dir='ltr'>(deb.</span> <span class='ocrx_word' id='word_1_85' title='bbox 271 955 299 1026; x_wconf 86' lang='lat' dir='ltr'>r).</span> <span class='ocrx_word' id='word_1_86' title='bbox 317 955 350 1009; x_wconf 83' lang='lat' dir='ltr'>ut</span> <span class='ocrx_word' id='word_1_87' title='bbox 362 952 400 1009; x_wconf 91' lang='lat' dir='ltr'>de</span> <span class='ocrx_word' id='word_1_88' title='bbox 416 952 481 1024; x_wconf 88' lang='lat' dir='ltr'>ipse</span> <span class='ocrx_word' id='word_1_89' title='bbox 496 948 649 1024; x_wconf 89' lang='lat' dir='ltr'>apostolus</span> <span class='ocrx_word' id='word_1_90' title='bbox 664 949 704 1005; x_wconf 91' lang='lat' dir='ltr'>ait</span> <span class='ocrx_word' id='word_1_91' title='bbox 719 967 726 1005; x_wconf 75' lang='grc' dir='ltr'>ι</span> <span class='ocrx_word' id='word_1_92' title='bbox 744 949 850 1020; x_wconf 75' lang='grc' dir='ltr'>Οιῖηιιῖ</span> <span class='ocrx_word' id='word_1_93' title='bbox 863 954 1006 1020; x_wconf 80' lang='lat' dir='ltr'>tanquam</span> 
     </span>
     <span class='ocr_line' id='line_1_13' title="bbox 181 1038 1006 1115; baseline -0.012 -13"><span class='ocrx_word' id='word_1_94' title='bbox 181 1047 224 1102; x_wconf 87' lang='lat' dir='ltr'>leo</span> <span class='ocrx_word' id='word_1_95' title='bbox 249 1044 367 1115; x_wconf 77' lang='lat' dir='ltr'>rapiens</span> <span class='ocrx_word' id='word_1_96' title='bbox 391 1056 524 1113; x_wconf 81' lang='lat' dir='ltr'>quaerens</span> <span class='ocrx_word' id='word_1_97' title='bbox 537 1055 623 1111; x_wconf 74' lang='lat' dir='ltr'>errem</span> <span class='ocrx_word' id='word_1_98' title='bbox 638 1040 756 1096; x_wconf 76' lang='lat' dir='ltr'>devoret</span> <span class='ocrx_word' id='word_1_99' title='bbox 770 1039 800 1107; x_wconf 88' lang='lat' dir='ltr'>(l</span> <span class='ocrx_word' id='word_1_100' title='bbox 810 1039 892 1095; x_wconf 79' lang='lat' dir='ltr'>Patr.</span> <span class='ocrx_word' id='word_1_101' title='bbox 910 1038 945 1112; x_wconf 91' lang='lat' dir='ltr'>v).</span> <span class='ocrx_word' id='word_1_102' title='bbox 962 1039 1006 1093; x_wconf 86' lang='lat' dir='ltr'>Vi-</span> 
     </span>
     <span class='ocr_line' id='line_1_14' title="bbox 179 1127 1005 1206; baseline -0.008 -16"><span class='ocrx_word' id='word_1_103' title='bbox 179 1134 232 1191; x_wconf 90' lang='lat' dir='ltr'>des</span> <span class='ocrx_word' id='word_1_104' title='bbox 247 1148 318 1204; x_wconf 84' lang='lat' dir='ltr'>ergo</span> <span class='ocrx_word' id='word_1_105' title='bbox 328 1129 566 1206; x_wconf 79' lang='lat' dir='ltr'>quemamodum</span> <span class='ocrx_word' id='word_1_106' title='bbox 577 1127 707 1201; x_wconf 89' lang='lat' dir='ltr'>perversi</span> <span class='ocrx_word' id='word_1_107' title='bbox 719 1143 840 1200; x_wconf 78' lang='lat' dir='ltr'>semper</span> <span class='ocrx_word' id='word_1_108' title='bbox 849 1127 1005 1184; x_wconf 87' lang='lat' dir='ltr'>circuitum</span> 
     </span>
     <span class='ocr_line' id='line_1_15' title="bbox 179 1217 1005 1293; baseline -0.006 -14"><span class='ocrx_word' id='word_1_109' title='bbox 179 1222 315 1293; x_wconf 84' lang='lat' dir='ltr'>diligunt,</span> <span class='ocrx_word' id='word_1_110' title='bbox 333 1225 361 1278; x_wconf 94' lang='lat' dir='ltr'>et</span> <span class='ocrx_word' id='word_1_111' title='bbox 375 1238 393 1278; x_wconf 94' lang='lat' dir='ltr'>a</span> <span class='ocrx_word' id='word_1_112' title='bbox 407 1219 531 1276; x_wconf 86' lang='lat' dir='ltr'>circuitu</span> <span class='ocrx_word' id='word_1_113' title='bbox 553 1235 615 1275; x_wconf 90' lang='lat' dir='ltr'>uon</span> <span class='ocrx_word' id='word_1_114' title='bbox 637 1218 789 1275; x_wconf 88' lang='lat' dir='ltr'>recedunt.</span> <span class='ocrx_word' id='word_1_115' title='bbox 811 1217 922 1275; x_wconf 90' lang='lat' dir='ltr'>ideireo</span> <span class='ocrx_word' id='word_1_116' title='bbox 937 1234 1005 1291; x_wconf 88' lang='lat' dir='ltr'>quae</span> 
     </span>
     <span class='ocr_line' id='line_1_16' title="bbox 179 1305 1005 1386; baseline -0.007 -17"><span class='ocrx_word' id='word_1_117' title='bbox 179 1311 357 1386; x_wconf 88' lang='lat' dir='ltr'>aperversis</span> <span class='ocrx_word' id='word_1_118' title='bbox 378 1324 515 1383; x_wconf 83' lang='lat' dir='ltr'>perverse</span> <span class='ocrx_word' id='word_1_119' title='bbox 543 1311 691 1373; x_wconf 85' lang='lat' dir='ltr'>amantur,</span> <span class='ocrx_word' id='word_1_120' title='bbox 718 1306 807 1363; x_wconf 89' lang='lat' dir='ltr'>etiam</span> <span class='ocrx_word' id='word_1_121' title='bbox 827 1305 892 1379; x_wconf 90' lang='lat' dir='ltr'>ipsa</span> <span class='ocrx_word' id='word_1_122' title='bbox 906 1307 936 1363; x_wconf 92' lang='lat' dir='ltr'>iu</span> <span class='ocrx_word' id='word_1_123' title='bbox 951 1305 1005 1363; x_wconf 89' lang='lat' dir='ltr'>eir-</span> 
     </span>
     <span class='ocr_line' id='line_1_17' title="bbox 179 1394 1005 1469; baseline -0.008 -11"><span class='ocrx_word' id='word_1_124' title='bbox 179 1401 260 1458; x_wconf 91' lang='lat' dir='ltr'>cuitu</span> <span class='ocrx_word' id='word_1_125' title='bbox 274 1399 376 1456; x_wconf 91' lang='lat' dir='ltr'>omnia</span> <span class='ocrx_word' id='word_1_126' title='bbox 387 1402 510 1455; x_wconf 89' lang='lat' dir='ltr'>currunt</span> <span class='ocrx_word' id='word_1_127' title='bbox 520 1397 551 1453; x_wconf 90' lang='lat' dir='ltr'>in</span> <span class='ocrx_word' id='word_1_128' title='bbox 562 1395 765 1453; x_wconf 89' lang='lat' dir='ltr'>testimonium</span> <span class='ocrx_word' id='word_1_129' title='bbox 778 1394 843 1464; x_wconf 88' lang='lat' dir='ltr'>illis,</span> <span class='ocrx_word' id='word_1_130' title='bbox 856 1397 939 1469; x_wconf 90' lang='lat' dir='ltr'>quod</span> <span class='ocrx_word' id='word_1_131' title='bbox 952 1395 1005 1452; x_wconf 90' lang='lat' dir='ltr'>cir-</span> 
     </span>
     <span class='ocr_line' id='line_1_18' title="bbox 178 1485 1005 1565; baseline -0.006 -18"><span class='ocrx_word' id='word_1_132' title='bbox 178 1490 291 1548; x_wconf 88' lang='lat' dir='ltr'>cuitum</span> <span class='ocrx_word' id='word_1_133' title='bbox 306 1492 459 1565; x_wconf 88' lang='lat' dir='ltr'>sequntur,</span> <span class='ocrx_word' id='word_1_134' title='bbox 480 1492 506 1543; x_wconf 90' lang='lat' dir='ltr'>et</span> <span class='ocrx_word' id='word_1_135' title='bbox 526 1487 592 1560; x_wconf 90' lang='lat' dir='ltr'>ipsi.</span> <span class='ocrx_word' id='word_1_136' title='bbox 610 1485 780 1542; x_wconf 83' lang='lat' dir='ltr'>Ecoutrario</span> <span class='ocrx_word' id='word_1_137' title='bbox 795 1490 911 1542; x_wconf 90' lang='lat' dir='ltr'>amator</span> <span class='ocrx_word' id='word_1_138' title='bbox 924 1490 1005 1542; x_wconf 82' lang='lat' dir='ltr'>reter-</span> 
     </span>
    </p>
   </div>
   <div class='ocr_carea' id='block_1_6' title="bbox 1058 317 1893 1558">
    <p class='ocr_par' dir='ltr' id='par_1_6' title="bbox 1058 317 1893 1558">
     <span class='ocr_line' id='line_1_19' title="bbox 1062 317 1893 392; baseline -0.002 -18"><span class='ocrx_word' id='word_1_139' title='bbox 1062 317 1109 374; x_wconf 89' lang='lat' dir='ltr'>vel</span> <span class='ocrx_word' id='word_1_140' title='bbox 1122 336 1214 392; x_wconf 89' lang='lat' dir='ltr'>quam</span> <span class='ocrx_word' id='word_1_141' title='bbox 1228 319 1257 375; x_wconf 90' lang='lat' dir='ltr'>iu</span> <span class='ocrx_word' id='word_1_142' title='bbox 1270 318 1449 391; x_wconf 87' lang='lat' dir='ltr'>oculto(qu0</span> <span class='ocrx_word' id='word_1_143' title='bbox 1463 332 1569 373; x_wconf 86' lang='lat' dir='ltr'>sensus</span> <span class='ocrx_word' id='word_1_144' title='bbox 1578 333 1740 390; x_wconf 86' lang='lat' dir='ltr'>corporeus</span> <span class='ocrx_word' id='word_1_145' title='bbox 1752 318 1893 373; x_wconf 83' lang='lat' dir='ltr'>accedere</span> 
     </span>
     <span class='ocr_line' id='line_1_20' title="bbox 1061 406 1892 483; baseline -0.002 -17"><span class='ocrx_word' id='word_1_146' title='bbox 1061 425 1124 466; x_wconf 92' lang='lat' dir='ltr'>non</span> <span class='ocrx_word' id='word_1_147' title='bbox 1148 410 1255 483; x_wconf 90' lang='lat' dir='ltr'>potest)</span> <span class='ocrx_word' id='word_1_148' title='bbox 1280 406 1403 466; x_wconf 88' lang='lat' dir='ltr'>retineat</span> <span class='ocrx_word' id='word_1_149' title='bbox 1427 407 1601 481; x_wconf 84' lang='lat' dir='ltr'>qualitatem</span> <span class='ocrx_word' id='word_1_150' title='bbox 1626 424 1632 462; x_wconf 93' lang='lat'>:</span> <span class='ocrx_word' id='word_1_151' title='bbox 1659 424 1713 463; x_wconf 89' lang='lat' dir='ltr'>eur</span> <span class='ocrx_word' id='word_1_152' title='bbox 1737 407 1826 463; x_wconf 80' lang='lat' dir='ltr'>chain</span> <span class='ocrx_word' id='word_1_153' title='bbox 1852 408 1892 464; x_wconf 91' lang='lat' dir='ltr'>sic</span> 
     </span>
     <span class='ocr_line' id='line_1_21' title="bbox 1062 495 1892 570; baseline -0.002 -16"><span class='ocrx_word' id='word_1_154' title='bbox 1062 498 1099 555; x_wconf 91' lang='lat' dir='ltr'>sit</span> <span class='ocrx_word' id='word_1_155' title='bbox 1114 503 1146 554; x_wconf 91' lang='lat' dir='ltr'>ut</span> <span class='ocrx_word' id='word_1_156' title='bbox 1159 499 1285 568; x_wconf 86' lang='lat' dir='ltr'>videtur,</span> <span class='ocrx_word' id='word_1_157' title='bbox 1301 499 1348 555; x_wconf 91' lang='lat' dir='ltr'>vel</span> <span class='ocrx_word' id='word_1_158' title='bbox 1362 498 1443 554; x_wconf 89' lang='lat' dir='ltr'>unde</span> <span class='ocrx_word' id='word_1_159' title='bbox 1457 497 1499 553; x_wconf 90' lang='lat' dir='ltr'>sic</span> <span class='ocrx_word' id='word_1_160' title='bbox 1514 496 1560 561; x_wconf 83' lang='lat' dir='ltr'>sit,</span> <span class='ocrx_word' id='word_1_161' title='bbox 1576 495 1624 552; x_wconf 84' lang='lat' dir='ltr'>vel</span> <span class='ocrx_word' id='word_1_162' title='bbox 1638 496 1676 552; x_wconf 91' lang='lat' dir='ltr'>ad</span> <span class='ocrx_word' id='word_1_163' title='bbox 1688 496 1761 569; x_wconf 90' lang='lat' dir='ltr'>qnid</span> <span class='ocrx_word' id='word_1_164' title='bbox 1775 495 1811 553; x_wconf 86' lang='lat' dir='ltr'>sit</span> <span class='ocrx_word' id='word_1_165' title='bbox 1824 498 1892 570; x_wconf 91' lang='lat' dir='ltr'>quis</span> 
     </span>
     <span class='ocr_line' id='line_1_22' title="bbox 1060 585 1892 661; baseline -0.005 -17"><span class='ocrx_word' id='word_1_166' title='bbox 1060 588 1219 645; x_wconf 89' lang='lat' dir='ltr'>hominum</span> <span class='ocrx_word' id='word_1_167' title='bbox 1247 589 1319 661; x_wconf 89' lang='lat' dir='ltr'>(non</span> <span class='ocrx_word' id='word_1_168' title='bbox 1348 588 1448 644; x_wconf 82' lang='lat' dir='ltr'>(licam</span> <span class='ocrx_word' id='word_1_169' title='bbox 1479 587 1510 642; x_wconf 91' lang='lat' dir='ltr'>in</span> <span class='ocrx_word' id='word_1_170' title='bbox 1537 587 1626 642; x_wconf 79' lang='lat' dir='ltr'>rebus</span> <span class='ocrx_word' id='word_1_171' title='bbox 1656 586 1812 652; x_wconf 87' lang='lat' dir='ltr'>omnibns,</span> <span class='ocrx_word' id='word_1_172' title='bbox 1840 585 1892 641; x_wconf 86' lang='lat' dir='ltr'>sed</span> 
     </span>
     <span class='ocr_line' id='line_1_23' title="bbox 1061 675 1890 751; baseline -0.002 -18"><span class='ocrx_word' id='word_1_173' title='bbox 1061 693 1116 733; x_wconf 90' lang='lat' dir='ltr'>nec</span> <span class='ocrx_word' id='word_1_174' title='bbox 1135 677 1165 734; x_wconf 91' lang='lat' dir='ltr'>in</span> <span class='ocrx_word' id='word_1_175' title='bbox 1188 694 1249 734; x_wconf 89' lang='lat' dir='ltr'>una</span> <span class='ocrx_word' id='word_1_176' title='bbox 1269 677 1462 751; x_wconf 72' lang='lat' dir='ltr'>qualibetve)</span> <span class='ocrx_word' id='word_1_177' title='bbox 1484 675 1665 748; x_wconf 89' lang='lat' dir='ltr'>adplenum</span> <span class='ocrx_word' id='word_1_178' title='bbox 1694 676 1890 748; x_wconf 89' lang='lat' dir='ltr'>eomprehen-</span> 
     </span>
     <span class='ocr_line' id='line_1_24' title="bbox 1061 764 1888 837; baseline -0.001 -16"><span class='ocrx_word' id='word_1_179' title='bbox 1061 765 1131 822; x_wconf 89' lang='lat' dir='ltr'>dere</span> <span class='ocrx_word' id='word_1_180' title='bbox 1145 767 1247 824; x_wconf 78' lang='lat' dir='ltr'>valet?</span> <span class='ocrx_word' id='word_1_181' title='bbox 1262 766 1370 834; x_wconf 84' lang='lat' dir='ltr'>Quanti</span> <span class='ocrx_word' id='word_1_182' title='bbox 1383 783 1454 837; x_wconf 77' lang='lat' dir='ltr'>ergo</span> <span class='ocrx_word' id='word_1_183' title='bbox 1470 765 1597 824; x_wconf 91' lang='lat' dir='ltr'>tenebris</span> <span class='ocrx_word' id='word_1_184' title='bbox 1612 765 1704 822; x_wconf 90' lang='lat' dir='ltr'>homo</span> <span class='ocrx_word' id='word_1_185' title='bbox 1714 764 1888 834; x_wconf 87' lang='lat' dir='ltr'>involvitur;</span> 
     </span>
     <span class='ocr_line' id='line_1_25' title="bbox 1061 857 1890 929; baseline 0 -17"><span class='ocrx_word' id='word_1_186' title='bbox 1061 862 1175 928; x_wconf 88' lang='lat' dir='ltr'>quanta</span> <span class='ocrx_word' id='word_1_187' title='bbox 1188 857 1363 928; x_wconf 73' lang='lat' dir='ltr'>ignorantie</span> <span class='ocrx_word' id='word_1_188' title='bbox 1378 857 1508 914; x_wconf 72' lang='lat' dir='ltr'>cecitate</span> <span class='ocrx_word' id='word_1_189' title='bbox 1528 860 1705 927; x_wconf 84' lang='lat' dir='ltr'>coarctatur,</span> <span class='ocrx_word' id='word_1_190' title='bbox 1725 857 1812 929; x_wconf 88' lang='lat' dir='ltr'>cujus</span> <span class='ocrx_word' id='word_1_191' title='bbox 1828 872 1890 913; x_wconf 91' lang='lat' dir='ltr'>sen-</span> 
     </span>
     <span class='ocr_line' id='line_1_26' title="bbox 1061 945 1891 1021; baseline 0 -19"><span class='ocrx_word' id='word_1_192' title='bbox 1061 961 1112 1002; x_wconf 91' lang='lat' dir='ltr'>sus</span> <span class='ocrx_word' id='word_1_193' title='bbox 1122 945 1172 1003; x_wconf 84' lang='lat' dir='ltr'>vix</span> <span class='ocrx_word' id='word_1_194' title='bbox 1182 947 1271 1004; x_wconf 90' lang='lat' dir='ltr'>etiam</span> <span class='ocrx_word' id='word_1_195' title='bbox 1282 947 1447 1021; x_wconf 77' lang='lat' dir='ltr'>superficie</span> <span class='ocrx_word' id='word_1_196' title='bbox 1457 951 1543 1003; x_wconf 89' lang='lat' dir='ltr'>tenus</span> <span class='ocrx_word' id='word_1_197' title='bbox 1556 962 1654 1018; x_wconf 89' lang='lat' dir='ltr'>pauca</span> <span class='ocrx_word' id='word_1_198' title='bbox 1673 962 1774 1003; x_wconf 87' lang='lat' dir='ltr'>rerum</span> <span class='ocrx_word' id='word_1_199' title='bbox 1794 951 1891 1019; x_wconf 88' lang='lat' dir='ltr'>potest</span> 
     </span>
     <span class='ocr_line' id='line_1_27' title="bbox 1060 1036 1889 1110; baseline 0 -18"><span class='ocrx_word' id='word_1_200' title='bbox 1060 1036 1225 1107; x_wconf 77' lang='lat' dir='ltr'>attingeret</span> <span class='ocrx_word' id='word_1_201' title='bbox 1249 1037 1303 1104; x_wconf 87' lang='lat' dir='ltr'>Qui</span> <span class='ocrx_word' id='word_1_202' title='bbox 1325 1037 1378 1093; x_wconf 89' lang='lat' dir='ltr'>etsi</span> <span class='ocrx_word' id='word_1_203' title='bbox 1401 1040 1518 1105; x_wconf 88' lang='lat' dir='ltr'>cuncta,</span> <span class='ocrx_word' id='word_1_204' title='bbox 1543 1052 1611 1110; x_wconf 71' lang='lat' dir='ltr'>quae</span> <span class='ocrx_word' id='word_1_205' title='bbox 1635 1041 1704 1092; x_wconf 92' lang='lat' dir='ltr'>sunt</span> <span class='ocrx_word' id='word_1_206' title='bbox 1723 1036 1889 1092; x_wconf 88' lang='lat' dir='ltr'>secundum</span> 
     </span>
     <span class='ocr_line' id='line_1_28' title="bbox 1060 1125 1889 1200; baseline 0 -19"><span class='ocrx_word' id='word_1_207' title='bbox 1060 1126 1191 1200; x_wconf 89' lang='lat' dir='ltr'>speciem</span> <span class='ocrx_word' id='word_1_208' title='bbox 1205 1126 1390 1195; x_wconf 82' lang='lat' dir='ltr'>exteriorem,</span> <span class='ocrx_word' id='word_1_209' title='bbox 1410 1129 1552 1194; x_wconf 89' lang='lat' dir='ltr'>cerneret,</span> <span class='ocrx_word' id='word_1_210' title='bbox 1568 1125 1704 1182; x_wconf 90' lang='lat' dir='ltr'>noudum</span> <span class='ocrx_word' id='word_1_211' title='bbox 1719 1126 1889 1182; x_wconf 73' lang='lat' dir='ltr'>tamensim</span> 
     </span>
     <span class='ocr_line' id='line_1_29' title="bbox 1059 1215 1890 1289; baseline -0.001 -17"><span class='ocrx_word' id='word_1_212' title='bbox 1059 1215 1199 1273; x_wconf 91' lang='lat' dir='ltr'>latentem</span> <span class='ocrx_word' id='word_1_213' title='bbox 1215 1233 1325 1285; x_wconf 86' lang='lat' dir='ltr'>rorum,</span> <span class='ocrx_word' id='word_1_214' title='bbox 1341 1215 1581 1289; x_wconf 86' lang='lat' dir='ltr'>invisibilemque</span> <span class='ocrx_word' id='word_1_215' title='bbox 1596 1220 1735 1272; x_wconf 89' lang='lat' dir='ltr'>naturam</span> <span class='ocrx_word' id='word_1_216' title='bbox 1755 1220 1890 1289; x_wconf 85' lang='lat' dir='ltr'>penetra-</span> 
     </span>
     <span class='ocr_line' id='line_1_30' title="bbox 1058 1304 1890 1378; baseline -0.001 -17"><span class='ocrx_word' id='word_1_217' title='bbox 1058 1309 1111 1362; x_wconf 91' lang='lat' dir='ltr'>ret.</span> <span class='ocrx_word' id='word_1_218' title='bbox 1131 1308 1207 1377; x_wconf 81' lang='lat' dir='ltr'>Ergo</span> <span class='ocrx_word' id='word_1_219' title='bbox 1221 1304 1396 1362; x_wconf 86' lang='lat' dir='ltr'>universitas</span> <span class='ocrx_word' id='word_1_220' title='bbox 1409 1322 1511 1363; x_wconf 89' lang='lat' dir='ltr'>rerum</span> <span class='ocrx_word' id='word_1_221' title='bbox 1525 1309 1652 1378; x_wconf 88' lang='lat' dir='ltr'>utroque</span> <span class='ocrx_word' id='word_1_222' title='bbox 1668 1305 1759 1362; x_wconf 89' lang='lat' dir='ltr'>modo</span> <span class='ocrx_word' id='word_1_223' title='bbox 1775 1305 1890 1362; x_wconf 91' lang='lat' dir='ltr'>homini</span> 
     </span>
     <span class='ocr_line' id='line_1_31' title="bbox 1059 1394 1890 1468; baseline 0 -17"><span class='ocrx_word' id='word_1_224' title='bbox 1059 1394 1368 1468; x_wconf 88' lang='lat' dir='ltr'>incomprehensibilis</span> <span class='ocrx_word' id='word_1_225' title='bbox 1390 1400 1449 1464; x_wconf 90' lang='lat' dir='ltr'>est;</span> <span class='ocrx_word' id='word_1_226' title='bbox 1469 1395 1604 1452; x_wconf 86' lang='lat' dir='ltr'>videlicet</span> <span class='ocrx_word' id='word_1_227' title='bbox 1618 1399 1646 1452; x_wconf 89' lang='lat' dir='ltr'>et</span> <span class='ocrx_word' id='word_1_228' title='bbox 1661 1394 1827 1451; x_wconf 90' lang='lat' dir='ltr'>secundum</span> <span class='ocrx_word' id='word_1_229' title='bbox 1842 1410 1890 1451; x_wconf 82' lang='lat' dir='ltr'>ex·</span> 
     </span>
     <span class='ocr_line' id='line_1_32' title="bbox 1058 1483 1888 1558; baseline 0 -18"><span class='ocrx_word' id='word_1_230' title='bbox 1058 1484 1196 1541; x_wconf 81' lang='lat' dir='ltr'>leuiorem</span> <span class='ocrx_word' id='word_1_231' title='bbox 1221 1484 1367 1558; x_wconf 86' lang='lat' dir='ltr'>speeiem,</span> <span class='ocrx_word' id='word_1_232' title='bbox 1388 1488 1417 1541; x_wconf 90' lang='lat' dir='ltr'>et</span> <span class='ocrx_word' id='word_1_233' title='bbox 1435 1484 1602 1541; x_wconf 89' lang='lat' dir='ltr'>seeundum</span> <span class='ocrx_word' id='word_1_234' title='bbox 1621 1483 1790 1542; x_wconf 87' lang='lat' dir='ltr'>interiorem</span> <span class='ocrx_word' id='word_1_235' title='bbox 1816 1500 1888 1557; x_wconf 93' lang='lat' dir='ltr'>qua·</span> 
     </span>
    </p>
   </div>
   <div class='ocr_carea' id='block_1_7' title="bbox 177 1572 1888 1647">
    <p class='ocr_par' dir='ltr' id='par_1_7' title="bbox 177 1572 1888 1647">
     <span class='ocr_line' id='line_1_33' title="bbox 177 1572 1888 1647; baseline -0.005 -8"><span class='ocrx_word' id='word_1_236' title='bbox 177 1597 287 1639; x_wconf 92' lang='lat' dir='ltr'>norum</span> <span class='ocrx_word' id='word_1_237' title='bbox 312 1579 408 1636; x_wconf 89' lang='lat' dir='ltr'>dicit:</span> <span class='ocrx_word' id='word_1_238' title='bbox 430 1578 487 1633; x_wconf 85' lang='lat' dir='ltr'>Pes</span> <span class='ocrx_word' id='word_1_239' title='bbox 509 1592 590 1634; x_wconf 76' lang='lat' dir='ltr'>aleus</span> <span class='ocrx_word' id='word_1_240' title='bbox 613 1577 692 1632; x_wconf 81' lang='lat' dir='ltr'>stetit</span> <span class='ocrx_word' id='word_1_241' title='bbox 717 1577 747 1632; x_wconf 83' lang='lat' dir='ltr'>in</span> <span class='ocrx_word' id='word_1_242' title='bbox 772 1576 884 1632; x_wconf 71' lang='lat' dir='ltr'>directo</span> <span class='ocrx_word' id='word_1_243' title='bbox 908 1576 1002 1645; x_wconf 89' lang='lat' dir='ltr'>(Psot.</span> <span class='ocrx_word' id='word_1_244' title='bbox 1024 1572 1179 1640; x_wconf 77' lang='lat' dir='ltr'>Blitatem.</span> <span class='ocrx_word' id='word_1_245' title='bbox 1210 1573 1338 1645; x_wconf 70' lang='lat' dir='ltr'>Singulae</span> <span class='ocrx_word' id='word_1_246' title='bbox 1362 1577 1463 1630; x_wconf 91' lang='lat' dir='ltr'>autem</span> <span class='ocrx_word' id='word_1_247' title='bbox 1480 1590 1597 1642; x_wconf 90' lang='lat' dir='ltr'>rerum,</span> <span class='ocrx_word' id='word_1_248' title='bbox 1623 1573 1688 1630; x_wconf 82' lang='lat' dir='ltr'>aliae</span> <span class='ocrx_word' id='word_1_249' title='bbox 1714 1573 1837 1647; x_wconf 90' lang='lat' dir='ltr'>quidem</span> <span class='ocrx_word' id='word_1_250' title='bbox 1853 1591 1888 1630; x_wconf 80' lang='lat' dir='ltr'>ex</span> 
     </span>
    </p>
   </div>
   <div class='ocr_carea' id='block_1_8' title="bbox 176 1666 1027 2281">
    <p class='ocr_par' dir='ltr' id='par_1_8' title="bbox 176 1666 1027 2281">
     <span class='ocr_line' id='line_1_34' title="bbox 178 1666 1007 1743; baseline -0.006 -15"><span class='ocrx_word' id='word_1_251' title='bbox 178 1671 277 1743; x_wconf 79' lang='lat' dir='ltr'>xxvu.)</span> <span class='ocrx_word' id='word_1_252' title='bbox 291 1673 324 1727; x_wconf 85' lang='lat' dir='ltr'>Et</span> <span class='ocrx_word' id='word_1_253' title='bbox 334 1670 442 1725; x_wconf 90' lang='lat' dir='ltr'>iterum</span> <span class='ocrx_word' id='word_1_254' title='bbox 463 1686 469 1723; x_wconf 92' lang='lat'>:</span> <span class='ocrx_word' id='word_1_255' title='bbox 485 1668 589 1738; x_wconf 75' lang='lat' dir='ltr'>Diriqe</span> <span class='ocrx_word' id='word_1_256' title='bbox 603 1682 648 1723; x_wconf 85' lang='lat' dir='ltr'>me</span> <span class='ocrx_word' id='word_1_257' title='bbox 663 1666 693 1721; x_wconf 80' lang='lat' dir='ltr'>ln</span> <span class='ocrx_word' id='word_1_258' title='bbox 707 1666 840 1723; x_wconf 78' lang='lat' dir='ltr'>semita-in</span> <span class='ocrx_word' id='word_1_259' title='bbox 852 1666 1007 1723; x_wconf 81' lang='lat' dir='ltr'>rnerrdote·</span> 
     </span>
     <span class='ocr_line' id='line_1_35' title="bbox 177 1755 1006 1829; baseline -0.007 -12"><span class='ocrx_word' id='word_1_260' title='bbox 177 1778 244 1818; x_wconf 74' lang='lat' dir='ltr'>ram</span> <span class='ocrx_word' id='word_1_261' title='bbox 259 1766 387 1828; x_wconf 70' lang='lat' dir='ltr'>tuerent,</span> <span class='ocrx_word' id='word_1_262' title='bbox 413 1757 484 1829; x_wconf 84' lang='lat' dir='ltr'>quie</span> <span class='ocrx_word' id='word_1_263' title='bbox 506 1757 600 1825; x_wconf 75' lang='lat' dir='ltr'>ipsam</span> <span class='ocrx_word' id='word_1_264' title='bbox 624 1757 708 1812; x_wconf 79' lang='lat' dir='ltr'>cettei</span> <span class='ocrx_word' id='word_1_265' title='bbox 727 1755 820 1827; x_wconf 86' lang='lat' dir='ltr'>(Psat.</span> <span class='ocrx_word' id='word_1_266' title='bbox 842 1755 946 1829; x_wconf 71' lang='lat' dir='ltr'>curru).</span> <span class='ocrx_word' id='word_1_267' title='bbox 973 1759 1006 1811; x_wconf 87' lang='lat' dir='ltr'>ut</span> 
     </span>
     <span class='ocr_line' id='line_1_36' title="bbox 176 1844 1005 1917; baseline -0.01 -9"><span class='ocrx_word' id='word_1_268' title='bbox 176 1851 284 1908; x_wconf 89' lang='lat' dir='ltr'>iterum</span> <span class='ocrx_word' id='word_1_269' title='bbox 303 1851 429 1906; x_wconf 83' lang='lat' dir='ltr'>:Rectus</span> <span class='ocrx_word' id='word_1_270' title='bbox 441 1853 484 1904; x_wconf 89' lang='lat' dir='ltr'>est</span> <span class='ocrx_word' id='word_1_271' title='bbox 505 1847 592 1903; x_wconf 80' lang='lat' dir='ltr'>cottis</span> <span class='ocrx_word' id='word_1_272' title='bbox 600 1846 680 1916; x_wconf 81' lang='lat' dir='ltr'>justi</span> <span class='ocrx_word' id='word_1_273' title='bbox 692 1845 768 1913; x_wconf 84' lang='lat' dir='ltr'>(lsai</span> <span class='ocrx_word' id='word_1_274' title='bbox 783 1844 872 1917; x_wconf 83' lang='lat' dir='ltr'>xxvi.)</span> <span class='ocrx_word' id='word_1_275' title='bbox 887 1847 921 1900; x_wconf 87' lang='lat' dir='ltr'>Et</span> <span class='ocrx_word' id='word_1_276' title='bbox 935 1844 1005 1901; x_wconf 88' lang='lat' dir='ltr'>alibi</span> 
     </span>
     <span class='ocr_line' id='line_1_37' title="bbox 176 1931 1027 2010; baseline -0.008 -12"><span class='ocrx_word' id='word_1_277' title='bbox 176 1956 296 1998; x_wconf 87' lang='lat' dir='ltr'>rursum</span> <span class='ocrx_word' id='word_1_278' title='bbox 309 1957 315 1996; x_wconf 91' lang='lat'><strong>:</strong></span> <span class='ocrx_word' id='word_1_279' title='bbox 327 1939 426 2006; x_wconf 78' lang='lat' dir='ltr'>Ibrtrtt,</span> <span class='ocrx_word' id='word_1_280' title='bbox 434 1936 539 2010; x_wconf 91' lang='lat' dir='ltr'>inquit,</span> <span class='ocrx_word' id='word_1_281' title='bbox 551 1937 662 1992; x_wconf 69' lang='lat' dir='ltr'>(thecle</span> <span class='ocrx_word' id='word_1_282' title='bbox 669 1935 848 2008; x_wconf 67' lang='lat' dir='ltr'>abrasiones·</span> <span class='ocrx_word' id='word_1_283' title='bbox 857 1939 884 1992; x_wconf 88' lang='lat' dir='ltr'>ct</span> <span class='ocrx_word' id='word_1_284' title='bbox 894 1934 935 1992; x_wconf 86' lang='lat' dir='ltr'>ed</span> <span class='ocrx_word' id='word_1_285' title='bbox 945 1949 1005 1992; x_wconf 88' lang='lat' dir='ltr'>cer·</span> <span class='ocrx_word' id='word_1_286' title='bbox 1023 1931 1027 1938; x_wconf 84' lang='lat'>&#39;</span> 
     </span>
     <span class='ocr_line' id='line_1_38' title="bbox 177 2024 1002 2095; baseline -0.008 -7"><span class='ocrx_word' id='word_1_287' title='bbox 177 2038 239 2088; x_wconf 80' lang='lat' dir='ltr'>tura</span> <span class='ocrx_word' id='word_1_288' title='bbox 256 2032 352 2087; x_wconf 84' lang='lat' dir='ltr'>tecam</span> <span class='ocrx_word' id='word_1_289' title='bbox 366 2027 489 2084; x_wconf 84' lang='lat' dir='ltr'>dedecet</span> <span class='ocrx_word' id='word_1_290' title='bbox 500 2042 547 2083; x_wconf 84' lang='lat' dir='ltr'>eos</span> <span class='ocrx_word' id='word_1_291' title='bbox 561 2027 705 2082; x_wconf 81' lang='lat' dir='ltr'>Dominus</span> <span class='ocrx_word' id='word_1_292' title='bbox 717 2026 795 2082; x_wconf 86' lang='lat' dir='ltr'>Deus</span> <span class='ocrx_word' id='word_1_293' title='bbox 806 2030 906 2081; x_wconf 84' lang='lat' dir='ltr'>nester</span> <span class='ocrx_word' id='word_1_294' title='bbox 921 2024 1002 2095; x_wconf 77' lang='lat' dir='ltr'>(Sap.</span> 
     </span>
     <span class='ocr_line' id='line_1_39' title="bbox 177 2115 1004 2195; baseline -0.011 -16"><span class='ocrx_word' id='word_1_295' title='bbox 177 2123 213 2195; x_wconf 83' lang='lat' dir='ltr'>v).</span> <span class='ocrx_word' id='word_1_296' title='bbox 228 2119 309 2179; x_wconf 90' lang='lat' dir='ltr'>Ovia</span> <span class='ocrx_word' id='word_1_297' title='bbox 320 2123 408 2188; x_wconf 90' lang='lat' dir='ltr'>reeta,</span> <span class='ocrx_word' id='word_1_298' title='bbox 424 2115 601 2186; x_wconf 89' lang='lat' dir='ltr'>oeireuitus,</span> <span class='ocrx_word' id='word_1_299' title='bbox 613 2132 674 2190; x_wconf 91' lang='lat' dir='ltr'>quo</span> <span class='ocrx_word' id='word_1_300' title='bbox 687 2115 772 2171; x_wconf 91' lang='lat' dir='ltr'>ducis</span> <span class='ocrx_word' id='word_1_301' title='bbox 787 2119 828 2172; x_wconf 89' lang='lat' dir='ltr'>tu.</span> <span class='ocrx_word' id='word_1_302' title='bbox 845 2118 878 2171; x_wconf 87' lang='lat' dir='ltr'>Et</span> <span class='ocrx_word' id='word_1_303' title='bbox 892 2120 923 2172; x_wconf 91' lang='lat' dir='ltr'>tu</span> <span class='ocrx_word' id='word_1_304' title='bbox 942 2131 1004 2188; x_wconf 88' lang='lat' dir='ltr'>quo</span> 
     </span>
     <span class='ocr_line' id='line_1_40' title="bbox 176 2204 1004 2281; baseline -0.007 -14"><span class='ocrx_word' id='word_1_305' title='bbox 176 2209 281 2268; x_wconf 81' lang='lat' dir='ltr'>ducis?</span> <span class='ocrx_word' id='word_1_306' title='bbox 304 2213 345 2266; x_wconf 90' lang='lat' dir='ltr'>Tu</span> <span class='ocrx_word' id='word_1_307' title='bbox 368 2207 463 2277; x_wconf 87' lang='lat' dir='ltr'>ducis,</span> <span class='ocrx_word' id='word_1_308' title='bbox 484 2211 512 2263; x_wconf 89' lang='lat' dir='ltr'>et</span> <span class='ocrx_word' id='word_1_309' title='bbox 531 2204 680 2281; x_wconf 77' lang='lat' dir='ltr'>perducis</span> <span class='ocrx_word' id='word_1_310' title='bbox 710 2208 752 2261; x_wconf 92' lang='lat' dir='ltr'>Tu</span> <span class='ocrx_word' id='word_1_311' title='bbox 765 2221 837 2262; x_wconf 86' lang='lat' dir='ltr'>vero</span> <span class='ocrx_word' id='word_1_312' title='bbox 856 2205 950 2273; x_wconf 90' lang='lat' dir='ltr'>ducis,</span> <span class='ocrx_word' id='word_1_313' title='bbox 976 2210 1004 2262; x_wconf 90' lang='lat' dir='ltr'>et</span> 
     </span>
    </p>
   </div>
   <div class='ocr_carea' id='block_1_9' title="bbox 175 2294 1004 2453">
    <p class='ocr_par' dir='ltr' id='par_1_9' title="bbox 175 2294 1004 2453">
     <span class='ocr_line' id='line_1_41' title="bbox 176 2294 1002 2372; baseline -0.01 -13"><span class='ocrx_word' id='word_1_314' title='bbox 176 2300 306 2368; x_wconf 89' lang='lat' dir='ltr'>seducis;</span> <span class='ocrx_word' id='word_1_315' title='bbox 325 2299 398 2372; x_wconf 90' lang='lat' dir='ltr'>quia</span> <span class='ocrx_word' id='word_1_316' title='bbox 411 2313 488 2371; x_wconf 92' lang='lat' dir='ltr'>quos</span> <span class='ocrx_word' id='word_1_317' title='bbox 503 2295 597 2364; x_wconf 79' lang='lat' dir='ltr'>(lueis,</span> <span class='ocrx_word' id='word_1_318' title='bbox 612 2295 722 2370; x_wconf 88' lang='lat' dir='ltr'>perdis,</span> <span class='ocrx_word' id='word_1_319' title='bbox 739 2311 800 2351; x_wconf 90' lang='lat' dir='ltr'>nou</span> <span class='ocrx_word' id='word_1_320' title='bbox 815 2294 963 2368; x_wconf 87' lang='lat' dir='ltr'>perducis.</span> <span class='ocrx_word' id='word_1_321' title='bbox 981 2297 1002 2351; x_wconf 91' lang='lat'>0</span> 
     </span>
     <span class='ocr_line' id='line_1_42' title="bbox 175 2375 1004 2453; baseline -0.008 -15"><span class='ocrx_word' id='word_1_322' title='bbox 175 2381 323 2449; x_wconf 67' lang='lat' dir='ltr'>circuitus</span> <span class='ocrx_word' id='word_1_323' title='bbox 345 2378 500 2453; x_wconf 86' lang='lat' dir='ltr'>quomodo</span> <span class='ocrx_word' id='word_1_324' title='bbox 524 2376 659 2441; x_wconf 72' lang='lat' dir='ltr'>involvis</span> <span class='ocrx_word' id='word_1_325' title='bbox 679 2375 834 2448; x_wconf 88' lang='lat' dir='ltr'>quomodo</span> <span class='ocrx_word' id='word_1_326' title='bbox 858 2375 1004 2448; x_wconf 88' lang='lat' dir='ltr'>compleo-</span> 
     </span>
    </p>
   </div>
   <div class='ocr_carea' id='block_1_10' title="bbox 173 2466 1002 2901">
    <p class='ocr_par' dir='ltr' id='par_1_10' title="bbox 173 2466 1002 2901">
     <span class='ocr_line' id='line_1_43' title="bbox 175 2466 1002 2543; baseline -0.007 -16"><span class='ocrx_word' id='word_1_327' title='bbox 175 2471 243 2528; x_wconf 89' lang='lat' dir='ltr'>teris</span> <span class='ocrx_word' id='word_1_328' title='bbox 263 2486 407 2543; x_wconf 85' lang='lat' dir='ltr'>sequaces</span> <span class='ocrx_word' id='word_1_329' title='bbox 434 2468 519 2525; x_wconf 86' lang='lat' dir='ltr'>tuost</span> <span class='ocrx_word' id='word_1_330' title='bbox 532 2470 575 2523; x_wconf 88' lang='lat' dir='ltr'>Tu</span> <span class='ocrx_word' id='word_1_331' title='bbox 589 2466 776 2523; x_wconf 81' lang='lat' dir='ltr'>canentibus</span> <span class='ocrx_word' id='word_1_332' title='bbox 787 2481 840 2539; x_wconf 91' lang='lat' dir='ltr'>per</span> <span class='ocrx_word' id='word_1_333' title='bbox 851 2469 888 2534; x_wconf 89' lang='lat' dir='ltr'>te,</span> <span class='ocrx_word' id='word_1_334' title='bbox 904 2481 1002 2538; x_wconf 91' lang='lat' dir='ltr'>neque</span> 
     </span>
     <span class='ocr_line' id='line_1_44' title="bbox 175 2555 1002 2630; baseline -0.007 -12"><span class='ocrx_word' id='word_1_335' title='bbox 175 2560 286 2618; x_wconf 83' lang='lat' dir='ltr'>exitum</span> <span class='ocrx_word' id='word_1_336' title='bbox 301 2558 405 2617; x_wconf 87' lang='lat' dir='ltr'>tribuis</span> <span class='ocrx_word' id='word_1_337' title='bbox 425 2575 442 2615; x_wconf 94' lang='lat' dir='ltr'>a</span> <span class='ocrx_word' id='word_1_338' title='bbox 462 2562 498 2626; x_wconf 90' lang='lat' dir='ltr'>te,</span> <span class='ocrx_word' id='word_1_339' title='bbox 519 2573 574 2614; x_wconf 88' lang='lat' dir='ltr'>nec</span> <span class='ocrx_word' id='word_1_340' title='bbox 588 2557 618 2613; x_wconf 92' lang='lat' dir='ltr'>in</span> <span class='ocrx_word' id='word_1_341' title='bbox 634 2561 661 2612; x_wconf 91' lang='lat' dir='ltr'>te</span> <span class='ocrx_word' id='word_1_342' title='bbox 675 2555 909 2630; x_wconf 86' lang='lat' dir='ltr'>perventionem.</span> <span class='ocrx_word' id='word_1_343' title='bbox 927 2558 1002 2626; x_wconf 82' lang='lat' dir='ltr'>Ergo</span> 
     </span>
     <span class='ocr_line' id='line_1_45' title="bbox 175 2645 1002 2719; baseline -0.006 -13"><span class='ocrx_word' id='word_1_344' title='bbox 175 2649 276 2706; x_wconf 91' lang='lat' dir='ltr'>omnia</span> <span class='ocrx_word' id='word_1_345' title='bbox 291 2646 459 2706; x_wconf 88' lang='lat' dir='ltr'>transitoria</span> <span class='ocrx_word' id='word_1_346' title='bbox 482 2651 511 2703; x_wconf 90' lang='lat' dir='ltr'>et</span> <span class='ocrx_word' id='word_1_347' title='bbox 531 2646 645 2703; x_wconf 87' lang='lat' dir='ltr'>caduca</span> <span class='ocrx_word' id='word_1_348' title='bbox 659 2660 713 2719; x_wconf 90' lang='lat' dir='ltr'>per</span> <span class='ocrx_word' id='word_1_349' title='bbox 727 2645 865 2703; x_wconf 81' lang='lat' dir='ltr'>circuitus</span> <span class='ocrx_word' id='word_1_350' title='bbox 880 2645 1002 2702; x_wconf 85' lang='lat' dir='ltr'>volvun-</span> 
     </span>
     <span class='ocr_line' id='line_1_46' title="bbox 174 2724 1001 2803; baseline -0.004 -8"><span class='ocrx_word' id='word_1_351' title='bbox 174 2724 305 2795; x_wconf 77' lang='lat' dir='ltr'>turdum</span> <span class='ocrx_word' id='word_1_352' title='bbox 316 2739 479 2803; x_wconf 88' lang='lat' dir='ltr'>transeunt,</span> <span class='ocrx_word' id='word_1_353' title='bbox 494 2739 528 2791; x_wconf 93' lang='lat' dir='ltr'>ut</span> <span class='ocrx_word' id='word_1_354' title='bbox 539 2734 624 2791; x_wconf 87' lang='lat' dir='ltr'>uncis</span> <span class='ocrx_word' id='word_1_355' title='bbox 633 2735 749 2791; x_wconf 89' lang='lat' dir='ltr'>bonum</span> <span class='ocrx_word' id='word_1_356' title='bbox 761 2735 930 2793; x_wconf 72' lang='lat' dir='ltr'>aeternitatis</span> <span class='ocrx_word' id='word_1_357' title='bbox 940 2751 1001 2792; x_wconf 90' lang='lat' dir='ltr'>uon</span> 
     </span>
     <span class='ocr_line' id='line_1_47' title="bbox 173 2823 1001 2901; baseline -0.002 -17"><span class='ocrx_word' id='word_1_358' title='bbox 173 2842 356 2901; x_wconf 74' lang='lat' dir='ltr'>queramus,</span> <span class='ocrx_word' id='word_1_359' title='bbox 372 2842 440 2899; x_wconf 73' lang='lat' dir='ltr'>quar</span> <span class='ocrx_word' id='word_1_360' title='bbox 454 2824 603 2881; x_wconf 87' lang='lat' dir='ltr'>cemimus</span> <span class='ocrx_word' id='word_1_361' title='bbox 623 2839 750 2897; x_wconf 90' lang='lat' dir='ltr'>semper,</span> <span class='ocrx_word' id='word_1_362' title='bbox 763 2827 792 2880; x_wconf 92' lang='lat' dir='ltr'>et</span> <span class='ocrx_word' id='word_1_363' title='bbox 806 2823 845 2881; x_wconf 90' lang='lat' dir='ltr'>sic</span> <span class='ocrx_word' id='word_1_364' title='bbox 861 2824 1001 2882; x_wconf 88' lang='lat' dir='ltr'>advenire</span> 
     </span>
    </p>
   </div>
   <div class='ocr_carea' id='block_1_11' title="bbox 1056 1662 1889 2901">
    <p class='ocr_par' dir='ltr' id='par_1_11' title="bbox 1056 1662 1889 2901">
     <span class='ocr_line' id='line_1_48' title="bbox 1060 1662 1888 1737; baseline 0.001 -18"><span class='ocrx_word' id='word_1_365' title='bbox 1060 1668 1144 1737; x_wconf 89' lang='lat' dir='ltr'>parte</span> <span class='ocrx_word' id='word_1_366' title='bbox 1165 1662 1246 1720; x_wconf 88' lang='lat' dir='ltr'>laras</span> <span class='ocrx_word' id='word_1_367' title='bbox 1270 1663 1368 1736; x_wconf 90' lang='lat' dir='ltr'>specie</span> <span class='ocrx_word' id='word_1_368' title='bbox 1384 1663 1560 1720; x_wconf 89' lang='lat' dir='ltr'>adsensum</span> <span class='ocrx_word' id='word_1_369' title='bbox 1579 1663 1710 1732; x_wconf 89' lang='lat' dir='ltr'>veniunt,</span> <span class='ocrx_word' id='word_1_370' title='bbox 1727 1662 1793 1720; x_wconf 78' lang='lat' dir='ltr'>alive</span> <span class='ocrx_word' id='word_1_371' title='bbox 1807 1680 1888 1736; x_wconf 86' lang='lat' dir='ltr'>pror-</span> 
     </span>
     <span class='ocr_line' id='line_1_49' title="bbox 1061 1753 1885 1828; baseline -0.001 -18"><span class='ocrx_word' id='word_1_372' title='bbox 1061 1770 1111 1810; x_wconf 91' lang='lat' dir='ltr'>sus</span> <span class='ocrx_word' id='word_1_373' title='bbox 1122 1753 1358 1823; x_wconf 89' lang='lat' dir='ltr'>absconduntur,</span> <span class='ocrx_word' id='word_1_374' title='bbox 1374 1753 1421 1811; x_wconf 90' lang='lat' dir='ltr'>vel</span> <span class='ocrx_word' id='word_1_375' title='bbox 1436 1755 1507 1828; x_wconf 88' lang='lat' dir='ltr'>quia</span> <span class='ocrx_word' id='word_1_376' title='bbox 1520 1753 1653 1811; x_wconf 87' lang='lat' dir='ltr'>localiter</span> <span class='ocrx_word' id='word_1_377' title='bbox 1666 1757 1787 1811; x_wconf 85' lang='lat' dir='ltr'>remotae</span> <span class='ocrx_word' id='word_1_378' title='bbox 1809 1758 1885 1821; x_wconf 91' lang='lat' dir='ltr'>sunt,</span> 
     </span>
     <span class='ocr_line' id='line_1_50' title="bbox 1059 1841 1889 1916; baseline 0.001 -18"><span class='ocrx_word' id='word_1_379' title='bbox 1059 1842 1107 1898; x_wconf 89' lang='lat' dir='ltr'>vel</span> <span class='ocrx_word' id='word_1_380' title='bbox 1129 1842 1200 1915; x_wconf 89' lang='lat' dir='ltr'>quia</span> <span class='ocrx_word' id='word_1_381' title='bbox 1218 1842 1307 1900; x_wconf 91' lang='lat' dir='ltr'>etiam</span> <span class='ocrx_word' id='word_1_382' title='bbox 1321 1841 1387 1899; x_wconf 88' lang='lat' dir='ltr'>loco</span> <span class='ocrx_word' id='word_1_383' title='bbox 1402 1846 1572 1916; x_wconf 71' lang='lat' dir='ltr'>presentes,</span> <span class='ocrx_word' id='word_1_384' title='bbox 1589 1841 1748 1900; x_wconf 78' lang='lat' dir='ltr'>srdrtilitate</span> <span class='ocrx_word' id='word_1_385' title='bbox 1768 1842 1813 1899; x_wconf 92' lang='lat' dir='ltr'>sui</span> <span class='ocrx_word' id='word_1_386' title='bbox 1832 1847 1889 1899; x_wconf 86' lang='lat' dir='ltr'>tar·</span> 
     </span>
     <span class='ocr_line' id='line_1_51' title="bbox 1059 1931 1887 2006; baseline 0.002 -19"><span class='ocrx_word' id='word_1_387' title='bbox 1059 1931 1191 1988; x_wconf 85' lang='lat' dir='ltr'>didatcm</span> <span class='ocrx_word' id='word_1_388' title='bbox 1214 1948 1319 1988; x_wconf 90' lang='lat' dir='ltr'>seusus</span> <span class='ocrx_word' id='word_1_389' title='bbox 1333 1932 1459 1988; x_wconf 91' lang='lat' dir='ltr'>humaui</span> <span class='ocrx_word' id='word_1_390' title='bbox 1470 1932 1625 1989; x_wconf 83' lang='lat' dir='ltr'>excedunt.</span> <span class='ocrx_word' id='word_1_391' title='bbox 1640 1932 1692 1988; x_wconf 84' lang='lat' dir='ltr'>Vix</span> <span class='ocrx_word' id='word_1_392' title='bbox 1702 1948 1774 2004; x_wconf 81' lang='lat' dir='ltr'>ergo</span> <span class='ocrx_word' id='word_1_393' title='bbox 1787 1932 1887 2006; x_wconf 86' lang='lat' dir='ltr'>aliqua</span> 
     </span>
     <span class='ocr_line' id='line_1_52' title="bbox 1059 2021 1887 2094; baseline 0.001 -17"><span class='ocrx_word' id='word_1_394' title='bbox 1059 2037 1164 2078; x_wconf 90' lang='lat' dir='ltr'>sensus</span> <span class='ocrx_word' id='word_1_395' title='bbox 1188 2021 1340 2078; x_wconf 85' lang='lat' dir='ltr'>humanus</span> <span class='ocrx_word' id='word_1_396' title='bbox 1353 2021 1384 2078; x_wconf 94' lang='lat' dir='ltr'>in</span> <span class='ocrx_word' id='word_1_397' title='bbox 1399 2021 1488 2079; x_wconf 88' lang='lat' dir='ltr'>rebus</span> <span class='ocrx_word' id='word_1_398' title='bbox 1504 2021 1646 2094; x_wconf 81' lang='lat' dir='ltr'>attingere</span> <span class='ocrx_word' id='word_1_399' title='bbox 1671 2021 1793 2092; x_wconf 87' lang='lat' dir='ltr'>suffieit;</span> <span class='ocrx_word' id='word_1_400' title='bbox 1814 2021 1887 2078; x_wconf 87' lang='lat' dir='ltr'>nihil</span> 
     </span>
     <span class='ocr_line' id='line_1_53' title="bbox 1059 2110 1884 2186; baseline 0 -18"><span class='ocrx_word' id='word_1_401' title='bbox 1059 2115 1159 2168; x_wconf 89' lang='lat' dir='ltr'>autem</span> <span class='ocrx_word' id='word_1_402' title='bbox 1169 2110 1388 2181; x_wconf 67' lang='lat' dir='ltr'>universam,</span> <span class='ocrx_word' id='word_1_403' title='bbox 1401 2112 1528 2185; x_wconf 82' lang='lat' dir='ltr'>perfecte</span> <span class='ocrx_word' id='word_1_404' title='bbox 1541 2115 1573 2168; x_wconf 91' lang='lat' dir='ltr'>ut</span> <span class='ocrx_word' id='word_1_405' title='bbox 1585 2117 1638 2181; x_wconf 90' lang='lat' dir='ltr'>est,</span> <span class='ocrx_word' id='word_1_406' title='bbox 1650 2112 1884 2186; x_wconf 86' lang='lat' dir='ltr'>comprehendit.</span> 
     </span>
     <span class='ocr_line' id='line_1_54' title="bbox 1059 2201 1886 2273; baseline 0.002 -16"><span class='ocrx_word' id='word_1_407' title='bbox 1059 2204 1135 2273; x_wconf 84' lang='lat' dir='ltr'>Ergo</span> <span class='ocrx_word' id='word_1_408' title='bbox 1154 2207 1268 2259; x_wconf 76' lang='lat' dir='ltr'>cuncta</span> <span class='ocrx_word' id='word_1_409' title='bbox 1296 2219 1342 2259; x_wconf 88' lang='lat' dir='ltr'>res</span> <span class='ocrx_word' id='word_1_410' title='bbox 1370 2201 1505 2259; x_wconf 84' lang='lat' dir='ltr'>difficiles</span> <span class='ocrx_word' id='word_1_411' title='bbox 1533 2208 1602 2260; x_wconf 87' lang='lat' dir='ltr'>suut</span> <span class='ocrx_word' id='word_1_412' title='bbox 1629 2221 1635 2259; x_wconf 93' lang='lat'>:</span> <span class='ocrx_word' id='word_1_413' title='bbox 1665 2207 1694 2260; x_wconf 90' lang='lat' dir='ltr'>et</span> <span class='ocrx_word' id='word_1_414' title='bbox 1721 2202 1886 2260; x_wconf 91' lang='lat' dir='ltr'>secundum</span> 
     </span>
     <span class='ocr_line' id='line_1_55' title="bbox 1060 2290 1886 2363; baseline 0.001 -16"><span class='ocrx_word' id='word_1_415' title='bbox 1060 2291 1281 2348; x_wconf 87' lang='lat' dir='ltr'>universitatem</span> <span class='ocrx_word' id='word_1_416' title='bbox 1297 2290 1441 2361; x_wconf 81' lang='lat' dir='ltr'>videlicet,</span> <span class='ocrx_word' id='word_1_417' title='bbox 1458 2296 1490 2349; x_wconf 89' lang='lat' dir='ltr'>ut</span> <span class='ocrx_word' id='word_1_418' title='bbox 1503 2308 1558 2349; x_wconf 88' lang='lat' dir='ltr'>nee</span> <span class='ocrx_word' id='word_1_419' title='bbox 1572 2292 1690 2350; x_wconf 89' lang='lat' dir='ltr'>valcant</span> <span class='ocrx_word' id='word_1_420' title='bbox 1705 2291 1829 2363; x_wconf 78' lang='lat' dir='ltr'>attingit,</span> <span class='ocrx_word' id='word_1_421' title='bbox 1859 2295 1886 2348; x_wconf 91' lang='lat' dir='ltr'>et</span> 
     </span>
     <span class='ocr_line' id='line_1_56' title="bbox 1059 2381 1884 2456; baseline 0.002 -20"><span class='ocrx_word' id='word_1_422' title='bbox 1059 2381 1226 2439; x_wconf 90' lang='lat' dir='ltr'>secundum</span> <span class='ocrx_word' id='word_1_423' title='bbox 1252 2381 1370 2453; x_wconf 83' lang='lat' dir='ltr'>singula</span> <span class='ocrx_word' id='word_1_424' title='bbox 1393 2399 1521 2456; x_wconf 76' lang='lat' dir='ltr'>quaque</span> <span class='ocrx_word' id='word_1_425' title='bbox 1549 2381 1700 2451; x_wconf 79' lang='lat' dir='ltr'>rhlficiles,</span> <span class='ocrx_word' id='word_1_426' title='bbox 1725 2385 1777 2456; x_wconf 86' lang='lat' dir='ltr'>qui</span> <span class='ocrx_word' id='word_1_427' title='bbox 1804 2381 1884 2439; x_wconf 92' lang='lat' dir='ltr'>nullo</span> 
     </span>
     <span class='ocr_line' id='line_1_57' title="bbox 1058 2470 1882 2546; baseline 0.001 -20"><span class='ocrx_word' id='word_1_428' title='bbox 1058 2488 1148 2528; x_wconf 91' lang='lat' dir='ltr'>seusu</span> <span class='ocrx_word' id='word_1_429' title='bbox 1172 2475 1298 2544; x_wconf 90' lang='lat' dir='ltr'>possunt</span> <span class='ocrx_word' id='word_1_430' title='bbox 1321 2470 1366 2528; x_wconf 89' lang='lat' dir='ltr'>vel</span> <span class='ocrx_word' id='word_1_431' title='bbox 1390 2470 1540 2528; x_wconf 91' lang='lat' dir='ltr'>intellectu</span> <span class='ocrx_word' id='word_1_432' title='bbox 1560 2472 1647 2545; x_wconf 90' lang='lat' dir='ltr'>plene</span> <span class='ocrx_word' id='word_1_433' title='bbox 1659 2471 1882 2546; x_wconf 89' lang='lat' dir='ltr'>comprehendi.</span> 
     </span>
     <span class='ocr_line' id='line_1_58' title="bbox 1058 2553 1885 2635; baseline 0.001 -19"><span class='ocrx_word' id='word_1_434' title='bbox 1058 2560 1130 2626; x_wconf 76' lang='lat' dir='ltr'>Qua</span> <span class='ocrx_word' id='word_1_435' title='bbox 1155 2560 1179 2617; x_wconf 91' lang='lat' dir='ltr'>si</span> <span class='ocrx_word' id='word_1_436' title='bbox 1200 2560 1314 2617; x_wconf 89' lang='lat' dir='ltr'>ratione</span> <span class='ocrx_word' id='word_1_437' title='bbox 1334 2560 1462 2634; x_wconf 82' lang='lat' dir='ltr'>perfecte</span> <span class='ocrx_word' id='word_1_438' title='bbox 1476 2561 1647 2634; x_wconf 86' lang='lat' dir='ltr'>investigari</span> <span class='ocrx_word' id='word_1_439' title='bbox 1663 2577 1723 2618; x_wconf 91' lang='lat' dir='ltr'>non</span> <span class='ocrx_word' id='word_1_440' title='bbox 1747 2553 1885 2635; x_wconf 80' lang='lat' dir='ltr'>possunt,</span> 
     </span>
     <span class='ocr_line' id='line_1_59' title="bbox 1056 2649 1883 2725; baseline 0.001 -19"><span class='ocrx_word' id='word_1_441' title='bbox 1056 2649 1152 2706; x_wconf 90' lang='lat' dir='ltr'>multo</span> <span class='ocrx_word' id='word_1_442' title='bbox 1178 2649 1279 2706; x_wconf 91' lang='lat' dir='ltr'>minus</span> <span class='ocrx_word' id='word_1_443' title='bbox 1308 2666 1444 2708; x_wconf 85' lang='lat' dir='ltr'>sermone</span> <span class='ocrx_word' id='word_1_444' title='bbox 1473 2656 1600 2725; x_wconf 91' lang='lat' dir='ltr'>possunt</span> <span class='ocrx_word' id='word_1_445' title='bbox 1627 2650 1776 2725; x_wconf 81' lang='lat' dir='ltr'>explicari.</span> <span class='ocrx_word' id='word_1_446' title='bbox 1810 2654 1883 2708; x_wconf 85' lang='lat' dir='ltr'>Nam</span> 
     </span>
     <span class='ocr_line' id='line_1_60' title="bbox 1056 2737 1882 2811; baseline 0.005 -18"><span class='ocrx_word' id='word_1_447' title='bbox 1056 2738 1114 2794; x_wconf 92' lang='lat' dir='ltr'>hoc</span> <span class='ocrx_word' id='word_1_448' title='bbox 1138 2737 1238 2810; x_wconf 90' lang='lat' dir='ltr'>ipsum</span> <span class='ocrx_word' id='word_1_449' title='bbox 1267 2738 1297 2794; x_wconf 95' lang='lat' dir='ltr'>in</span> <span class='ocrx_word' id='word_1_450' title='bbox 1322 2739 1413 2796; x_wconf 88' lang='lat' dir='ltr'>rebus</span> <span class='ocrx_word' id='word_1_451' title='bbox 1441 2739 1538 2811; x_wconf 79' lang='lat' dir='ltr'>magis</span> <span class='ocrx_word' id='word_1_452' title='bbox 1564 2740 1705 2797; x_wconf 91' lang='lat' dir='ltr'>omnibus</span> <span class='ocrx_word' id='word_1_453' title='bbox 1734 2739 1882 2797; x_wconf 81' lang='lat' dir='ltr'>ineffabile</span> 
     </span>
     <span class='ocr_line' id='line_1_61' title="bbox 1056 2827 1883 2901; baseline 0.002 -17"><span class='ocrx_word' id='word_1_454' title='bbox 1056 2831 1109 2895; x_wconf 88' lang='lat' dir='ltr'>est,</span> <span class='ocrx_word' id='word_1_455' title='bbox 1136 2827 1219 2901; x_wconf 91' lang='lat' dir='ltr'>quod</span> <span class='ocrx_word' id='word_1_456' title='bbox 1240 2828 1270 2883; x_wconf 91' lang='lat' dir='ltr'>in</span> <span class='ocrx_word' id='word_1_457' title='bbox 1293 2832 1374 2884; x_wconf 89' lang='lat' dir='ltr'>tanta</span> <span class='ocrx_word' id='word_1_458' title='bbox 1399 2827 1604 2886; x_wconf 90' lang='lat' dir='ltr'>mutabilitatis</span> <span class='ocrx_word' id='word_1_459' title='bbox 1628 2828 1801 2886; x_wconf 84' lang='lat' dir='ltr'>contusione</span> <span class='ocrx_word' id='word_1_460' title='bbox 1815 2846 1883 2886; x_wconf 79' lang='lat' dir='ltr'>nus</span> 
     </span>
    </p>
   </div>
   <div class='ocr_carea' id='block_1_12' title="bbox 128 2913 1882 3000">
    <p class='ocr_par' dir='ltr' id='par_1_12' title="bbox 128 2913 1882 3000">
     <span class='ocr_line' id='line_1_62' title="bbox 128 2913 1882 3000; baseline 0.002 -28"><span class='ocrx_word' id='word_1_461' title='bbox 128 2927 146 2946; x_wconf 76' lang='lat'>’</span> <span class='ocrx_word' id='word_1_462' title='bbox 174 2920 206 2973; x_wconf 92' lang='lat' dir='ltr'>ut</span> <span class='ocrx_word' id='word_1_463' title='bbox 225 2921 385 2984; x_wconf 88' lang='lat' dir='ltr'>transeant,</span> <span class='ocrx_word' id='word_1_464' title='bbox 406 2920 434 2972; x_wconf 89' lang='lat' dir='ltr'>et</span> <span class='ocrx_word' id='word_1_465' title='bbox 462 2914 503 2970; x_wconf 90' lang='lat' dir='ltr'>sic</span> <span class='ocrx_word' id='word_1_466' title='bbox 535 2913 659 2971; x_wconf 88' lang='lat' dir='ltr'>transire</span> <span class='ocrx_word' id='word_1_467' title='bbox 687 2918 718 2970; x_wconf 91' lang='lat' dir='ltr'>ut</span> <span class='ocrx_word' id='word_1_468' title='bbox 743 2929 805 2970; x_wconf 91' lang='lat' dir='ltr'>non</span> <span class='ocrx_word' id='word_1_469' title='bbox 827 2913 999 2971; x_wconf 88' lang='lat' dir='ltr'>subsistant.</span> <span class='ocrx_word' id='word_1_470' title='bbox 1021 2930 1148 3000; x_wconf 64' lang='lat' dir='ltr'>equam</span> <span class='ocrx_word' id='word_1_471' title='bbox 1158 2915 1235 2972; x_wconf 89' lang='lat' dir='ltr'>hene</span> <span class='ocrx_word' id='word_1_472' title='bbox 1251 2915 1451 2977; x_wconf 88' lang='lat' dir='ltr'>consideranti</span> <span class='ocrx_word' id='word_1_473' title='bbox 1460 2915 1536 2974; x_wconf 86' lang='lat' dir='ltr'>ratio</span> <span class='ocrx_word' id='word_1_474' title='bbox 1550 2916 1670 2974; x_wconf 80' lang='lat' dir='ltr'>evidens</span> <span class='ocrx_word' id='word_1_475' title='bbox 1684 2923 1713 2974; x_wconf 92' lang='lat' dir='ltr'>et</span> <span class='ocrx_word' id='word_1_476' title='bbox 1726 2917 1882 2976; x_wconf 87' lang='lat' dir='ltr'>manifesta</span> 
     </span>
    </p>
   </div>
   <div class='ocr_carea' id='block_1_13' title="bbox 166 3003 1916 4777">
    <p class='ocr_par' dir='ltr' id='par_1_13' title="bbox 166 3003 1916 4777">
     <span class='ocr_line' id='line_1_63' title="bbox 173 3003 1882 3081; baseline 0.001 -18"><span class='ocrx_word' id='word_1_477' title='bbox 173 3006 332 3064; x_wconf 86' lang='lat' dir='ltr'>Videamus</span> <span class='ocrx_word' id='word_1_478' title='bbox 346 3021 417 3076; x_wconf 85' lang='lat' dir='ltr'>ergo</span> <span class='ocrx_word' id='word_1_479' title='bbox 432 3003 531 3062; x_wconf 89' lang='lat' dir='ltr'>adbuc</span> <span class='ocrx_word' id='word_1_480' title='bbox 546 3003 684 3061; x_wconf 87' lang='lat' dir='ltr'>circuitus</span> <span class='ocrx_word' id='word_1_481' title='bbox 698 3003 769 3060; x_wconf 92' lang='lat' dir='ltr'>istos</span> <span class='ocrx_word' id='word_1_482' title='bbox 788 3003 936 3061; x_wconf 85' lang='lat' dir='ltr'>vanitatis.</span> <span class='ocrx_word' id='word_1_483' title='bbox 951 3004 1001 3061; x_wconf 86' lang='lat' dir='ltr'>Ilei</span> <span class='ocrx_word' id='word_1_484' title='bbox 1056 3004 1138 3061; x_wconf 86' lang='lat' dir='ltr'>deest</span> <span class='ocrx_word' id='word_1_485' title='bbox 1159 3022 1165 3061; x_wconf 94' lang='lat'>:</span> <span class='ocrx_word' id='word_1_486' title='bbox 1186 3005 1270 3078; x_wconf 90' lang='lat' dir='ltr'>quod</span> <span class='ocrx_word' id='word_1_487' title='bbox 1291 3010 1352 3062; x_wconf 91' lang='lat' dir='ltr'>tam</span> <span class='ocrx_word' id='word_1_488' title='bbox 1371 3005 1448 3062; x_wconf 92' lang='lat' dir='ltr'>bene</span> <span class='ocrx_word' id='word_1_489' title='bbox 1468 3005 1636 3080; x_wconf 89' lang='lat' dir='ltr'>disponitur</span> <span class='ocrx_word' id='word_1_490' title='bbox 1654 3005 1685 3063; x_wconf 88' lang='lat' dir='ltr'>id</span> <span class='ocrx_word' id='word_1_491' title='bbox 1700 3005 1789 3064; x_wconf 89' lang='lat' dir='ltr'>etiam</span> <span class='ocrx_word' id='word_1_492' title='bbox 1801 3005 1882 3081; x_wconf 90' lang='lat' dir='ltr'>quod</span> 
     </span>
     <span class='ocr_line' id='line_1_64' title="bbox 173 3092 1915 3170; baseline 0.001 -18"><span class='ocrx_word' id='word_1_493' title='bbox 173 3094 253 3153; x_wconf 90' lang='lat' dir='ltr'>enim</span> <span class='ocrx_word' id='word_1_494' title='bbox 267 3094 421 3169; x_wconf 88' lang='lat' dir='ltr'>sapientia,</span> <span class='ocrx_word' id='word_1_495' title='bbox 439 3098 469 3151; x_wconf 92' lang='lat' dir='ltr'>ut</span> <span class='ocrx_word' id='word_1_496' title='bbox 480 3093 544 3166; x_wconf 90' lang='lat' dir='ltr'>jam</span> <span class='ocrx_word' id='word_1_497' title='bbox 557 3092 671 3150; x_wconf 88' lang='lat' dir='ltr'>dictum</span> <span class='ocrx_word' id='word_1_498' title='bbox 688 3095 741 3162; x_wconf 88' lang='lat' dir='ltr'>est,</span> <span class='ocrx_word' id='word_1_499' title='bbox 757 3093 813 3150; x_wconf 88' lang='lat' dir='ltr'>hoc</span> <span class='ocrx_word' id='word_1_500' title='bbox 827 3092 1001 3150; x_wconf 87' lang='lat' dir='ltr'>mirabiliter</span> <span class='ocrx_word' id='word_1_501' title='bbox 1055 3092 1085 3149; x_wconf 90' lang='lat' dir='ltr'>in</span> <span class='ocrx_word' id='word_1_502' title='bbox 1110 3092 1200 3150; x_wconf 90' lang='lat' dir='ltr'>rebus</span> <span class='ocrx_word' id='word_1_503' title='bbox 1214 3093 1330 3151; x_wconf 91' lang='lat' dir='ltr'>honum</span> <span class='ocrx_word' id='word_1_504' title='bbox 1351 3110 1412 3152; x_wconf 91' lang='lat' dir='ltr'>nou</span> <span class='ocrx_word' id='word_1_505' title='bbox 1437 3101 1489 3165; x_wconf 92' lang='grc' dir='ltr'><strong>θεῖ,</strong></span> <span class='ocrx_word' id='word_1_506' title='bbox 1515 3100 1548 3152; x_wconf 94' lang='lat' dir='ltr'>ut</span> <span class='ocrx_word' id='word_1_507' title='bbox 1570 3096 1798 3170; x_wconf 88' lang='lat' dir='ltr'>quadammodo</span> <span class='ocrx_word' id='word_1_508' title='bbox 1825 3095 1881 3153; x_wconf 88' lang='lat' dir='ltr'>sin·</span> <span class='ocrx_word' id='word_1_509' title='bbox 1909 3116 1915 3135; x_wconf 73' lang='grc'><em>·</em></span> 
     </span>
     <span class='ocr_line' id='line_1_65' title="bbox 172 3175 1878 3260; baseline 0.001 -19"><span class='ocrx_word' id='word_1_510' title='bbox 172 3183 311 3260; x_wconf 88' lang='lat' dir='ltr'>providit,</span> <span class='ocrx_word' id='word_1_511' title='bbox 327 3189 359 3241; x_wconf 92' lang='lat' dir='ltr'>ut</span> <span class='ocrx_word' id='word_1_512' title='bbox 374 3199 474 3240; x_wconf 87' lang='lat' dir='ltr'>rerum</span> <span class='ocrx_word' id='word_1_513' title='bbox 487 3182 623 3239; x_wconf 91' lang='lat' dir='ltr'>omnium</span> <span class='ocrx_word' id='word_1_514' title='bbox 635 3185 735 3241; x_wconf 89' lang='lat' dir='ltr'>motus</span> <span class='ocrx_word' id='word_1_515' title='bbox 745 3181 775 3238; x_wconf 86' lang='lat' dir='ltr'>in</span> <span class='ocrx_word' id='word_1_516' title='bbox 786 3181 891 3239; x_wconf 90' lang='lat' dir='ltr'>orbem</span> <span class='ocrx_word' id='word_1_517' title='bbox 902 3198 1001 3260; x_wconf 82' lang='lat' dir='ltr'>agere·</span> <span class='ocrx_word' id='word_1_518' title='bbox 1050 3175 1195 3255; x_wconf 75' lang='lat' dir='ltr'>&#39;galerum</span> <span class='ocrx_word' id='word_1_519' title='bbox 1218 3185 1379 3258; x_wconf 88' lang='lat' dir='ltr'>corrupti0,</span> <span class='ocrx_word' id='word_1_520' title='bbox 1405 3184 1611 3242; x_wconf 88' lang='lat' dir='ltr'>universorum</span> <span class='ocrx_word' id='word_1_521' title='bbox 1631 3184 1668 3243; x_wconf 91' lang='lat' dir='ltr'>sit</span> <span class='ocrx_word' id='word_1_522' title='bbox 1680 3184 1878 3260; x_wconf 79' lang='lat' dir='ltr'>pulchritudo.</span> 
     </span>
     <span class='ocr_line' id='line_1_66' title="bbox 171 3270 1916 3348; baseline 0.001 -16"><span class='ocrx_word' id='word_1_523' title='bbox 171 3279 228 3343; x_wconf 94' lang='lat' dir='ltr'>tur,</span> <span class='ocrx_word' id='word_1_524' title='bbox 244 3278 393 3348; x_wconf 90' lang='lat' dir='ltr'>quatenus</span> <span class='ocrx_word' id='word_1_525' title='bbox 407 3288 552 3346; x_wconf 89' lang='lat' dir='ltr'>corporea</span> <span class='ocrx_word' id='word_1_526' title='bbox 566 3275 683 3341; x_wconf 88' lang='lat' dir='ltr'>natura,</span> <span class='ocrx_word' id='word_1_527' title='bbox 699 3288 767 3345; x_wconf 82' lang='lat' dir='ltr'>quae</span> <span class='ocrx_word' id='word_1_528' title='bbox 783 3270 933 3328; x_wconf 79' lang='lat' dir='ltr'>effluendo</span> <span class='ocrx_word' id='word_1_529' title='bbox 949 3272 1000 3329; x_wconf 87' lang='lat' dir='ltr'>ali·</span> <span class='ocrx_word' id='word_1_530' title='bbox 1054 3275 1212 3347; x_wconf 85' lang='lat' dir='ltr'>Propterea</span> <span class='ocrx_word' id='word_1_531' title='bbox 1239 3291 1344 3332; x_wconf 91' lang='lat' dir='ltr'>sensus</span> <span class='ocrx_word' id='word_1_532' title='bbox 1366 3276 1518 3332; x_wconf 89' lang='lat' dir='ltr'>humanus</span> <span class='ocrx_word' id='word_1_533' title='bbox 1533 3276 1563 3332; x_wconf 89' lang='lat' dir='ltr'>iu</span> <span class='ocrx_word' id='word_1_534' title='bbox 1578 3274 1816 3333; x_wconf 89' lang='lat' dir='ltr'>consideratione</span> <span class='ocrx_word' id='word_1_535' title='bbox 1830 3277 1880 3333; x_wconf 89' lang='lat' dir='ltr'>ho·</span> <span class='ocrx_word' id='word_1_536' title='bbox 1911 3287 1916 3310; x_wconf 54' lang='lat' dir='ltr'>r</span> 
     </span>
     <span class='ocr_line' id='line_1_67' title="bbox 170 3360 1878 3437; baseline 0.001 -17"><span class='ocrx_word' id='word_1_537' title='bbox 170 3363 294 3437; x_wconf 89' lang='lat' dir='ltr'>quaudo</span> <span class='ocrx_word' id='word_1_538' title='bbox 303 3363 452 3421; x_wconf 87' lang='lat' dir='ltr'>delectum</span> <span class='ocrx_word' id='word_1_539' title='bbox 461 3362 569 3419; x_wconf 86' lang='lat' dir='ltr'>sentire</span> <span class='ocrx_word' id='word_1_540' title='bbox 580 3361 732 3435; x_wconf 88' lang='lat' dir='ltr'>potuisset,</span> <span class='ocrx_word' id='word_1_541' title='bbox 743 3377 862 3436; x_wconf 91' lang='lat' dir='ltr'>semper</span> <span class='ocrx_word' id='word_1_542' title='bbox 872 3360 902 3417; x_wconf 92' lang='lat' dir='ltr'>in</span> <span class='ocrx_word' id='word_1_543' title='bbox 913 3378 999 3420; x_wconf 91' lang='lat' dir='ltr'>suam</span> <span class='ocrx_word' id='word_1_544' title='bbox 1053 3379 1122 3419; x_wconf 89' lang='lat' dir='ltr'>rum</span> <span class='ocrx_word' id='word_1_545' title='bbox 1135 3364 1335 3421; x_wconf 89' lang='lat' dir='ltr'>succumbens</span> <span class='ocrx_word' id='word_1_546' title='bbox 1355 3365 1484 3422; x_wconf 86' lang='lat' dir='ltr'>suaviter</span> <span class='ocrx_word' id='word_1_547' title='bbox 1494 3381 1530 3421; x_wconf 80' lang='lat' dir='ltr'>cx</span> <span class='ocrx_word' id='word_1_548' title='bbox 1541 3364 1658 3423; x_wconf 83' lang='lat' dir='ltr'>deiectu</span> <span class='ocrx_word' id='word_1_549' title='bbox 1670 3381 1724 3422; x_wconf 90' lang='lat' dir='ltr'>suo</span> <span class='ocrx_word' id='word_1_550' title='bbox 1734 3365 1878 3434; x_wconf 80' lang='lat' dir='ltr'>refieitur3</span> 
     </span>
     <span class='ocr_line' id='line_1_68' title="bbox 172 3439 1916 3529; baseline 0.002 -21"><span class='ocrx_word' id='word_1_551' title='bbox 172 3452 352 3508; x_wconf 88' lang='lat' dir='ltr'>recurrendo</span> <span class='ocrx_word' id='word_1_552' title='bbox 365 3439 518 3522; x_wconf 80' lang='lat' dir='ltr'>originem&#39;</span> <span class='ocrx_word' id='word_1_553' title='bbox 531 3450 605 3507; x_wconf 92' lang='lat' dir='ltr'>dum</span> <span class='ocrx_word' id='word_1_554' title='bbox 623 3451 685 3507; x_wconf 91' lang='lat' dir='ltr'>siue</span> <span class='ocrx_word' id='word_1_555' title='bbox 698 3451 914 3509; x_wconf 86' lang='lat' dir='ltr'>intermissione</span> <span class='ocrx_word' id='word_1_556' title='bbox 929 3452 1000 3508; x_wconf 89' lang='lat' dir='ltr'>reci·</span> <span class='ocrx_word' id='word_1_557' title='bbox 1054 3451 1166 3526; x_wconf 90' lang='lat' dir='ltr'>quiaiu</span> <span class='ocrx_word' id='word_1_558' title='bbox 1177 3453 1306 3528; x_wconf 89' lang='lat' dir='ltr'>eoquod</span> <span class='ocrx_word' id='word_1_559' title='bbox 1317 3455 1482 3511; x_wconf 91' lang='lat' dir='ltr'>secundum</span> <span class='ocrx_word' id='word_1_560' title='bbox 1494 3454 1714 3529; x_wconf 91' lang='lat' dir='ltr'>corruptionem</span> <span class='ocrx_word' id='word_1_561' title='bbox 1729 3453 1877 3529; x_wconf 88' lang='lat' dir='ltr'>displicet,</span> <span class='ocrx_word' id='word_1_562' title='bbox 1913 3468 1916 3482; x_wconf 76' lang='grc'>’</span> 
     </span>
     <span class='ocr_line' id='line_1_69' title="bbox 171 3539 1908 3617; baseline 0.005 -23"><span class='ocrx_word' id='word_1_563' title='bbox 171 3539 215 3614; x_wconf 90' lang='lat' dir='ltr'>pit</span> <span class='ocrx_word' id='word_1_564' title='bbox 236 3539 318 3613; x_wconf 89' lang='lat' dir='ltr'>quod</span> <span class='ocrx_word' id='word_1_565' title='bbox 338 3540 451 3607; x_wconf 82' lang='lat' dir='ltr'>alludit,</span> <span class='ocrx_word' id='word_1_566' title='bbox 473 3539 535 3596; x_wconf 92' lang='lat' dir='ltr'>sine</span> <span class='ocrx_word' id='word_1_567' title='bbox 549 3539 665 3595; x_wconf 88' lang='lat' dir='ltr'>delectu</span> <span class='ocrx_word' id='word_1_568' title='bbox 676 3539 810 3596; x_wconf 77' lang='lat' dir='ltr'>effundat</span> <span class='ocrx_word' id='word_1_569' title='bbox 823 3540 906 3614; x_wconf 90' lang='lat' dir='ltr'>quod</span> <span class='ocrx_word' id='word_1_570' title='bbox 922 3556 1000 3597; x_wconf 89' lang='lat' dir='ltr'>rece·</span> <span class='ocrx_word' id='word_1_571' title='bbox 1053 3540 1313 3599; x_wconf 90' lang='lat' dir='ltr'>inordinatissima</span> <span class='ocrx_word' id='word_1_572' title='bbox 1328 3543 1548 3617; x_wconf 90' lang='lat' dir='ltr'>pulchritudine</span> <span class='ocrx_word' id='word_1_573' title='bbox 1562 3544 1775 3614; x_wconf 84' lang='lat' dir='ltr'>univcrsitatis,</span> <span class='ocrx_word' id='word_1_574' title='bbox 1792 3544 1879 3603; x_wconf 90' lang='lat' dir='ltr'>etiam</span> <span class='ocrx_word' id='word_1_575' title='bbox 1905 3541 1908 3575; x_wconf 70' lang='lat'>³</span> 
     </span>
     <span class='ocr_line' id='line_1_70' title="bbox 171 3626 1879 3707; baseline 0.005 -24"><span class='ocrx_word' id='word_1_576' title='bbox 171 3627 223 3702; x_wconf 90' lang='lat' dir='ltr'>pit,</span> <span class='ocrx_word' id='word_1_577' title='bbox 238 3632 266 3685; x_wconf 91' lang='lat' dir='ltr'>ct</span> <span class='ocrx_word' id='word_1_578' title='bbox 281 3628 317 3684; x_wconf 94' lang='lat' dir='ltr'>sit</span> <span class='ocrx_word' id='word_1_579' title='bbox 331 3628 463 3685; x_wconf 87' lang='lat' dir='ltr'>delectus</span> <span class='ocrx_word' id='word_1_580' title='bbox 479 3627 542 3684; x_wconf 86' lang='lat' dir='ltr'>sine</span> <span class='ocrx_word' id='word_1_581' title='bbox 556 3626 687 3696; x_wconf 81' lang='lat' dir='ltr'>delectu3</span> <span class='ocrx_word' id='word_1_582' title='bbox 709 3644 763 3684; x_wconf 89' lang='lat' dir='ltr'>nec</span> <span class='ocrx_word' id='word_1_583' title='bbox 778 3645 913 3702; x_wconf 91' lang='lat' dir='ltr'>unquam</span> <span class='ocrx_word' id='word_1_584' title='bbox 924 3630 1000 3688; x_wconf 90' lang='lat' dir='ltr'>desit</span> <span class='ocrx_word' id='word_1_585' title='bbox 1052 3629 1119 3704; x_wconf 88' lang='lat' dir='ltr'>ipsa</span> <span class='ocrx_word' id='word_1_586' title='bbox 1148 3632 1298 3704; x_wconf 86' lang='lat' dir='ltr'>eonuptio</span> <span class='ocrx_word' id='word_1_587' title='bbox 1322 3631 1448 3704; x_wconf 90' lang='lat' dir='ltr'>pulchra</span> <span class='ocrx_word' id='word_1_588' title='bbox 1463 3637 1507 3691; x_wconf 94' lang='lat' dir='ltr'>est</span> <span class='ocrx_word' id='word_1_589' title='bbox 1520 3637 1548 3690; x_wconf 89' lang='lat' dir='ltr'>et</span> <span class='ocrx_word' id='word_1_590' title='bbox 1564 3633 1670 3707; x_wconf 90' lang='lat' dir='ltr'>placet.</span> <span class='ocrx_word' id='word_1_591' title='bbox 1688 3633 1733 3692; x_wconf 87' lang='lat' dir='ltr'>Sic</span> <span class='ocrx_word' id='word_1_592' title='bbox 1755 3634 1831 3691; x_wconf 91' lang='lat' dir='ltr'>miro</span> <span class='ocrx_word' id='word_1_593' title='bbox 1852 3637 1879 3691; x_wconf 88' lang='lat' dir='ltr'>et</span> 
     </span>
     <span class='ocr_line' id='line_1_71' title="bbox 170 3716 1908 3793; baseline 0.002 -18"><span class='ocrx_word' id='word_1_594' title='bbox 170 3718 357 3793; x_wconf 90' lang='lat' dir='ltr'>quodpossit</span> <span class='ocrx_word' id='word_1_595' title='bbox 371 3717 507 3786; x_wconf 86' lang='lat' dir='ltr'>deficere,</span> <span class='ocrx_word' id='word_1_596' title='bbox 522 3720 555 3773; x_wconf 93' lang='lat' dir='ltr'>ut</span> <span class='ocrx_word' id='word_1_597' title='bbox 574 3732 692 3789; x_wconf 87' lang='lat' dir='ltr'>semper</span> <span class='ocrx_word' id='word_1_598' title='bbox 714 3716 841 3774; x_wconf 86' lang='lat' dir='ltr'>deficiat.</span> <span class='ocrx_word' id='word_1_599' title='bbox 867 3718 949 3775; x_wconf 88' lang='lat' dir='ltr'>Unde</span> <span class='ocrx_word' id='word_1_600' title='bbox 967 3720 998 3775; x_wconf 92' lang='lat' dir='ltr'>in</span> <span class='ocrx_word' id='word_1_601' title='bbox 1052 3718 1194 3776; x_wconf 77' lang='lat' dir='ltr'>ineflabili</span> <span class='ocrx_word' id='word_1_602' title='bbox 1213 3720 1315 3789; x_wconf 90' lang='lat' dir='ltr'>modo,</span> <span class='ocrx_word' id='word_1_603' title='bbox 1337 3721 1476 3780; x_wconf 83' lang='lat' dir='ltr'>Conditor</span> <span class='ocrx_word' id='word_1_604' title='bbox 1495 3723 1526 3778; x_wconf 90' lang='lat' dir='ltr'>in</span> <span class='ocrx_word' id='word_1_605' title='bbox 1534 3727 1670 3780; x_wconf 89' lang='lat' dir='ltr'>creatura</span> <span class='ocrx_word' id='word_1_606' title='bbox 1684 3739 1738 3780; x_wconf 89' lang='lat' dir='ltr'>sua</span> <span class='ocrx_word' id='word_1_607' title='bbox 1754 3723 1842 3780; x_wconf 91' lang='lat' dir='ltr'>simul</span> <span class='ocrx_word' id='word_1_608' title='bbox 1853 3726 1880 3781; x_wconf 89' lang='lat' dir='ltr'>et</span> <span class='ocrx_word' id='word_1_609' title='bbox 1903 3730 1908 3759; x_wconf 72' lang='lat'>²</span> 
     </span>
     <span class='ocr_line' id='line_1_72' title="bbox 170 3806 1912 3887; baseline 0.002 -22"><span class='ocrx_word' id='word_1_610' title='bbox 170 3824 231 3866; x_wconf 88' lang='lat' dir='ltr'>una</span> <span class='ocrx_word' id='word_1_611' title='bbox 256 3807 421 3883; x_wconf 87' lang='lat' dir='ltr'>eademque</span> <span class='ocrx_word' id='word_1_612' title='bbox 440 3822 480 3875; x_wconf 89' lang='lat' dir='ltr'>re,</span> <span class='ocrx_word' id='word_1_613' title='bbox 507 3810 535 3862; x_wconf 90' lang='lat' dir='ltr'>et</span> <span class='ocrx_word' id='word_1_614' title='bbox 555 3806 699 3863; x_wconf 89' lang='lat' dir='ltr'>miserum</span> <span class='ocrx_word' id='word_1_615' title='bbox 720 3811 773 3875; x_wconf 86' lang='lat' dir='ltr'>est,</span> <span class='ocrx_word' id='word_1_616' title='bbox 793 3807 876 3881; x_wconf 91' lang='lat' dir='ltr'>quod</span> <span class='ocrx_word' id='word_1_617' title='bbox 890 3813 947 3878; x_wconf 89' lang='lat' dir='ltr'>est;</span> <span class='ocrx_word' id='word_1_618' title='bbox 970 3815 999 3866; x_wconf 91' lang='lat' dir='ltr'>ct</span> <span class='ocrx_word' id='word_1_619' title='bbox 1052 3812 1444 3883; x_wconf 84' lang='lat' dir='ltr'>percurruptiouemrerum</span> <span class='ocrx_word' id='word_1_620' title='bbox 1458 3811 1879 3887; x_wconf 88' lang='lat' dir='ltr'>punitmalitiam,etperpul·</span> <span class='ocrx_word' id='word_1_621' title='bbox 1904 3817 1912 3857; x_wconf 70' lang='grc' dir='ltr'>ἱ</span> 
     </span>
     <span class='ocr_line' id='line_1_73' title="bbox 169 3896 1908 3973; baseline 0.003 -19"><span class='ocrx_word' id='word_1_622' title='bbox 169 3898 305 3956; x_wconf 90' lang='lat' dir='ltr'>mirabile</span> <span class='ocrx_word' id='word_1_623' title='bbox 320 3899 404 3972; x_wconf 90' lang='lat' dir='ltr'>quod</span> <span class='ocrx_word' id='word_1_624' title='bbox 418 3897 530 3969; x_wconf 80' lang='lat' dir='ltr'>lactum</span> <span class='ocrx_word' id='word_1_625' title='bbox 544 3900 597 3965; x_wconf 90' lang='lat' dir='ltr'>est,</span> <span class='ocrx_word' id='word_1_626' title='bbox 614 3897 685 3970; x_wconf 92' lang='lat' dir='ltr'>quia</span> <span class='ocrx_word' id='word_1_627' title='bbox 699 3896 729 3952; x_wconf 91' lang='lat' dir='ltr'>iu</span> <span class='ocrx_word' id='word_1_628' title='bbox 744 3897 852 3954; x_wconf 74' lang='lat' dir='ltr'>coelem</span> <span class='ocrx_word' id='word_1_629' title='bbox 866 3914 954 3972; x_wconf 88' lang='lat' dir='ltr'>opere</span> <span class='ocrx_word' id='word_1_630' title='bbox 970 3906 999 3958; x_wconf 93' lang='lat' dir='ltr'>et</span> <span class='ocrx_word' id='word_1_631' title='bbox 1052 3898 1251 3956; x_wconf 89' lang='lat' dir='ltr'>chritudinem</span> <span class='ocrx_word' id='word_1_632' title='bbox 1270 3900 1396 3958; x_wconf 89' lang='lat' dir='ltr'>delectat</span> <span class='ocrx_word' id='word_1_633' title='bbox 1414 3907 1563 3972; x_wconf 89' lang='lat' dir='ltr'>naturam,</span> <span class='ocrx_word' id='word_1_634' title='bbox 1581 3907 1613 3960; x_wconf 91' lang='lat' dir='ltr'>ut</span> <span class='ocrx_word' id='word_1_635' title='bbox 1626 3906 1772 3973; x_wconf 80' lang='lat' dir='ltr'>agnoscat</span> <span class='ocrx_word' id='word_1_636' title='bbox 1789 3903 1878 3960; x_wconf 91' lang='lat' dir='ltr'>homo</span> <span class='ocrx_word' id='word_1_637' title='bbox 1904 3904 1908 3941; x_wconf 78' lang='lat'>²</span> 
     </span>
     <span class='ocr_line' id='line_1_74' title="bbox 170 3984 1878 4065; baseline 0.004 -23"><span class='ocrx_word' id='word_1_638' title='bbox 170 3986 281 4058; x_wconf 80' lang='lat' dir='ltr'>fragilis</span> <span class='ocrx_word' id='word_1_639' title='bbox 306 3985 454 4043; x_wconf 90' lang='lat' dir='ltr'>iuvenitur</span> <span class='ocrx_word' id='word_1_640' title='bbox 475 3984 609 4053; x_wconf 88' lang='lat' dir='ltr'>materia,</span> <span class='ocrx_word' id='word_1_641' title='bbox 626 3989 654 4041; x_wconf 91' lang='lat' dir='ltr'>et</span> <span class='ocrx_word' id='word_1_642' title='bbox 674 3984 748 4042; x_wconf 91' lang='lat' dir='ltr'>ratio</span> <span class='ocrx_word' id='word_1_643' title='bbox 768 3985 888 4046; x_wconf 82' lang='lat' dir='ltr'>artificis</span> <span class='ocrx_word' id='word_1_644' title='bbox 903 3986 998 4044; x_wconf 89' lang='lat' dir='ltr'>admi-</span> <span class='ocrx_word' id='word_1_645' title='bbox 1051 3987 1082 4044; x_wconf 93' lang='lat' dir='ltr'>iu</span> <span class='ocrx_word' id='word_1_646' title='bbox 1106 4005 1197 4062; x_wconf 83' lang='lat' dir='ltr'>poena</span> <span class='ocrx_word' id='word_1_647' title='bbox 1221 4006 1275 4047; x_wconf 91' lang='lat' dir='ltr'>sua</span> <span class='ocrx_word' id='word_1_648' title='bbox 1298 3991 1372 4064; x_wconf 90' lang='lat' dir='ltr'>quid</span> <span class='ocrx_word' id='word_1_649' title='bbox 1398 4007 1451 4065; x_wconf 88' lang='lat' dir='ltr'>per</span> <span class='ocrx_word' id='word_1_650' title='bbox 1474 3991 1595 4065; x_wconf 90' lang='lat' dir='ltr'>eulpam</span> <span class='ocrx_word' id='word_1_651' title='bbox 1610 3992 1728 4060; x_wconf 90' lang='lat' dir='ltr'>meruit,</span> <span class='ocrx_word' id='word_1_652' title='bbox 1744 3999 1773 4050; x_wconf 90' lang='lat' dir='ltr'>et</span> <span class='ocrx_word' id='word_1_653' title='bbox 1787 3993 1817 4050; x_wconf 91' lang='lat' dir='ltr'>in</span> <span class='ocrx_word' id='word_1_654' title='bbox 1831 3992 1878 4049; x_wconf 85' lang='lat' dir='ltr'>de-</span> 
     </span>
     <span class='ocr_line' id='line_1_75' title="bbox 169 4048 1915 4156; baseline 0.005 -24"><span class='ocrx_word' id='word_1_655' title='bbox 169 4076 274 4134; x_wconf 87' lang='lat' dir='ltr'>randa.</span> <span class='ocrx_word' id='word_1_656' title='bbox 290 4078 323 4133; x_wconf 88' lang='lat' dir='ltr'>Et</span> <span class='ocrx_word' id='word_1_657' title='bbox 337 4079 541 4148; x_wconf 89' lang='lat' dir='ltr'>contemptum</span> <span class='ocrx_word' id='word_1_658' title='bbox 563 4073 685 4147; x_wconf 88' lang='lat' dir='ltr'>quidem</span> <span class='ocrx_word' id='word_1_659' title='bbox 705 4048 997 4135; x_wconf 67' lang='lat' dir='ltr'>mrmdiluadetna·</span> <span class='ocrx_word' id='word_1_660' title='bbox 1050 4078 1206 4135; x_wconf 81' lang='lat' dir='ltr'>lactatione</span> <span class='ocrx_word' id='word_1_661' title='bbox 1229 4080 1303 4156; x_wconf 90' lang='lat' dir='ltr'>quid</span> <span class='ocrx_word' id='word_1_662' title='bbox 1327 4080 1434 4138; x_wconf 91' lang='lat' dir='ltr'>amisit.</span> <span class='ocrx_word' id='word_1_663' title='bbox 1465 4082 1614 4148; x_wconf 85' lang='lat' dir='ltr'>Quantam</span> <span class='ocrx_word' id='word_1_664' title='bbox 1633 4081 1713 4139; x_wconf 89' lang='lat' dir='ltr'>enim</span> <span class='ocrx_word' id='word_1_665' title='bbox 1736 4081 1768 4138; x_wconf 91' lang='lat' dir='ltr'>in</span> <span class='ocrx_word' id='word_1_666' title='bbox 1796 4085 1878 4141; x_wconf 85' lang='lat' dir='ltr'>Crea-</span> <span class='ocrx_word' id='word_1_667' title='bbox 1902 4090 1915 4113; x_wconf 78' lang='grc'>’·“</span> 
     </span>
     <span class='ocr_line' id='line_1_76' title="bbox 168 4162 1911 4240; baseline 0.003 -18"><span class='ocrx_word' id='word_1_668' title='bbox 168 4169 234 4223; x_wconf 87' lang='lat' dir='ltr'>tura</span> <span class='ocrx_word' id='word_1_669' title='bbox 243 4163 451 4238; x_wconf 87' lang='lat' dir='ltr'>corruptibilis,</span> <span class='ocrx_word' id='word_1_670' title='bbox 463 4164 516 4220; x_wconf 90' lang='lat' dir='ltr'>sed</span> <span class='ocrx_word' id='word_1_671' title='bbox 527 4162 695 4220; x_wconf 90' lang='lat' dir='ltr'>succumbit</span> <span class='ocrx_word' id='word_1_672' title='bbox 704 4180 789 4220; x_wconf 88' lang='lat' dir='ltr'>mens</span> <span class='ocrx_word' id='word_1_673' title='bbox 800 4165 996 4224; x_wconf 87' lang='lat' dir='ltr'>admiratione</span> <span class='ocrx_word' id='word_1_674' title='bbox 1051 4170 1113 4225; x_wconf 89' lang='lat' dir='ltr'>tore</span> <span class='ocrx_word' id='word_1_675' title='bbox 1129 4184 1230 4225; x_wconf 87' lang='lat' dir='ltr'>rerum</span> <span class='ocrx_word' id='word_1_676' title='bbox 1247 4167 1413 4226; x_wconf 88' lang='lat' dir='ltr'>dulcedinis</span> <span class='ocrx_word' id='word_1_677' title='bbox 1432 4169 1618 4229; x_wconf 83' lang='lat' dir='ltr'>affluentiam</span> <span class='ocrx_word' id='word_1_678' title='bbox 1637 4187 1700 4228; x_wconf 89' lang='lat' dir='ltr'>esse</span> <span class='ocrx_word' id='word_1_679' title='bbox 1718 4170 1877 4240; x_wconf 88' lang='lat' dir='ltr'>eredimus,</span> <span class='ocrx_word' id='word_1_680' title='bbox 1902 4178 1911 4213; x_wconf 64' lang='lat'>«⁶</span> 
     </span>
     <span class='ocr_line' id='line_1_77' title="bbox 167 4249 1908 4357; baseline 0.004 -45"><span class='ocrx_word' id='word_1_681' title='bbox 167 4254 199 4312; x_wconf 93' lang='lat' dir='ltr'>in</span> <span class='ocrx_word' id='word_1_682' title='bbox 214 4253 464 4328; x_wconf 87' lang='lat' dir='ltr'>contemplatione</span> <span class='ocrx_word' id='word_1_683' title='bbox 476 4252 608 4310; x_wconf 89' lang='lat' dir='ltr'>rationis.</span> <span class='ocrx_word' id='word_1_684' title='bbox 622 4251 667 4308; x_wconf 80' lang='lat' dir='ltr'>Ad</span> <span class='ocrx_word' id='word_1_685' title='bbox 677 4253 755 4310; x_wconf 90' lang='lat' dir='ltr'>hanc</span> <span class='ocrx_word' id='word_1_686' title='bbox 766 4269 837 4324; x_wconf 79' lang='lat' dir='ltr'>ergo</span> <span class='ocrx_word' id='word_1_687' title='bbox 849 4254 995 4312; x_wconf 88' lang='lat' dir='ltr'>rationem</span> <span class='ocrx_word' id='word_1_688' title='bbox 1015 4301 1037 4357; x_wconf 72' lang='lat' dir='ltr'>D</span> <span class='ocrx_word' id='word_1_689' title='bbox 1053 4256 1076 4311; x_wconf 89' lang='lat' dir='ltr'>si</span> <span class='ocrx_word' id='word_1_690' title='bbox 1091 4249 1153 4314; x_wconf 87' lang='lat' dir='ltr'>tam</span> <span class='ocrx_word' id='word_1_691' title='bbox 1168 4257 1276 4315; x_wconf 81' lang='lat' dir='ltr'>mham</span> <span class='ocrx_word' id='word_1_692' title='bbox 1290 4259 1320 4315; x_wconf 95' lang='lat' dir='ltr'>iu</span> <span class='ocrx_word' id='word_1_693' title='bbox 1335 4263 1540 4317; x_wconf 87' lang='lat' dir='ltr'>creaturarum</span> <span class='ocrx_word' id='word_1_694' title='bbox 1552 4259 1773 4334; x_wconf 85' lang='lat' dir='ltr'>pulchritudine</span> <span class='ocrx_word' id='word_1_695' title='bbox 1783 4261 1880 4320; x_wconf 82' lang='lat' dir='ltr'>suavi·</span> <span class='ocrx_word' id='word_1_696' title='bbox 1903 4262 1908 4283; x_wconf 66' lang='lat'><em>⁵</em></span> 
     </span>
     <span class='ocr_line' id='line_1_78' title="bbox 167 4342 1912 4422; baseline 0.005 -22"><span class='ocrx_word' id='word_1_697' title='bbox 167 4343 342 4402; x_wconf 89' lang='lat' dir='ltr'>intuendam</span> <span class='ocrx_word' id='word_1_698' title='bbox 356 4346 429 4417; x_wconf 88' lang='lat' dir='ltr'>post</span> <span class='ocrx_word' id='word_1_699' title='bbox 442 4342 613 4416; x_wconf 82' lang='lat' dir='ltr'>explicitum</span> <span class='ocrx_word' id='word_1_700' title='bbox 628 4359 750 4399; x_wconf 90' lang='lat' dir='ltr'>cursum</span> <span class='ocrx_word' id='word_1_701' title='bbox 768 4359 870 4399; x_wconf 86' lang='lat' dir='ltr'>rerum</span> <span class='ocrx_word' id='word_1_702' title='bbox 889 4344 996 4402; x_wconf 91' lang='lat' dir='ltr'>multa·</span> <span class='ocrx_word' id='word_1_703' title='bbox 1051 4350 1142 4403; x_wconf 90' lang='lat' dir='ltr'>tatcm</span> <span class='ocrx_word' id='word_1_704' title='bbox 1173 4346 1366 4405; x_wconf 78' lang='lat' dir='ltr'>invenimus?</span> <span class='ocrx_word' id='word_1_705' title='bbox 1404 4351 1561 4422; x_wconf 86' lang='lat' dir='ltr'>Propterea</span> <span class='ocrx_word' id='word_1_706' title='bbox 1595 4367 1665 4407; x_wconf 88' lang='lat' dir='ltr'>cum</span> <span class='ocrx_word' id='word_1_707' title='bbox 1696 4349 1820 4409; x_wconf 81' lang='lat' dir='ltr'>dixisset</span> <span class='ocrx_word' id='word_1_708' title='bbox 1849 4350 1880 4408; x_wconf 93' lang='lat' dir='ltr'>in</span> <span class='ocrx_word' id='word_1_709' title='bbox 1902 4352 1912 4388; x_wconf 74' lang='lat'>&#39;³</span> 
     </span>
     <span class='ocr_line' id='line_1_79' title="bbox 166 4432 1916 4517; baseline 0.006 -27"><span class='ocrx_word' id='word_1_710' title='bbox 166 4434 272 4491; x_wconf 92' lang='lat' dir='ltr'>bilium</span> <span class='ocrx_word' id='word_1_711' title='bbox 294 4439 396 4491; x_wconf 92' lang='lat' dir='ltr'>noster.</span> <span class='ocrx_word' id='word_1_712' title='bbox 418 4432 608 4490; x_wconf 86' lang='lat' dir='ltr'>Ecclesiastes</span> <span class='ocrx_word' id='word_1_713' title='bbox 632 4448 663 4488; x_wconf 90' lang='lat' dir='ltr'>se</span> <span class='ocrx_word' id='word_1_714' title='bbox 689 4433 833 4489; x_wconf 84' lang='lat' dir='ltr'>convertit</span> <span class='ocrx_word' id='word_1_715' title='bbox 858 4438 890 4490; x_wconf 92' lang='lat' dir='ltr'>ut</span> <span class='ocrx_word' id='word_1_716' title='bbox 915 4433 945 4490; x_wconf 91' lang='lat' dir='ltr'>in</span> <span class='ocrx_word' id='word_1_717' title='bbox 961 4450 996 4492; x_wconf 90' lang='lat' dir='ltr'>ea</span> <span class='ocrx_word' id='word_1_718' title='bbox 1050 4440 1111 4494; x_wconf 79' lang='lat' dir='ltr'>tam</span> <span class='ocrx_word' id='word_1_719' title='bbox 1143 4437 1300 4510; x_wconf 87' lang='lat' dir='ltr'>multiplici</span> <span class='ocrx_word' id='word_1_720' title='bbox 1323 4442 1352 4496; x_wconf 93' lang='lat' dir='ltr'>et</span> <span class='ocrx_word' id='word_1_721' title='bbox 1371 4439 1513 4513; x_wconf 82' lang='lat' dir='ltr'>perplexa</span> <span class='ocrx_word' id='word_1_722' title='bbox 1539 4439 1683 4515; x_wconf 88' lang='lat' dir='ltr'>variaque</span> <span class='ocrx_word' id='word_1_723' title='bbox 1696 4457 1798 4499; x_wconf 81' lang='lat' dir='ltr'>rerum</span> <span class='ocrx_word' id='word_1_724' title='bbox 1812 4456 1880 4517; x_wconf 75' lang='lat' dir='ltr'>pre</span> <span class='ocrx_word' id='word_1_725' title='bbox 1912 4468 1916 4482; x_wconf 61' lang='lat'>³</span> 
     </span>
     <span class='ocr_line' id='line_1_80' title="bbox 166 4520 1892 4601; baseline 0.004 -21"><span class='ocrx_word' id='word_1_726' title='bbox 166 4523 274 4580; x_wconf 89' lang='lat' dir='ltr'>mentis</span> <span class='ocrx_word' id='word_1_727' title='bbox 286 4523 381 4581; x_wconf 88' lang='lat' dir='ltr'>aciem</span> <span class='ocrx_word' id='word_1_728' title='bbox 395 4537 448 4596; x_wconf 92' lang='lat' dir='ltr'>per</span> <span class='ocrx_word' id='word_1_729' title='bbox 463 4520 756 4595; x_wconf 88' lang='lat' dir='ltr'>comtemplationem</span> <span class='ocrx_word' id='word_1_730' title='bbox 770 4527 919 4593; x_wconf 79' lang='lat' dir='ltr'>exerceat3</span> <span class='ocrx_word' id='word_1_731' title='bbox 943 4524 996 4597; x_wconf 90' lang='lat' dir='ltr'>qui</span> <span class='ocrx_word' id='word_1_732' title='bbox 1048 4523 1193 4583; x_wconf 80' lang='lat' dir='ltr'>funditate</span> <span class='ocrx_word' id='word_1_733' title='bbox 1208 4524 1357 4584; x_wconf 88' lang='lat' dir='ltr'>delectum</span> <span class='ocrx_word' id='word_1_734' title='bbox 1370 4528 1512 4585; x_wconf 80' lang='lat' dir='ltr'>humanre</span> <span class='ocrx_word' id='word_1_735' title='bbox 1531 4527 1749 4601; x_wconf 77' lang='lat' dir='ltr'>intefflgentiae,</span> <span class='ocrx_word' id='word_1_736' title='bbox 1779 4531 1892 4589; x_wconf 82' lang='lat' dir='ltr'>subdit</span> 
     </span>
     <span class='ocr_line' id='line_1_81' title="bbox 167 4611 1881 4692; baseline 0.006 -23"><span class='ocrx_word' id='word_1_737' title='bbox 167 4629 233 4669; x_wconf 90' lang='lat' dir='ltr'>eam</span> <span class='ocrx_word' id='word_1_738' title='bbox 263 4612 384 4669; x_wconf 90' lang='lat' dir='ltr'>scientia</span> <span class='ocrx_word' id='word_1_739' title='bbox 401 4611 592 4689; x_wconf 66' lang='lat' dir='ltr'>Jsulfieienter</span> <span class='ocrx_word' id='word_1_740' title='bbox 614 4627 676 4669; x_wconf 92' lang='lat' dir='ltr'>non</span> <span class='ocrx_word' id='word_1_741' title='bbox 700 4611 779 4669; x_wconf 88' lang='lat' dir='ltr'>valet</span> <span class='ocrx_word' id='word_1_742' title='bbox 802 4613 996 4686; x_wconf 88' lang='lat' dir='ltr'>comprehen-</span> <span class='ocrx_word' id='word_1_743' title='bbox 1049 4615 1148 4673; x_wconf 90' lang='lat' dir='ltr'>statim</span> <span class='ocrx_word' id='word_1_744' title='bbox 1162 4615 1192 4673; x_wconf 92' lang='lat' dir='ltr'>in</span> <span class='ocrx_word' id='word_1_745' title='bbox 1216 4616 1436 4691; x_wconf 86' lang='lat' dir='ltr'>pulchritudine</span> <span class='ocrx_word' id='word_1_746' title='bbox 1463 4619 1639 4677; x_wconf 90' lang='lat' dir='ltr'>earumdem</span> <span class='ocrx_word' id='word_1_747' title='bbox 1659 4619 1881 4692; x_wconf 86' lang='lat' dir='ltr'>jucunditatem</span> 
     </span>
     <span class='ocr_line' id='line_1_82' title="bbox 166 4699 1172 4777; baseline 0.008 -22"><span class='ocrx_word' id='word_1_748' title='bbox 166 4699 245 4769; x_wconf 88' lang='lat' dir='ltr'>dere,</span> <span class='ocrx_word' id='word_1_749' title='bbox 257 4700 349 4770; x_wconf 79' lang='lat' dir='ltr'>digna</span> <span class='ocrx_word' id='word_1_750' title='bbox 360 4699 458 4759; x_wconf 87' lang='lat' dir='ltr'>studet</span> <span class='ocrx_word' id='word_1_751' title='bbox 466 4700 601 4758; x_wconf 79' lang='lat' dir='ltr'>venerari</span> <span class='ocrx_word' id='word_1_752' title='bbox 611 4700 818 4758; x_wconf 87' lang='lat' dir='ltr'>admiratione.</span> <span class='ocrx_word' id='word_1_753' title='bbox 829 4705 913 4771; x_wconf 86' lang='lat' dir='ltr'>Nam,</span> <span class='ocrx_word' id='word_1_754' title='bbox 923 4703 995 4777; x_wconf 90' lang='lat' dir='ltr'>quia</span> <span class='ocrx_word' id='word_1_755' title='bbox 1048 4708 1172 4762; x_wconf 83' lang='lat' dir='ltr'>naturae.</span> 
     </span>
    </p>
   </div>
   <div class='ocr_carea' id='block_1_14' title="bbox 164 4788 994 5131">
    <p class='ocr_par' dir='ltr' id='par_1_14' title="bbox 164 4788 994 5131">
     <span class='ocr_line' id='line_1_83' title="bbox 165 4788 994 4864; baseline 0.002 -18"><span class='ocrx_word' id='word_1_756' title='bbox 165 4788 394 4846; x_wconf 88' lang='lat' dir='ltr'>mutabilitatem</span> <span class='ocrx_word' id='word_1_757' title='bbox 409 4788 555 4858; x_wconf 87' lang='lat' dir='ltr'>omnium,</span> <span class='ocrx_word' id='word_1_758' title='bbox 571 4790 601 4845; x_wconf 91' lang='lat' dir='ltr'>in</span> <span class='ocrx_word' id='word_1_759' title='bbox 617 4790 710 4846; x_wconf 89' lang='lat' dir='ltr'>tribus</span> <span class='ocrx_word' id='word_1_760' title='bbox 723 4807 823 4847; x_wconf 90' lang='lat' dir='ltr'>rerum</span> <span class='ocrx_word' id='word_1_761' title='bbox 835 4792 994 4864; x_wconf 82' lang='lat' dir='ltr'>generibus</span> 
     </span>
     <span class='ocr_line' id='line_1_84' title="bbox 165 4877 993 4952; baseline 0.006 -18"><span class='ocrx_word' id='word_1_762' title='bbox 165 4877 245 4949; x_wconf 82' lang='lat' dir='ltr'>igue,</span> <span class='ocrx_word' id='word_1_763' title='bbox 271 4893 337 4935; x_wconf 91' lang='lat' dir='ltr'>aere</span> <span class='ocrx_word' id='word_1_764' title='bbox 355 4881 382 4934; x_wconf 90' lang='lat' dir='ltr'>et</span> <span class='ocrx_word' id='word_1_765' title='bbox 397 4893 486 4952; x_wconf 89' lang='lat' dir='ltr'>aqna,</span> <span class='ocrx_word' id='word_1_766' title='bbox 503 4877 670 4934; x_wconf 88' lang='lat' dir='ltr'>secundum</span> <span class='ocrx_word' id='word_1_767' title='bbox 685 4883 800 4936; x_wconf 89' lang='lat' dir='ltr'>motum</span> <span class='ocrx_word' id='word_1_768' title='bbox 823 4885 993 4939; x_wconf 86' lang='lat' dir='ltr'>moventem</span> 
     </span>
     <span class='ocr_line' id='line_1_85' title="bbox 165 4964 992 5040; baseline 0.005 -16"><span class='ocrx_word' id='word_1_769' title='bbox 165 4966 306 5040; x_wconf 79' lang='lat' dir='ltr'>explicuit</span> <span class='ocrx_word' id='word_1_770' title='bbox 314 4981 407 5040; x_wconf 84' lang='lat' dir='ltr'>quam</span> <span class='ocrx_word' id='word_1_771' title='bbox 422 4964 638 5040; x_wconf 83' lang='lat' dir='ltr'>inexplicabilis</span> <span class='ocrx_word' id='word_1_772' title='bbox 654 4967 759 5024; x_wconf 90' lang='lat' dir='ltr'>eadem</span> <span class='ocrx_word' id='word_1_773' title='bbox 775 4970 812 5025; x_wconf 92' lang='lat' dir='ltr'>sit</span> <span class='ocrx_word' id='word_1_774' title='bbox 826 4970 992 5027; x_wconf 88' lang='lat' dir='ltr'>seeundum</span> 
     </span>
     <span class='ocr_line' id='line_1_86' title="bbox 164 5055 992 5131; baseline 0.001 -16"><span class='ocrx_word' id='word_1_775' title='bbox 164 5060 281 5115; x_wconf 90' lang='lat' dir='ltr'>motum</span> <span class='ocrx_word' id='word_1_776' title='bbox 295 5056 347 5130; x_wconf 90' lang='lat' dir='ltr'>qui</span> <span class='ocrx_word' id='word_1_777' title='bbox 365 5059 502 5113; x_wconf 87' lang='lat' dir='ltr'>movetur</span> <span class='ocrx_word' id='word_1_778' title='bbox 515 5071 569 5129; x_wconf 92' lang='lat' dir='ltr'>per</span> <span class='ocrx_word' id='word_1_779' title='bbox 585 5055 702 5128; x_wconf 82' lang='lat' dir='ltr'>singula</span> <span class='ocrx_word' id='word_1_780' title='bbox 720 5073 848 5131; x_wconf 76' lang='lat' dir='ltr'>quaeque</span> <span class='ocrx_word' id='word_1_781' title='bbox 868 5059 992 5116; x_wconf 89' lang='lat' dir='ltr'>orientia</span> 
     </span>
    </p>
   </div>
   <div class='ocr_carea' id='block_1_15' title="bbox 1045 4796 1893 5143">
    <p class='ocr_par' dir='ltr' id='par_1_15' title="bbox 1045 4796 1893 5143">
     <span class='ocr_line' id='line_1_87' title="bbox 1083 4796 1883 4877; baseline 0.011 -25"><span class='ocrx_word' id='word_1_782' title='bbox 1083 4798 1147 4852; x_wconf 86' lang='lat' dir='ltr'>Non</span> <span class='ocrx_word' id='word_1_783' title='bbox 1162 4799 1312 4854; x_wconf 87' lang='lat' dir='ltr'>saturatur</span> <span class='ocrx_word' id='word_1_784' title='bbox 1335 4797 1439 4856; x_wconf 79' lang='lat' dir='ltr'>acidus</span> <span class='ocrx_word' id='word_1_785' title='bbox 1462 4796 1537 4867; x_wconf 74' lang='lat' dir='ltr'>visu,</span> <span class='ocrx_word' id='word_1_786' title='bbox 1558 4814 1614 4857; x_wconf 87' lang='lat' dir='ltr'>uec</span> <span class='ocrx_word' id='word_1_787' title='bbox 1637 4797 1718 4858; x_wconf 88' lang='lat' dir='ltr'>auris</span> <span class='ocrx_word' id='word_1_788' title='bbox 1738 4798 1883 4877; x_wconf 83' lang='lat' dir='ltr'>impletur</span> 
     </span>
     <span class='ocr_line' id='line_1_88' title="bbox 1048 4884 1881 4963; baseline 0.014 -23"><span class='ocrx_word' id='word_1_789' title='bbox 1048 4884 1161 4957; x_wconf 81' lang='lat' dir='ltr'>auditu.</span> <span class='ocrx_word' id='word_1_790' title='bbox 1179 4888 1253 4944; x_wconf 87' lang='lat' dir='ltr'>Cum</span> <span class='ocrx_word' id='word_1_791' title='bbox 1267 4901 1373 4945; x_wconf 90' lang='lat' dir='ltr'>omues</span> <span class='ocrx_word' id='word_1_792' title='bbox 1388 4903 1493 4945; x_wconf 88' lang='lat' dir='ltr'>seusus</span> <span class='ocrx_word' id='word_1_793' title='bbox 1509 4889 1644 4963; x_wconf 89' lang='lat' dir='ltr'>corporei</span> <span class='ocrx_word' id='word_1_794' title='bbox 1659 4889 1689 4947; x_wconf 92' lang='lat' dir='ltr'>iu</span> <span class='ocrx_word' id='word_1_795' title='bbox 1703 4890 1795 4948; x_wconf 88' lang='lat' dir='ltr'>rebus</span> <span class='ocrx_word' id='word_1_796' title='bbox 1810 4908 1881 4951; x_wconf 88' lang='lat' dir='ltr'>con·</span> 
     </span>
     <span class='ocr_line' id='line_1_89' title="bbox 1047 4970 1880 5054; baseline 0.013 -27"><span class='ocrx_word' id='word_1_797' title='bbox 1047 4970 1114 5028; x_wconf 90' lang='lat' dir='ltr'>ditis</span> <span class='ocrx_word' id='word_1_798' title='bbox 1129 4972 1348 5033; x_wconf 88' lang='lat' dir='ltr'>oblectamenta</span> <span class='ocrx_word' id='word_1_799' title='bbox 1362 4993 1427 5047; x_wconf 88' lang='lat' dir='ltr'>sua,</span> <span class='ocrx_word' id='word_1_800' title='bbox 1439 4981 1468 5034; x_wconf 94' lang='grc' dir='ltr'>θῖ</span> <span class='ocrx_word' id='word_1_801' title='bbox 1478 4977 1565 5052; x_wconf 92' lang='lat' dir='ltr'>quasi</span> <span class='ocrx_word' id='word_1_802' title='bbox 1576 4978 1713 5052; x_wconf 90' lang='lat' dir='ltr'>proprias</span> <span class='ocrx_word' id='word_1_803' title='bbox 1727 4979 1880 5054; x_wconf 84' lang='lat' dir='ltr'>quasdam</span> 
     </span>
     <span class='ocr_line' id='line_1_90' title="bbox 1045 5058 1893 5143; baseline 0.013 -27"><span class='ocrx_word' id='word_1_804' title='bbox 1045 5058 1167 5118; x_wconf 84' lang='lat' dir='ltr'>delicias</span> <span class='ocrx_word' id='word_1_805' title='bbox 1183 5061 1291 5135; x_wconf 80' lang='lat' dir='ltr'>singuli</span> <span class='ocrx_word' id='word_1_806' title='bbox 1306 5071 1490 5140; x_wconf 77' lang='lat' dir='ltr'>preparatas</span> <span class='ocrx_word' id='word_1_807' title='bbox 1504 5067 1658 5137; x_wconf 89' lang='lat' dir='ltr'>inviniant,</span> <span class='ocrx_word' id='word_1_808' title='bbox 1674 5073 1777 5143; x_wconf 91' lang='lat' dir='ltr'>utpote</span> <span class='ocrx_word' id='word_1_809' title='bbox 1796 5067 1893 5141; x_wconf 84' lang='lat' dir='ltr'>visus¹</span> 
     </span>
    </p>
   </div>
   <div class='ocr_carea' id='block_1_16' title="bbox 160 5143 1900 5703">
    <p class='ocr_par' dir='ltr' id='par_1_16' title="bbox 160 5143 1900 5703">
     <span class='ocr_line' id='line_1_91' title="bbox 163 5143 1879 5225; baseline 0.005 -19"><span class='ocrx_word' id='word_1_810' title='bbox 163 5151 192 5205; x_wconf 89' lang='lat' dir='ltr'>et</span> <span class='ocrx_word' id='word_1_811' title='bbox 207 5145 372 5206; x_wconf 89' lang='lat' dir='ltr'>occidentia</span> <span class='ocrx_word' id='word_1_812' title='bbox 383 5145 415 5202; x_wconf 92' lang='lat' dir='ltr'>in</span> <span class='ocrx_word' id='word_1_813' title='bbox 425 5143 613 5202; x_wconf 88' lang='lat' dir='ltr'>universitate</span> <span class='ocrx_word' id='word_1_814' title='bbox 626 5146 842 5220; x_wconf 86' lang='lat' dir='ltr'>subsequenter</span> <span class='ocrx_word' id='word_1_815' title='bbox 852 5147 987 5205; x_wconf 89' lang='lat' dir='ltr'>ostendit.</span> <span class='ocrx_word' id='word_1_816' title='bbox 1045 5149 1186 5225; x_wconf 84' lang='lat' dir='ltr'>speciem,</span> <span class='ocrx_word' id='word_1_817' title='bbox 1216 5153 1336 5210; x_wconf 91' lang='lat' dir='ltr'>auditus</span> <span class='ocrx_word' id='word_1_818' title='bbox 1359 5155 1496 5212; x_wconf 72' lang='lat' dir='ltr'>melodice</span> <span class='ocrx_word' id='word_1_819' title='bbox 1517 5156 1725 5225; x_wconf 89' lang='lat' dir='ltr'>dulcedinem,</span> <span class='ocrx_word' id='word_1_820' title='bbox 1750 5157 1879 5216; x_wconf 86' lang='lat' dir='ltr'>ollactus</span> 
     </span>
     <span class='ocr_line' id='line_1_92' title="bbox 199 5233 1881 5316; baseline 0.004 -23"><span class='ocrx_word' id='word_1_821' title='bbox 199 5238 322 5294; x_wconf 79' lang='lat' dir='ltr'>Crcnctoe</span> <span class='ocrx_word' id='word_1_822' title='bbox 337 5252 383 5293; x_wconf 86' lang='lat' dir='ltr'>res</span> <span class='ocrx_word' id='word_1_823' title='bbox 398 5235 536 5306; x_wconf 77' lang='lat' dir='ltr'>difficiles</span> <span class='ocrx_word' id='word_1_824' title='bbox 556 5249 616 5291; x_wconf 83' lang='lat' dir='ltr'>oen</span> <span class='ocrx_word' id='word_1_825' title='bbox 638 5236 717 5292; x_wconf 87' lang='lat' dir='ltr'>vetet</span> <span class='ocrx_word' id='word_1_826' title='bbox 731 5251 780 5293; x_wconf 89' lang='lat' dir='ltr'>eas</span> <span class='ocrx_word' id='word_1_827' title='bbox 796 5233 881 5294; x_wconf 83' lang='lat' dir='ltr'>tomo</span> <span class='ocrx_word' id='word_1_828' title='bbox 896 5238 990 5308; x_wconf 70' lang='lat' dir='ltr'>ecepti-</span> <span class='ocrx_word' id='word_1_829' title='bbox 1044 5239 1178 5310; x_wconf 89' lang='lat' dir='ltr'>odorem,</span> <span class='ocrx_word' id='word_1_830' title='bbox 1190 5247 1442 5316; x_wconf 81' lang='lat' dir='ltr'>saporemgustus</span> <span class='ocrx_word' id='word_1_831' title='bbox 1453 5249 1481 5303; x_wconf 90' lang='lat' dir='ltr'>et</span> <span class='ocrx_word' id='word_1_832' title='bbox 1492 5248 1587 5303; x_wconf 75' lang='lat' dir='ltr'>metus</span> <span class='ocrx_word' id='word_1_833' title='bbox 1600 5243 1761 5305; x_wconf 87' lang='lat' dir='ltr'>lenitatem.</span> <span class='ocrx_word' id='word_1_834' title='bbox 1775 5241 1881 5305; x_wconf 77' lang='lat' dir='ltr'>Celeri</span> 
     </span>
     <span class='ocr_line' id='line_1_93' title="bbox 162 5326 1880 5407; baseline 0.005 -23"><span class='ocrx_word' id='word_1_835' title='bbox 162 5342 230 5384; x_wconf 86' lang='lat' dir='ltr'>carc</span> <span class='ocrx_word' id='word_1_836' title='bbox 255 5342 388 5385; x_wconf 83' lang='lat' dir='ltr'>sermone</span> <span class='ocrx_word' id='word_1_837' title='bbox 409 5343 420 5383; x_wconf 92' lang='grc'>.·</span> <span class='ocrx_word' id='word_1_838' title='bbox 444 5342 504 5382; x_wconf 81' lang='lat' dir='ltr'>reon</span> <span class='ocrx_word' id='word_1_839' title='bbox 526 5331 685 5383; x_wconf 82' lang='lat' dir='ltr'>solaretur</span> <span class='ocrx_word' id='word_1_840' title='bbox 706 5326 809 5382; x_wconf 82' lang='lat' dir='ltr'>ocutus</span> <span class='ocrx_word' id='word_1_841' title='bbox 834 5327 909 5397; x_wconf 83' lang='lat' dir='ltr'>aisa,</span> <span class='ocrx_word' id='word_1_842' title='bbox 935 5342 989 5384; x_wconf 84' lang='lat' dir='ltr'>nec</span> <span class='ocrx_word' id='word_1_843' title='bbox 1043 5327 1166 5402; x_wconf 85' lang='lat' dir='ltr'>quidem</span> <span class='ocrx_word' id='word_1_844' title='bbox 1180 5345 1286 5388; x_wconf 90' lang='lat' dir='ltr'>omnes</span> <span class='ocrx_word' id='word_1_845' title='bbox 1301 5348 1452 5407; x_wconf 76' lang='lat' dir='ltr'>corporea</span> <span class='ocrx_word' id='word_1_846' title='bbox 1466 5335 1644 5404; x_wconf 90' lang='lat' dir='ltr'>necessitati,</span> <span class='ocrx_word' id='word_1_847' title='bbox 1660 5335 1707 5393; x_wconf 91' lang='lat' dir='ltr'>vel</span> <span class='ocrx_word' id='word_1_848' title='bbox 1722 5335 1813 5393; x_wconf 86' lang='lat' dir='ltr'>etiam</span> <span class='ocrx_word' id='word_1_849' title='bbox 1827 5352 1880 5392; x_wconf 86' lang='lat' dir='ltr'>ro·</span> 
     </span>
     <span class='ocr_line' id='line_1_94' title="bbox 162 5413 1900 5492; baseline 0.008 -24"><span class='ocrx_word' id='word_1_850' title='bbox 162 5416 244 5469; x_wconf 67' lang='lat' dir='ltr'>aeras</span> <span class='ocrx_word' id='word_1_851' title='bbox 259 5415 401 5485; x_wconf 77' lang='lat' dir='ltr'>dupletur</span> <span class='ocrx_word' id='word_1_852' title='bbox 422 5416 538 5473; x_wconf 69' lang='lat' dir='ltr'>creditu.</span> <span class='ocrx_word' id='word_1_853' title='bbox 562 5418 636 5472; x_wconf 82' lang='lat' dir='ltr'>Cum</span> <span class='ocrx_word' id='word_1_854' title='bbox 658 5431 706 5470; x_wconf 88' lang='lat' dir='ltr'>res</span> <span class='ocrx_word' id='word_1_855' title='bbox 725 5413 866 5487; x_wconf 76' lang='lat' dir='ltr'>qualibet</span> <span class='ocrx_word' id='word_1_856' title='bbox 885 5414 914 5471; x_wconf 88' lang='lat' dir='ltr'>iu</span> <span class='ocrx_word' id='word_1_857' title='bbox 940 5433 987 5471; x_wconf 89' lang='lat' dir='ltr'>su·</span> <span class='ocrx_word' id='word_1_858' title='bbox 1041 5414 1146 5490; x_wconf 89' lang='lat' dir='ltr'>luptati</span> <span class='ocrx_word' id='word_1_859' title='bbox 1162 5419 1302 5478; x_wconf 89' lang='lat' dir='ltr'>serviunt.</span> <span class='ocrx_word' id='word_1_860' title='bbox 1320 5421 1352 5477; x_wconf 91' lang='lat' dir='ltr'>tti</span> <span class='ocrx_word' id='word_1_861' title='bbox 1367 5439 1436 5479; x_wconf 83' lang='lat' dir='ltr'>vero</span> <span class='ocrx_word' id='word_1_862' title='bbox 1447 5424 1509 5480; x_wconf 92' lang='lat' dir='ltr'>duo</span> <span class='ocrx_word' id='word_1_863' title='bbox 1520 5440 1636 5492; x_wconf 72' lang='lat' dir='ltr'>sensae,</span> <span class='ocrx_word' id='word_1_864' title='bbox 1653 5423 1683 5480; x_wconf 93' lang='lat' dir='ltr'>id</span> <span class='ocrx_word' id='word_1_865' title='bbox 1694 5429 1738 5482; x_wconf 91' lang='lat' dir='ltr'>est</span> <span class='ocrx_word' id='word_1_866' title='bbox 1753 5423 1834 5481; x_wconf 87' lang='lat' dir='ltr'>visus</span> <span class='ocrx_word' id='word_1_867' title='bbox 1849 5414 1900 5482; x_wconf 71' lang='grc' dir='ltr'>οῖ’</span> 
     </span>
     <span class='ocr_line' id='line_1_95' title="bbox 160 5503 1877 5588; baseline 0.008 -31"><span class='ocrx_word' id='word_1_868' title='bbox 160 5503 280 5575; x_wconf 80' lang='lat' dir='ltr'>perricio</span> <span class='ocrx_word' id='word_1_869' title='bbox 302 5521 356 5561; x_wconf 89' lang='lat' dir='ltr'>sua</span> <span class='ocrx_word' id='word_1_870' title='bbox 378 5505 515 5573; x_wconf 88' lang='lat' dir='ltr'>cernitur,</span> <span class='ocrx_word' id='word_1_871' title='bbox 541 5503 677 5562; x_wconf 89' lang='lat' dir='ltr'>noudum</span> <span class='ocrx_word' id='word_1_872' title='bbox 704 5503 803 5563; x_wconf 86' lang='lat' dir='ltr'>adhuc</span> <span class='ocrx_word' id='word_1_873' title='bbox 830 5503 877 5561; x_wconf 89' lang='lat' dir='ltr'>vel</span> <span class='ocrx_word' id='word_1_874' title='bbox 896 5521 987 5566; x_wconf 87' lang='lat' dir='ltr'>causa</span> <span class='ocrx_word' id='word_1_875' title='bbox 1041 5507 1160 5566; x_wconf 87' lang='lat' dir='ltr'>auditus</span> <span class='ocrx_word' id='word_1_876' title='bbox 1169 5506 1373 5569; x_wconf 89' lang='lat' dir='ltr'>alimentasua</span> <span class='ocrx_word' id='word_1_877' title='bbox 1381 5513 1479 5584; x_wconf 80' lang='lat' dir='ltr'>magis</span> <span class='ocrx_word' id='word_1_878' title='bbox 1487 5514 1527 5570; x_wconf 91' lang='lat' dir='ltr'>ad</span> <span class='ocrx_word' id='word_1_879' title='bbox 1536 5513 1698 5588; x_wconf 89' lang='lat' dir='ltr'>spiritalem</span> <span class='ocrx_word' id='word_1_880' title='bbox 1705 5515 1877 5586; x_wconf 84' lang='lat' dir='ltr'>jucundita-</span> 
     </span>
     <span class='ocr_line' id='line_1_96' title="bbox 161 5591 1876 5703; baseline 0.009 -57"><span class='ocrx_word' id='word_1_881' title='bbox 161 5592 224 5661; x_wconf 83' lang='lat' dir='ltr'>ejus</span> <span class='ocrx_word' id='word_1_882' title='bbox 239 5591 365 5666; x_wconf 84' lang='lat' dir='ltr'>occulta,</span> <span class='ocrx_word' id='word_1_883' title='bbox 382 5595 549 5652; x_wconf 81' lang='lat' dir='ltr'>soleatura</span> <span class='ocrx_word' id='word_1_884' title='bbox 570 5597 753 5667; x_wconf 85' lang='lat' dir='ltr'>penetratur.</span> <span class='ocrx_word' id='word_1_885' title='bbox 769 5591 888 5652; x_wconf 88' lang='lat' dir='ltr'>Videtur</span> <span class='ocrx_word' id='word_1_886' title='bbox 902 5610 986 5654; x_wconf 90' lang='lat' dir='ltr'>nam·</span> <span class='ocrx_word' id='word_1_887' title='bbox 1041 5600 1101 5680; x_wconf 75' lang='lat' dir='ltr'>tein</span> <span class='ocrx_word' id='word_1_888' title='bbox 1112 5598 1241 5658; x_wconf 87' lang='lat' dir='ltr'>trahunt.</span> <span class='ocrx_word' id='word_1_889' title='bbox 1255 5599 1337 5660; x_wconf 87' lang='lat' dir='ltr'>Unde</span> <span class='ocrx_word' id='word_1_890' title='bbox 1348 5601 1506 5663; x_wconf 88' lang='lat' dir='ltr'>etillorum</span> <span class='ocrx_word' id='word_1_891' title='bbox 1516 5604 1637 5663; x_wconf 86' lang='lat' dir='ltr'>relectio</span> <span class='ocrx_word' id='word_1_892' title='bbox 1647 5596 1876 5703; x_wconf 63' lang='lat' dir='ltr'>delecatiouet&#39;p</span> 
     </span>
    </p>
   </div>
   <div class='ocr_carea' id='block_1_17' title="bbox 1080 5704 1094 5731">
    <p class='ocr_par' dir='ltr' id='par_1_17' title="bbox 1080 5704 1094 5731">
     <span class='ocr_line' id='line_1_97' title="bbox 1080 5704 1094 5731; baseline 0 -2"><span class='ocrx_word' id='word_1_893' title='bbox 1080 5704 1094 5731; x_wconf 81' lang='lat'>1</span> 
     </span>
    </p>
   </div>
   <div class='ocr_carea' id='block_1_18' title="bbox 0 0 1920 6043">
    <p class='ocr_par' dir='ltr' id='par_1_18' title="bbox 0 0 1920 6043">
     <span class='ocr_line' id='line_1_98' title="bbox 0 0 1920 6043; baseline 0 0"><span class='ocrx_word' id='word_1_894' title='bbox 0 0 1920 6043; x_wconf 95' lang='lat' dir='ltr'> </span> 
     </span>
    </p>
   </div>
  </div>
 </body>
</html>
