3824 6052
175 119 227 176 tit
317 107 469 173 nunonis
488 114 533 171 lili
553 113 582 172 S.
601 104 749 172 victuali
769 113 843 173 oei.
864 114 953 173 Plus
972 115 992 173 l.
1012 137 1048 160 ν·
1070 115 1271 175 annuntias.
1291 146 1325 159 -
1344 117 1365 173 l.
1385 117 1420 173 IN
1440 118 1469 175 S.
1486 104 1712 175 scurrilitati.
1827 120 1883 179 aab

173 248 244 299 stant
268 257 366 300 omnes
388 242 487 312 sontes
508 255 666 314 cattarum,
691 245 720 296 et
748 241 826 313 ignis
846 240 1000 299 devoravit
1018 240 1221 311 APropterea
1243 240 1390 312 internus
1414 240 1555 298 dilatavit
1573 241 1705 298 animuin
1728 255 1826 309 suam,
1856 248 1882 298 et

173 334 306 406 mciosa
320 332 439 388 deserti.
454 334 522 387 Post
536 329 677 387 traditum
704 329 830 386 modum
853 330 1002 405 supplica·
1055 333 1175 401 aperuit
1189 346 1219 387 os
1234 331 1441 404 sttumabsquc
1459 332 1523 387 ulto
1541 331 1667 388 termino
1681 345 1693 386 .·
1712 336 1739 388 et
1763 329 1883 388 descen·

173 423 262 481 tionis
282 420 385 496 ipsius,
411 417 559 476 subnectit
577 434 701 476 causam
725 418 847 486 doloris,
870 425 903 476 ut
928 419 1002 476 dum
1054 418 1130 475 durat
1142 420 1237 491 sortes
1250 421 1323 490 ejas
1339 425 1368 477 et
1377 421 1596 491 popalusejas,
1608 425 1635 476 et
1652 419 1803 493 sublimes,
1821 421 1883 492 plo

172 511 268 570 multa
292 513 321 566 et
345 523 458 578 magna
484 511 587 580 patent
613 507 800 577 detrimenta,
825 509 1002 583 supplicatio
1055 510 1184 582 riost'qne
1197 512 1261 580 eius
1276 510 1316 567 att
1330 525 1396 566 eant
1410 509 1539 581 (isaii).

173 599 369 675 protendatur
378 596 487 656 devota
497 602 526 655 et
535 597 638 668 ignita.
655 599 837 655 [tenimenta
850 614 920 655 vero
933 603 1004 656 sunt
1089 595 1250 668 allegorice
1265 613 1346 666 iero,
1370 613 1442 668 agor
1463 602 1506 654 est
1527 597 1586 654 rita
1602 597 1773 668 sucularis3
1788 598 1882 670 regio,

171 691 250 747 baec:
262 687 390 763 putredo
398 686 710 758 iatimjumentorum
726 687 879 756 3anxietas
889 687 1003 745 anima·
1054 685 1114 743 vita
1129 686 1328 744 ecclesiastica
1350 687 1402 744 sed
1426 686 1612 757 communis;
1637 687 1801 756 desertum,
1819 704 1884 762 per·

171 778 263 849 lium3
288 777 422 835 interitus
439 792 600 851 pecorum;
625 776 777 834 demolitio
804 777 1001 846 horreorum;
1054 773 1141 831 lectio
1155 775 1329 847 religionis:
1358 775 1466 833 deserti
1489 776 1634 848 speciosa,
1663 776 1884 849 monachorum

172 867 388 943 apothecarum
410 864 584 939 dissipatio;
605 880 725 940 pascuae
747 864 879 924 inanitio.
906 868 1002 923 Causa
1055 868 1133 932 sunt,
1150 869 1178 921 et
1190 864 1440 922 anachoretarum
1456 864 1646 922 ornatissima
1665 865 1775 935 corda;
1802 865 1884 937 ligna

170 956 318 1015 verohtec
341 959 401 1011 est:
424 954 629 1029 speciosorum
649 954 827 1024 combustio,
849 954 1000 1027 lignorum
1052 953 1193 1024 regionis,
1221 954 1357 1012 aeclesis
1385 953 1578 1028 praelatorum
1599 955 1738 1026 agmina:
1767 955 1881 1025 besua,

171 1046 337 1113 succensio,
354 1043 481 1101 fontium
492 1044 659 1103 exsiccatio.
687 1044 767 1102 Sicut
784 1044 874 1116 igitur
895 1060 1000 1119 corpo-
1053 1041 1212 1117 simplices,
1229 1048 1258 1102 el
1271 1043 1370 1101 idiotis
1384 1044 1480 1101 tontes
1495 1061 1663 1118 aquarum3
1679 1044 1819 1103 doctores
1831 1062 1884 1120 po·

169 1137 245 1196 ralia
259 1135 401 1193 alimenta
416 1138 532 1192 constat
545 1150 609 1192 esse
629 1134 751 1204 trifaria,
767 1135 807 1192 ita
821 1138 849 1193 et
863 1134 999 1208 spiritua·
1051 1131 1193 1206 pulcrum
1220 1132 1307 1204 ignis,
1336 1133 1493 1207 cupiditas,
1519 1134 1652 1203 flamma,
1679 1134 1810 1193 luxuria.
1836 1138 1883 1193 So

168 1225 218 1284 lia.
248 1220 393 1290 Quaedam
414 1223 494 1279 enim
507 1227 576 1280 sunt
590 1223 806 1293 adsimulem,
826 1228 855 1280 et
876 1238 938 1280 non
959 1222 997 1279 ad
1053 1221 1179 1295 quitur:

168 1313 392 1374 tortitudinem:
410 1314 551 1387 quisdam
564 1314 603 1370 ad
617 1314 830 1383 fortitudinem,
847 1317 876 1371 et
885 1329 948 1371 non
958 1312 998 1370 ad
1087 1313 1164 1368 loci.
1177 1314 1221 1369 lli.
1233 1313 1339 1371 Canite
1354 1312 1425 1370 tuba
1439 1314 1471 1371 in
1485 1313 1575 1370 Siort:
1588 1315 1705 1372 ululate
1727 1315 1759 1371 in
1783 1322 1883 1375 monte

169 1404 343 1462 sanitatem:
360 1402 506 1460 nonnulla
519 1419 591 1460 vero
606 1403 645 1461 ad
660 1403 818 1461 sanitatem
833 1407 862 1461 ct
876 1403 916 1460 ad
938 1402 997 1459 ior·
1051 1406 1155 1458 sancto
1169 1416 1242 1458 tneo.
1256 1402 1480 1459 conturbentur
1494 1418 1593 1459 omnes
1617 1401 1804 1461 habitatores
1827 1410 1883 1462 ter·

168 1493 335 1552 titudinem.
352 1495 394 1548 Ex
404 1492 508 1567 primis
530 1492 664 1551 nascitur
688 1493 809 1565 elegans
833 1497 862 1549 et
888 1493 998 1550 idonea
1052 1491 1285 1563 rae.·quiaoenit
1299 1492 1362 1548 dies
1381 1492 1511 1559 Doraini,
1536 1493 1608 1564 quia
1631 1507 1728 1564 prope
1749 1499 1792 1551 est
1822 1495 1882 1553 alies

167 1584 265 1642 forme
277 1600 283 1639 :
294 1581 479 1639 exsecundis
493 1581 584 1639 virilis
599 1585 628 1640 et
642 1587 782 1641 constans
797 1580 942 1640 audacia:
960 1598 997 1638 ex
1017 1579 1243 1652 gtenebrarunt
1263 1587 1291 1638 et
1313 1582 1464 1654 calipiriis,
1488 1582 1549 1639 dies
1575 1583 1663 1639 ttubis
1686 1587 1714 1640 et
1742 1583 1881 1643 turbinis.

169 1671 261 1730 tertiis
273 1674 415 1729 venustas
424 1671 528 1728 torma
539 1675 567 1729 et
587 1671 752 1728 iocunditas
769 1671 918 1745 potentiue.
940 1669 997 1729 Sed
1053 1669 1145 1737 Quasi
1179 1685 1266 1728 mone
1302 1687 1469 1742 oppansum
1499 1687 1589 1742 super
1616 1677 1728 1730 morales
1748 1675 1882 1745 populus

167 1761 240 1837 quia
254 1760 404 1832 tetigimus
419 1760 560 1830 carnalia,
578 1776 658 1818 nunc
673 1760 832 1819 redeamus
853 1760 893 1818 ad
913 1759 998 1833 spiri·
1050 1758 1174 1826 multus,
1190 1759 1328 1829 etsortis,
1345 1764 1400 1816 etc.
1416 1763 1484 1816 Post
1497 1757 1717 1817 invocationem
1742 1766 1772 1818 et
1794 1761 1883 1821 inlor·

167 1851 269 1910 tualia.
284 1853 416 1918 Quatuor
430 1850 509 1908 enim
526 1855 604 1920 sunt,
620 1851 729 1909 scilicet
743 1855 902 1925 praecepta,
917 1865 998 1907 exer·
1052 1845 1124 1902 iunii
1139 1846 1332 1904 multitariaru
1347 1848 1575 1922 expositionem,
1591 1848 1666 1906 redit
1679 1850 1830 1924 propheta
1844 1849 1881 1909 ad

168 1941 246 2009 cilia,
260 1940 393 2011 virtutos,
408 1941 597 1999 charismata.
614 1944 763 2014 inaccepta
777 1956 848 1999 vero
866 1946 935 1998 sunt
957 1940 997 1996 ad
1050 1935 1155 2009 populi
1181 1937 1428 2006 exhortationem,
1456 1938 1617 1995 ostendens
1642 1938 1881 2011 magnitudinem

167 2030 345 2090 sanitatem:
372 2029 512 2087 exercitia
532 2029 572 2086 ad
582 2029 787 2087 fortitudinem
799 2048 805 2087 :
816 2029 938 2087 virtutes
958 2027 997 2086 ati
1050 2027 1183 2080 venturis
1196 2023 1290 2081 cladis
1303 2025 1448 2098 proximis
1467 2025 1643 2099 captivitatis
1656 2026 1765 2083 excidii
1782 2026 1879 2085 imini-

167 2122 316 2181 formam:
333 2120 515 2179 charismata
524 2121 565 2178 ud
579 2120 749 2178 audaciam.
765 2120 877 2179 Laetitia
895 2123 940 2178 esi
958 2120 995 2177 dc
1050 2113 1167 2171 nentis:
1183 2120 1216 2171 ut
1226 2115 1336 2173 scilicet
1350 2116 1498 2189 populum
1512 2116 1552 2173 ad
1566 2121 1708 2174 terrorem
1721 2116 1816 2175 divini
1835 2119 1881 2190 ju·

166 2209 361 2269 transitoriis:
377 2209 584 2268 exsiccatione
599 2211 726 2268 narnis.
741 2213 807 2267 ussa
820 2214 921 2268 sutem
945 2209 996 2265 sii-
1051 2202 1121 2259 dicti
1135 2209 1333 2274 commoveat.
1354 2205 1394 2261 sa
1422 2204 1557 2263 notorem
1571 2205 1812 2279 compunctionis
1837 2222 1881 2264 ss-

166 2304 279 2370 menta,
295 2316 363 2375 quai
383 2303 452 2356 suni
460 2299 617 2359 exsultatio
629 2303 659 2357 et
671 2298 781 2369 latitia,
792 2299 944 2373 perierunt
960 2297 997 2354 de
1050 2290 1173 2350 lubriter
1187 2297 1385 2362 commoveat,
1407 2294 1447 2351 ad
1473 2311 1610 2352 amorem
1623 2294 1801 2353 obedientiis
1829 2293 1882 2353 uii-

166 2389 259 2451 tiomo
274 2390 335 2458 liei,
350 2388 382 2447 id
396 2394 441 2448 est
453 2389 491 2446 dc
516 2389 655 2459 Ecclesia,
677 2389 749 2465 quia
772 2393 923 2464 praecepta
938 2388 998 2444 cal·
1049 2380 1115 2438 liter
1123 2381 1268 2452 accingat.
1283 2385 1343 2440 lloc
1358 2387 1458 2440 autem
1473 2384 1562 2455 agita
1576 2383 1765 2442 multitudine
1776 2383 1879 2469 clean,

166 2484 282 2547 cantur,
298 2478 421 2536 uirtutes
432 2482 674 2547 contemnuntur,
686 2478 825 2536 exercitia
834 2477 995 2551 perierunt,
1050 2470 1224 2544 squalitate
1238 2472 1341 2541 hostis,
1362 2489 1381 2529 a
1405 2488 1513 2544 genere
1536 2473 1676 2543 victoriae,
1705 2491 1724 2532 a
1746 2473 1881 2548 pondere

166 2567 348 2625 charismata
361 2572 557 2625 recesserunt.
571 2567 653 2624 Unde
668 2567 821 2626 Salvator:
837 2567 936 2623 Filius
948 2566 998 2622 tio-
1050 2559 1188 2629 miseriis,
1203 2560 1371 2618 alaoibtate
1386 2561 1538 2635 triumphi,
1555 2579 1573 2618 a
1588 2562 1650 2619 zelo
1666 2560 1748 2631 mni,
1763 2578 1783 2620 a
1798 2567 1882 2621 metu

165 2656 255 2712 minis
270 2656 400 2727 iaciens,
411 2661 504 2725 putus
519 2657 648 2714 inveniet
661 2656 750 2725 {idun
761 2658 997 2726 superterram?
1050 2647 1244 2706 obsessorum
1255 2649 1426 2723 principum
1441 2656 1469 2708 ct
1494 2650 1614 2721 ignavia
1636 2651 1737 2709 t·allati
1764 2649 1881 2725 populi.

167 2742 350 2816 (Luc.xr111).
367 2747 440 2800 ltem
452 2743 548 2800 idem:
568 2745 676 2813 Vulpes
696 2746 798 2815 foveas
823 2743 942 2812 babent,
967 2748 996 2801 et
1051 2737 1174 2807 Singula
1188 2754 1259 2794 roro
1275 2739 1336 2795 suis
1352 2744 1491 2813 coaptare
1506 2740 1589 2809 locis,
1605 2756 1667 2798 non
1680 2740 1827 2799 estanimi
1842 2738 1883 2799 ad

166 2833 303 2890 politores
322 2832 392 2890 coeli
411 2831 516 2888 nt'tlos:
534 2833 633 2890 Filius
651 2838 750 2890 autern
773 2833 911 2890 Hominis
935 2848 995 2889 non
1050 2827 1240 2900 sequentium
1274 2827 1515 2902 explanationem
1545 2829 1720 2887 festinantis.
1751 2831 1883 2898 Quamo-

167 2922 255 2979 babct
270 2920 322 2977 ubi
336 2925 427 2991 caput
441 2936 528 2976 suum
548 2921 671 2977 reclinet
698 2920 781 2992 (Lttc.
795 2921 845 2993 ιιι).
871 2923 904 2977 Et
923 2922 997 2976 Pau·
1014 2914 1135 3008 Cbrem
1146 2916 1264 2975 lectoris
1278 2918 1417 2976 exercitio
1435 2917 1633 2993 relinquimus
1656 2921 1723 2991 ista,
1750 2920 1827 2979 siout
1854 2926 1884 2979 el

165 3010 229 3068 lus:
252 3012 289 3067 ln
310 3011 486 3082 trouissintis,
508 3009 614 3083 inquit,
638 3010 818 3080 temporibus
839 3015 927 3068 erunt
947 3009 996 3066 bo
1050 3006 1118 3063 alia.
1135 3010 1272 3064 Hortatur
1286 3024 1358 3079 ergo
1381 3011 1529 3083 propheta
1555 3010 1749 3084 hyperbolice
1762 3011 1795 3067 in
1810 3011 1883 3070 Sion

166 3102 259 3158 mines
273 3115 383 3172 setpsoe
393 3105 538 3172 atnatites,
550 3099 663 3172 capiuli,
677 3099 761 3172 eluti,
776 3098 906 3172 superbi,
919 3099 996 3156 blas·
1050 3111 1167 3165 canere,
1196 3097 1227 3152 in
1253 3102 1355 3154 monte
1383 3104 1485 3157 sancto
1512 3099 1636 3169 ululare,
1666 3116 1771 3157 omnes
1795 3100 1883 3158 liabi-

162 3188 463 3262 pbenti,parentibus
485 3182 693 3260 inobedientes,
714 3189 847 3260 ingrati:
870 3189 994 3261 scelesti,
1050 3191 1160 3243 latores
1200 3195 1283 3244 terris
1324 3194 1406 3246 metu
1445 3189 1533 3247 attici.
1562 3191 1708 3259 Hortatur,
1741 3191 1881 3265 inquam,

166 3279 230 3335 sine
251 3278 418 3351 affcctione,
443 3277 507 3334 sine
523 3291 610 3348 pace,
632 3277 850 3350 criminatores,
871 3277 997 3332 inconti-
1050 3275 1256 3333 incommune
1272 3293 1376 3334 omnes
1403 3277 1572 3337 diuinorum
1592 3279 1775 3352 judiciorum
1798 3279 1882 3354 pedi·

165 3369 424 3441 sectatam-titius,
440 3367 707 3438 sinebcnipnitate,
725 3368 906 3437 proditores,
925 3382 999 3437 pro·
1049 3364 1108 3421 bus
1123 3367 1279 3440 prostcmi‚
1297 3367 1321 3424 si
1342 3385 1403 3441 quo
1431 3369 1523 3425 modo
1547 3372 1625 3426 Deus
1650 3369 1688 3427 de
1709 3377 1881 3443 praeparato

168 3458 254 3528 terri,
271 3456 387 3524 turricli,
409 3458 599 3526 uoluptatum
620 3462 769 3514 arcatores
790 3458 885 3528 inagis
906 3471 996 3528 qttam
1051 3454 1223 3513 habitaculo
1236 3473 1290 3513 suo
1305 3456 1483 3530 superillios
1497 3458 1656 3516 bominum
1679 3458 1840 3532 respiciat:
1858 3459 1881 3516 si

167 3544 242 3614 Dei,·
261 3542 401 3599 babentes
418 3543 536 3613 quidem
558 3545 682 3613 speciem
703 3546 837 3614 pietatis,
857 3546 996 3601 virtutem
1051 3544 1235 3618 quandoque
1250 3544 1412 3618 procellam
1428 3546 1459 3602 in
1474 3563 1579 3603 atnam
1595 3550 1698 3616 vertat,
1712 3547 1736 3603 si
1756 3548 1879 3605 tandem

168 3647 237 3691 vcro
252 3633 316 3702 ejtts
331 3632 512 3701 abnegantes
540 3632 584 3703 (II
599 3634 672 3689 Tim.
685 3633 734 3705 ιιι).
763 3635 900 3689 lumenta
928 3637 997 3689 sunt
1051 3633 1241 3704 anaulragio
1260 3635 1435 3708 captivitatis
1459 3636 1497 3692 ad
1524 3642 1643 3710 portum
1667 3638 1879 3695 consolationis

167 3719 323 3790 luxuriosi,
338 3725 474 3777 armenta
488 3719 606 3787 caniosi,
622 3720 706 3793 porci
733 3721 862 3794 [peoora]
889 3722 995 3792 gulosi,
1051 3737 1102 3778 eos
1112 3723 1245 3792 reducat,
1261 3724 1363 3781 dicens
1374 3744 1380 3781 :
1393 3725 1493 3782 Canitc
1508 3725 1581 3785 tuba
1594 3726 1624 3783 in
1650 3726 1729 3795 Sion,
1745 3731 1801 3784 etc.
1827 3730 1878 3785 Per

168 3810 311 3870 emmelis
326 3810 493 3885 petulantes
504 3814 535 3866 el
547 3809 657 3876 cupidi.
682 3813 802 3880 Horrea,
826 3812 997 3869 aubentica
1052 3811 1121 3868 Sion
1136 3811 1286 3883 intelligito
1302 3829 1401 3871 arcein
1417 3813 1538 3888 templi:
1562 3831 1617 3889 per
1637 3821 1782 3880 monum,
1812 3806 1878 3874 civi·

169 3900 298 3974 eloquia.
306 3900 477 3973 Apothecae,
487 3899 691 3973 expositorum
700 3900 995 3971 voluminal‘ascua,
1050 3904 1141 3957 tatem
1158 3920 1164 3958 :
1179 3918 1232 3975 per
1255 3907 1374 3971 terram,
1398 3903 1584 3961 suburbana.
1602 3909 1632 3961 ln
1649 3905 1718 3963 Sion
1732 3921 1836 3976 regern
1851 3910 1878 3962 ot

168 3987 325 4062 passiones
342 3993 515 4045 sanctorum
538 3992 567 4044 ct
590 3993 682 4058 gesta,
700 3989 730 4045 in
751 3989 863 4063 quibus
883 3995 911 4047 ct
930 3992 996 4048 viiie
1050 3989 1200 4064 principes
1212 4010 1218 4047 :
1230 3991 1261 4046 in
1277 3991 1388 4065 templo
1401 3994 1563 4066 prophetas
1583 3998 1611 4050 et
1630 3995 1822 4052 sacerdotes:
1848 3995 1877 4052 in

168 4076 824 4146 torma,etmoru1ndecentiainreniuntur
846 4081 993 4154 exempla.
1051 4083 1128 4136 terra
1160 4080 1307 4154 populum
1318 4080 1507 4139 etinieriores
1531 4082 1698 4153 dignitates.
1729 4084 1798 4141 Dies
1823 4087 1876 4141 llo

168 4165 307 4223 Triticum
322 4170 366 4222 est
380 4165 540 4240 spiritualis
555 4164 709 4223 doctrina:
727 4171 857 4224 stercora
871 4174 940 4226 sunt
954 4169 995 4225 vi·
1050 4169 1134 4238 mini,
1158 4171 1304 4227 adventus
1326 4172 1470 4230 exercitus
1494 4173 1663 4247 Babylonis.
1692 4175 1747 4242 Qui
1772 4176 1875 4233 merito

168 4255 209 4313 tia
222 4259 396 4330 etpeooata.
421 4256 548 4313 lectoris
571 4271 643 4312 vero
666 4255 786 4326 ingenio
809 4257 994 4327 singulorum
1051 4258 1169 4315 bomini
1183 4258 1299 4328 dicitur,
1329 4261 1381 4334 qui
1406 4261 1547 4333 injuriam
1565 4263 1682 4320 bomini
1695 4280 1749 4337 per
1775 4264 1875 4322 inobe-

167 4345 391 4419 adaptationem
406 4345 445 4402 ad
459 4343 518 4403 alia
537 4345 680 4402 testinans
703 4345 865 4403 committo.
893 4347 994 4420 Sequi·
1050 4345 1194 4406 dientiam
1205 4349 1308 4422 populi
1323 4348 1424 4406 divino
1438 4355 1513 4407 nutu
1524 4351 1683 4409 ulciscitur.
1699 4356 1730 4409 tn
1744 4369 1807 4427 qua
1829 4353 1874 4410 die

167 4433 662 4503 tur21tdte,llomine,clamabo‚
678 4433 840 4506 quiaignis
864 4434 994 4492 comedit
1050 4436 1178 4494 tenebrae
1198 4443 1227 4495 et
1245 4438 1351 4509 caligo,
1376 4439 1474 4496 nubes
1500 4445 1529 4497 et
1554 4441 1640 4497 turbo
1667 4441 1791 4500 ludaico
1806 4443 1875 4501 irro

166 4523 303 4596 speciose
316 4522 434 4592 deserti,
450 4528 505 4581 etc.
521 4523 600 4595 ignis
623 4523 813 4580 occasionem
834 4522 904 4580 lacit
925 4539 993 4597 pro·
1048 4529 1136 4595 gatur
1155 4525 1278 4600 populo.
1308 4527 1457 4597 Tenebris,
1486 4529 1557 4603 quia
1583 4529 1754 4587 nescierunt
1780 4531 1874 4591 oonsi-

165 4611 256 4686 pheta
268 4612 308 4670 ad
329 4613 499 4683 Dominum,
524 4613 684 4672 ostendens
707 4630 830 4671 causam
855 4612 991 4671 omnium
1045 4613 1139 4672 lium:
1156 4614 1262 4687 caligo,
1278 4615 1350 4689 quia
1364 4616 1457 4690 ipsius
1471 4634 1532 4675 nou
1541 4617 1703 4677 timuerunt
1707 4620 1872 4693 Judicium:

164 4700 358 4774 praelatorum
377 4701 667 4761 inconvenientium:
694 4703 767 4778 quia
789 4703 899 4760 scilicet
916 4703 990 4760 dum
1045 4705 1151 4774 nubes,
1167 4705 1385 4780 quiacjusdem
1399 4724 1462 4765 non
1480 4715 1653 4767 meruerunt
1679 4710 1873 4769 subsidium:

164 4793 283 4848 cessant
308 4789 451 4847 virtutum
475 4792 622 4866 exempla,
648 4792 722 4850 dum
746 4793 810 4850 silet
831 4792 897 4849 uitta
920 4793 991 4850 doc·
1045 4792 1146 4863 turbo,
1162 4794 1234 4868 quia
1252 4811 1322 4851 eum
1348 4797 1556 4870 exasperando
1584 4798 1672 4867 male,
1707 4797 1875 4857 inciderimt
1911 4818 1912 4875 4

163 4878 251 4950 trina,
266 4879 341 4937 dum
353 4880 505 4953 religionis
519 4881 640 4955 tepescit
655 4881 762 4952 terior,
777 4883 852 4938 dum
877 4882 989 4956 periec-
1044 4886 1133 4940 tanta
1148 4882 1241 4940 cladis
1263 4885 1466 4957 naufragium.
1493 4888 1564 4953 Quia
1594 4887 1657 4945 dies
1680 4887 1762 4944 venit
1784 4887 1872 4963 quasi
1911 4948 1912 4955 ,

161 4966 250 5027 tionis
261 4974 401 5044 torpescit
423 4970 513 5042 rigor,
534 4971 627 5028 virtus
652 4971 734 5044 lugit,
760 4971 988 5029 succedentibus
1042 4987 1132 5029 manc
1159 4987 1327 5039 expansum
1356 4990 1446 5050 super
1471 4981 1610 5033 montes:
1639 4976 1712 5052 quia
1732 4976 1782 5035 lici
1811 4994 1872 5037 non
1911 4981 1912 5056 t

164 5057 239 5116 titiis
251 5077 258 5127 ;
280 5058 409 5116 scientiis
423 5058 526 5115 lumen
539 5052 744 5130 exstinguitur,
765 5058 928 5117 orientibus
950 5065 988 5118 tc·
1043 5062 1236 5137 contemplati
1248 5068 1318 5120 sunt
1332 5065 1536 5134 consiliumet
1549 5067 1740 5140 prudentiam
1756 5071 1871 5141 ternpo-

159 5147 441 5220 nebris;religionis
451 5147 642 5221 pulchritudo
661 5148 809 5219 nigrescit,
834 5149 987 5206 crescenti·
1041 5167 1144 5208 rosuur
1160 5151 1307 5216 cruciatis.
1322 5153 1420 5211 subito
1443 5155 1645 5228 pcteoceupati
1661 5157 1800 5226 angustia
1821 5173 1872 5213 nc-
1911 5194 1912 5242 ι

158 5234 216 5294 bus
232 5237 418 5311 negligentiis
429 5257 435 5306 ;
447 5237 477 5293 in
490 5243 588 5295 mento
603 5253 763 5311 panarum
777 5237 865 5295 exitio
887 5238 993 5296 laetitia·
1041 5240 1184 5297 cessitatis
1194 5242 1273 5313 jaste
1288 5249 1482 5301 corruerunt:
1498 5245 1687 5314 negotiorum
1701 5244 1871 5302 amittentes
1911 5243 1912 5287 t

158 5327 290 5396 punitur,
307 5333 336 5384 et
354 5324 510 5384 exsultatio
533 5327 714 5385 scatentibus
736 5327 889 5398 angustiis.
914 5328 985 5383 Hinc
1040 5330 1270 5403 prouidentiam.

158 5413 268 5470 isaias:
283 5416 458 5488 Propterea,
471 5417 578 5492 iuquit,
594 5419 730 5490 captiuus
750 5417 858 5473 ducitis
872 5421 915 5473 est
933 5431 988 5487 po·
1077 5420 1237 5478 Sciendum
1251 5437 1323 5479 vero
1334 5422 1417 5496 quod
1429 5423 1490 5481 loel
1505 5424 1535 5481 in
1550 5424 1689 5499 praesenti
1711 5422 1870 5485 historiali-

153 5503 249 5571 pulas
262 5519 361 5564 meus:
381 5509 453 5580 quia
473 5524 534 5566 tion
558 5507 662 5565 babitit
680 5508 844 5567 scientiam.
865 5505 986 5564 Nobiles
1042 5512 1087 5567 ter
1101 5510 1139 5567 do
1155 5510 1328 5585 captivitate
1352 5511 1533 5587 Babylonica
1557 5515 1712 5591 loquitur:
1740 5514 1825 5589 quod
1848 5532 1868 5572 x

157 5591 222 5664 ejus
238 5592 565 5677 interier·ttntsame,et
590 5597 752 5659 multitado
773 5598 825 5656 siti
850 5600 982 5658 exaruit.
1039 5597 1341 5676 annuntiatoribus
1350 5601 1508 5664 manneae
1522 5602 1760 5678 colligiturnioit
1769 5602 1866 5687 enimi:
