<?xml version="1.0" encoding="UTF-8"?>
<!DOCTYPE html PUBLIC "-//W3C//DTD XHTML 1.0 Transitional//EN"
    "http://www.w3.org/TR/xhtml1/DTD/xhtml1-transitional.dtd">
<html xmlns="http://www.w3.org/1999/xhtml" xml:lang="en" lang="en">
 <head>
  <title>
</title>
<meta http-equiv="Content-Type" content="text/html;charset=utf-8" />
  <meta name='ocr-system' content='tesseract 3.04.00' />
  <meta name='ocr-capabilities' content='ocr_page ocr_carea ocr_par ocr_line ocrx_word'/>
</head>
<body>
  <div class='ocr_page' id='page_1' title='image "./patrologiaecurs37unkngoog/patrologiaecurs37unkngoog_0202.png"; bbox 0 0 3832 6044; ppageno 0'>
   <div class='ocr_carea' id='block_1_1' title="bbox 566 69 1692 144">
    <p class='ocr_par' dir='ltr' id='par_1_1' title="bbox 566 69 1692 144">
     <span class='ocr_line' id='line_1_1' title="bbox 566 69 1692 144; baseline 0.012 -13"><span class='ocrx_word' id='word_1_1' title='bbox 566 71 599 132; x_wconf 83' lang='grc' dir='ltr'>ΙΝ</span> <span class='ocrx_word' id='word_1_2' title='bbox 623 69 855 133; x_wconf 76' lang='lat' dir='ltr'>actesnstatt</span> <span class='ocrx_word' id='word_1_3' title='bbox 875 73 1026 133; x_wconf 82' lang='lat' dir='ltr'>HOMlLlAE</span> <span class='ocrx_word' id='word_1_4' title='bbox 1044 75 1108 132; x_wconf 82' lang='lat' dir='ltr'>xlx.</span> <span class='ocrx_word' id='word_1_5' title='bbox 1170 70 1172 75; x_wconf 72' lang='grc'><strong>’</strong></span> <span class='ocrx_word' id='word_1_6' title='bbox 1638 85 1692 144; x_wconf 78' lang='lat' dir='ltr'>tal</span> 
     </span>
    </p>
   </div>
   <div class='ocr_carea' id='block_1_2' title="bbox 80 199 1701 5723">
    <p class='ocr_par' dir='ltr' id='par_1_2' title="bbox 81 199 1696 1357">
     <span class='ocr_line' id='line_1_2' title="bbox 81 199 1692 275; baseline 0.005 -16"><span class='ocrx_word' id='word_1_7' title='bbox 81 202 259 275; x_wconf 81' lang='lat' dir='ltr'>¹bjicientur,</span> <span class='ocrx_word' id='word_1_8' title='bbox 280 202 376 258; x_wconf 87' lang='lat' dir='ltr'>tacere</span> <span class='ocrx_word' id='word_1_9' title='bbox 403 201 661 274; x_wconf 78' lang='lat' dir='ltr'>impedimentum.</span> <span class='ocrx_word' id='word_1_10' title='bbox 686 202 812 256; x_wconf 81' lang='lat' dir='ltr'>Terrena</span> <span class='ocrx_word' id='word_1_11' title='bbox 830 199 854 254; x_wconf 84' lang='lat' dir='ltr'>A</span> <span class='ocrx_word' id='word_1_12' title='bbox 869 201 1007 274; x_wconf 86' lang='lat' dir='ltr'>utrinque</span> <span class='ocrx_word' id='word_1_13' title='bbox 1017 201 1171 259; x_wconf 86' lang='lat' dir='ltr'>vinculum</span> <span class='ocrx_word' id='word_1_14' title='bbox 1181 201 1301 261; x_wconf 88' lang='lat' dir='ltr'>unitatis</span> <span class='ocrx_word' id='word_1_15' title='bbox 1315 201 1449 274; x_wconf 88' lang='lat' dir='ltr'>efficitur,</span> <span class='ocrx_word' id='word_1_16' title='bbox 1465 207 1498 262; x_wconf 89' lang='lat' dir='ltr'>ut</span> <span class='ocrx_word' id='word_1_17' title='bbox 1512 206 1551 263; x_wconf 92' lang='lat' dir='ltr'>ab</span> <span class='ocrx_word' id='word_1_18' title='bbox 1565 206 1692 269; x_wconf 83' lang='lat' dir='ltr'>invicem</span> 
     </span>
     <span class='ocr_line' id='line_1_3' title="bbox 81 289 1693 369; baseline 0.003 -20"><span class='ocrx_word' id='word_1_19' title='bbox 81 307 116 350; x_wconf 92' lang='lat' dir='ltr'>ue</span> <span class='ocrx_word' id='word_1_20' title='bbox 126 291 294 348; x_wconf 85' lang='lat' dir='ltr'>substantia</span> <span class='ocrx_word' id='word_1_21' title='bbox 305 297 383 347; x_wconf 90' lang='lat' dir='ltr'>recte</span> <span class='ocrx_word' id='word_1_22' title='bbox 398 308 453 364; x_wconf 90' lang='lat' dir='ltr'>pro</span> <span class='ocrx_word' id='word_1_23' title='bbox 468 295 601 363; x_wconf 88' lang='lat' dir='ltr'>tempore</span> <span class='ocrx_word' id='word_1_24' title='bbox 617 290 698 346; x_wconf 89' lang='lat' dir='ltr'>etad</span> <span class='ocrx_word' id='word_1_25' title='bbox 713 289 811 345; x_wconf 90' lang='lat' dir='ltr'>carnis</span> <span class='ocrx_word' id='word_1_26' title='bbox 866 289 1007 362; x_wconf 82' lang='lat' dir='ltr'>deinceps</span> <span class='ocrx_word' id='word_1_27' title='bbox 1031 290 1137 361; x_wconf 90' lang='lat' dir='ltr'>juncta</span> <span class='ocrx_word' id='word_1_28' title='bbox 1149 307 1211 348; x_wconf 90' lang='lat' dir='ltr'>non</span> <span class='ocrx_word' id='word_1_29' title='bbox 1235 298 1418 367; x_wconf 77' lang='lat' dir='ltr'>separentur.</span> <span class='ocrx_word' id='word_1_30' title='bbox 1443 295 1584 369; x_wconf 78' lang='lat' dir='ltr'>Utrinque</span> <span class='ocrx_word' id='word_1_31' title='bbox 1613 298 1693 355; x_wconf 92' lang='lat' dir='ltr'>enim</span> 
     </span>
     <span class='ocr_line' id='line_1_4' title="bbox 81 378 1694 452; baseline 0.002 -13"><span class='ocrx_word' id='word_1_32' title='bbox 81 380 663 448; x_wconf 72' lang='lat' dir='ltr'>rtaionemcustodiendaest3etrursum</span> <span class='ocrx_word' id='word_1_33' title='bbox 678 383 811 452; x_wconf 90' lang='lat' dir='ltr'>tempore</span> <span class='ocrx_word' id='word_1_34' title='bbox 866 393 952 434; x_wconf 90' lang='lat' dir='ltr'>amor</span> <span class='ocrx_word' id='word_1_35' title='bbox 971 378 1073 450; x_wconf 79' lang='lat' dir='ltr'>surgit,</span> <span class='ocrx_word' id='word_1_36' title='bbox 1098 383 1127 436; x_wconf 93' lang='lat' dir='ltr'>et</span> <span class='ocrx_word' id='word_1_37' title='bbox 1149 382 1298 439; x_wconf 83' lang='lat' dir='ltr'>concurrit</span> <span class='ocrx_word' id='word_1_38' title='bbox 1310 381 1464 441; x_wconf 84' lang='lat' dir='ltr'>vinculum</span> <span class='ocrx_word' id='word_1_39' title='bbox 1487 383 1694 443; x_wconf 88' lang='lat' dir='ltr'>dilectionisin</span> 
     </span>
     <span class='ocr_line' id='line_1_5' title="bbox 81 466 1694 548; baseline 0.003 -20"><span class='ocrx_word' id='word_1_40' title='bbox 81 470 270 546; x_wconf 88' lang='lat' dir='ltr'>ipericulum</span> <span class='ocrx_word' id='word_1_41' title='bbox 285 470 393 526; x_wconf 76' lang='lat' dir='ltr'>animm</span> <span class='ocrx_word' id='word_1_42' title='bbox 404 469 434 525; x_wconf 95' lang='lat' dir='ltr'>in</span> <span class='ocrx_word' id='word_1_43' title='bbox 449 469 499 525; x_wconf 90' lang='lat' dir='ltr'>illa</span> <span class='ocrx_word' id='word_1_44' title='bbox 509 473 644 526; x_wconf 80' lang='lat' dir='ltr'>constare</span> <span class='ocrx_word' id='word_1_45' title='bbox 659 466 812 538; x_wconf 90' lang='lat' dir='ltr'>cognosci·</span> <span class='ocrx_word' id='word_1_46' title='bbox 866 481 972 537; x_wconf 90' lang='lat' dir='ltr'>unum,</span> <span class='ocrx_word' id='word_1_47' title='bbox 998 468 1071 543; x_wconf 91' lang='lat' dir='ltr'>quia</span> <span class='ocrx_word' id='word_1_48' title='bbox 1084 486 1169 527; x_wconf 88' lang='lat' dir='ltr'>mens</span> <span class='ocrx_word' id='word_1_49' title='bbox 1197 471 1333 530; x_wconf 89' lang='lat' dir='ltr'>humana</span> <span class='ocrx_word' id='word_1_50' title='bbox 1354 473 1515 548; x_wconf 85' lang='lat' dir='ltr'>respiciens</span> <span class='ocrx_word' id='word_1_51' title='bbox 1536 474 1618 533; x_wconf 86' lang='lat' dir='ltr'>videt</span> <span class='ocrx_word' id='word_1_52' title='bbox 1634 474 1694 533; x_wconf 85' lang='lat' dir='ltr'>illic</span> 
     </span>
     <span class='ocr_line' id='line_1_6' title="bbox 81 555 1694 634; baseline 0.003 -16"><span class='ocrx_word' id='word_1_53' title='bbox 81 576 119 618; x_wconf 86' lang='lat' dir='ltr'>ne</span> <span class='ocrx_word' id='word_1_54' title='bbox 143 559 328 616; x_wconf 79' lang='lat' dir='ltr'>dubitatione</span> <span class='ocrx_word' id='word_1_55' title='bbox 351 558 530 630; x_wconf 84' lang='lat' dir='ltr'>abjicienda.</span> <span class='ocrx_word' id='word_1_56' title='bbox 546 557 633 615; x_wconf 84' lang='lat' dir='ltr'>Multa</span> <span class='ocrx_word' id='word_1_57' title='bbox 645 572 767 631; x_wconf 91' lang='lat' dir='ltr'>quoque</span> <span class='ocrx_word' id='word_1_58' title='bbox 781 555 811 613; x_wconf 92' lang='lat' dir='ltr'>in</span> <span class='ocrx_word' id='word_1_59' title='bbox 866 561 980 628; x_wconf 90' lang='lat' dir='ltr'>quanta</span> <span class='ocrx_word' id='word_1_60' title='bbox 999 557 1055 615; x_wconf 91' lang='lat' dir='ltr'>sibi</span> <span class='ocrx_word' id='word_1_61' title='bbox 1069 558 1230 618; x_wconf 82' lang='lat' dir='ltr'>commissu</span> <span class='ocrx_word' id='word_1_62' title='bbox 1243 576 1298 634; x_wconf 88' lang='lat' dir='ltr'>per</span> <span class='ocrx_word' id='word_1_63' title='bbox 1324 561 1575 634; x_wconf 66' lang='lat' dir='ltr'>misericordiam</span> <span class='ocrx_word' id='word_1_64' title='bbox 1591 563 1694 623; x_wconf 80' lang='lat' dir='ltr'>diviua</span> 
     </span>
     <span class='ocr_line' id='line_1_7' title="bbox 81 647 1694 727; baseline 0.003 -21"><span class='ocrx_word' id='word_1_65' title='bbox 81 649 128 706; x_wconf 84' lang='lat' dir='ltr'>tali</span> <span class='ocrx_word' id='word_1_66' title='bbox 142 649 300 722; x_wconf 89' lang='lat' dir='ltr'>disciplina</span> <span class='ocrx_word' id='word_1_67' title='bbox 314 653 343 705; x_wconf 91' lang='lat' dir='ltr'>et</span> <span class='ocrx_word' id='word_1_68' title='bbox 365 648 463 705; x_wconf 89' lang='lat' dir='ltr'>studio</span> <span class='ocrx_word' id='word_1_69' title='bbox 490 648 633 704; x_wconf 86' lang='lat' dir='ltr'>virtutum</span> <span class='ocrx_word' id='word_1_70' title='bbox 648 651 727 716; x_wconf 88' lang='lat' dir='ltr'>sunt,</span> <span class='ocrx_word' id='word_1_71' title='bbox 743 664 810 720; x_wconf 79' lang='lat' dir='ltr'>quse</span> <span class='ocrx_word' id='word_1_72' title='bbox 866 661 937 702; x_wconf 87' lang='lat' dir='ltr'>vero</span> <span class='ocrx_word' id='word_1_73' title='bbox 950 647 1153 718; x_wconf 84' lang='lat' dir='ltr'>considerans,</span> <span class='ocrx_word' id='word_1_74' title='bbox 1169 650 1426 724; x_wconf 90' lang='lat' dir='ltr'>contemplaturin</span> <span class='ocrx_word' id='word_1_75' title='bbox 1441 652 1493 722; x_wconf 91' lang='lat' dir='ltr'>eis,</span> <span class='ocrx_word' id='word_1_76' title='bbox 1509 657 1624 727; x_wconf 89' lang='lat' dir='ltr'>quanta</span> <span class='ocrx_word' id='word_1_77' title='bbox 1636 653 1694 711; x_wconf 83' lang='lat' dir='ltr'>sibi</span> 
     </span>
     <span class='ocr_line' id='line_1_8' title="bbox 81 735 1696 815; baseline 0.004 -20"><span class='ocrx_word' id='word_1_78' title='bbox 81 753 186 812; x_wconf 89' lang='lat' dir='ltr'>mpore</span> <span class='ocrx_word' id='word_1_79' title='bbox 201 754 282 794; x_wconf 92' lang='lat' dir='ltr'>nunc</span> <span class='ocrx_word' id='word_1_80' title='bbox 310 737 468 804; x_wconf 89' lang='lat' dir='ltr'>custodire,</span> <span class='ocrx_word' id='word_1_81' title='bbox 492 752 653 792; x_wconf 88' lang='lat' dir='ltr'>nuncvero</span> <span class='ocrx_word' id='word_1_82' title='bbox 683 735 810 807; x_wconf 88' lang='lat' dir='ltr'>abjicere</span> <span class='ocrx_word' id='word_1_83' title='bbox 867 735 924 792; x_wconf 88' lang='lat' dir='ltr'>sint</span> <span class='ocrx_word' id='word_1_84' title='bbox 932 737 1080 809; x_wconf 90' lang='lat' dir='ltr'>promissa</span> <span class='ocrx_word' id='word_1_85' title='bbox 1090 737 1130 795; x_wconf 91' lang='lat' dir='ltr'>ad</span> <span class='ocrx_word' id='word_1_86' title='bbox 1144 738 1280 809; x_wconf 79' lang='lat' dir='ltr'>gloriam.</span> <span class='ocrx_word' id='word_1_87' title='bbox 1293 742 1326 796; x_wconf 87' lang='lat' dir='ltr'>Et</span> <span class='ocrx_word' id='word_1_88' title='bbox 1337 745 1498 815; x_wconf 89' lang='lat' dir='ltr'>utrumque</span> <span class='ocrx_word' id='word_1_89' title='bbox 1510 742 1614 815; x_wconf 88' lang='lat' dir='ltr'>diligit,</span> <span class='ocrx_word' id='word_1_90' title='bbox 1624 748 1653 801; x_wconf 90' lang='lat' dir='ltr'>et</span> <span class='ocrx_word' id='word_1_91' title='bbox 1661 743 1696 801; x_wconf 85' lang='lat' dir='ltr'>tit</span> 
     </span>
     <span class='ocr_line' id='line_1_9' title="bbox 81 825 1695 904; baseline 0.004 -20"><span class='ocrx_word' id='word_1_92' title='bbox 81 833 100 886; x_wconf 82' lang='lat' dir='ltr'>n</span> <span class='ocrx_word' id='word_1_93' title='bbox 114 847 122 884; x_wconf 80' lang='lat' dir='ltr'>t</span> <span class='ocrx_word' id='word_1_94' title='bbox 137 842 175 885; x_wconf 89' lang='lat' dir='ltr'>ne</span> <span class='ocrx_word' id='word_1_95' title='bbox 191 827 215 885; x_wconf 92' lang='lat' dir='ltr'>si</span> <span class='ocrx_word' id='word_1_96' title='bbox 230 826 304 883; x_wconf 83' lang='lat' dir='ltr'>sorte</span> <span class='ocrx_word' id='word_1_97' title='bbox 327 842 403 900; x_wconf 90' lang='lat' dir='ltr'>opus</span> <span class='ocrx_word' id='word_1_98' title='bbox 428 826 543 882; x_wconf 83' lang='lat' dir='ltr'>virtutis</span> <span class='ocrx_word' id='word_1_99' title='bbox 559 825 620 882; x_wconf 90' lang='lat' dir='ltr'>sine</span> <span class='ocrx_word' id='word_1_100' title='bbox 635 825 811 882; x_wconf 84' lang='lat' dir='ltr'>discretione</span> <span class='ocrx_word' id='word_1_101' title='bbox 867 840 962 882; x_wconf 84' lang='lat' dir='ltr'>nexus</span> <span class='ocrx_word' id='word_1_102' title='bbox 977 825 1126 884; x_wconf 87' lang='lat' dir='ltr'>charitatis</span> <span class='ocrx_word' id='word_1_103' title='bbox 1144 827 1174 883; x_wconf 90' lang='lat' dir='ltr'>in</span> <span class='ocrx_word' id='word_1_104' title='bbox 1199 828 1359 898; x_wconf 89' lang='lat' dir='ltr'>ambobus,</span> <span class='ocrx_word' id='word_1_105' title='bbox 1375 830 1447 904; x_wconf 91' lang='lat' dir='ltr'>quia</span> <span class='ocrx_word' id='word_1_106' title='bbox 1460 830 1556 888; x_wconf 91' lang='lat' dir='ltr'>dulcis</span> <span class='ocrx_word' id='word_1_107' title='bbox 1575 837 1620 890; x_wconf 88' lang='lat' dir='ltr'>est</span> <span class='ocrx_word' id='word_1_108' title='bbox 1640 834 1695 890; x_wconf 91' lang='lat' dir='ltr'>mi-</span> 
     </span>
     <span class='ocr_line' id='line_1_10' title="bbox 81 913 1696 991; baseline 0.002 -17"><span class='ocrx_word' id='word_1_109' title='bbox 81 935 99 987; x_wconf 89' lang='lat'>.·,</span> <span class='ocrx_word' id='word_1_110' title='bbox 110 917 243 991; x_wconf 91' lang='lat' dir='ltr'>idipsum</span> <span class='ocrx_word' id='word_1_111' title='bbox 258 917 297 972; x_wconf 91' lang='lat' dir='ltr'>ad</span> <span class='ocrx_word' id='word_1_112' title='bbox 312 915 434 989; x_wconf 89' lang='lat' dir='ltr'>culpam</span> <span class='ocrx_word' id='word_1_113' title='bbox 444 920 567 982; x_wconf 89' lang='lat' dir='ltr'>constet,</span> <span class='ocrx_word' id='word_1_114' title='bbox 583 915 666 989; x_wconf 88' lang='lat' dir='ltr'>quod</span> <span class='ocrx_word' id='word_1_115' title='bbox 680 931 735 988; x_wconf 91' lang='lat' dir='ltr'>pro</span> <span class='ocrx_word' id='word_1_116' title='bbox 750 930 811 971; x_wconf 92' lang='lat' dir='ltr'>me·</span> <span class='ocrx_word' id='word_1_117' title='bbox 867 913 1027 971; x_wconf 88' lang='lat' dir='ltr'>sericordia</span> <span class='ocrx_word' id='word_1_118' title='bbox 1041 914 1081 971; x_wconf 90' lang='lat' dir='ltr'>ad</span> <span class='ocrx_word' id='word_1_119' title='bbox 1095 914 1231 986; x_wconf 80' lang='lat' dir='ltr'>gloriam,</span> <span class='ocrx_word' id='word_1_120' title='bbox 1246 921 1275 974; x_wconf 87' lang='lat' dir='ltr'>et</span> <span class='ocrx_word' id='word_1_121' title='bbox 1288 915 1382 988; x_wconf 92' lang='lat' dir='ltr'>gloria</span> <span class='ocrx_word' id='word_1_122' title='bbox 1397 919 1534 989; x_wconf 89' lang='lat' dir='ltr'>jucunda</span> <span class='ocrx_word' id='word_1_123' title='bbox 1547 919 1587 976; x_wconf 91' lang='lat' dir='ltr'>ad</span> <span class='ocrx_word' id='word_1_124' title='bbox 1608 921 1696 979; x_wconf 87' lang='lat' dir='ltr'>mise-</span> 
     </span>
     <span class='ocr_line' id='line_1_11' title="bbox 81 1002 1694 1083; baseline 0.006 -26"><span class='ocrx_word' id='word_1_125' title='bbox 81 1007 183 1082; x_wconf 48' lang='lat' dir='ltr'>:putari</span> <span class='ocrx_word' id='word_1_126' title='bbox 206 1006 360 1079; x_wconf 84' lang='lat' dir='ltr'>potrussct.</span> <span class='ocrx_word' id='word_1_127' title='bbox 373 1006 480 1063; x_wconf 88' lang='lat' dir='ltr'>Omnia</span> <span class='ocrx_word' id='word_1_128' title='bbox 493 1005 573 1061; x_wconf 88' lang='lat' dir='ltr'>enim</span> <span class='ocrx_word' id='word_1_129' title='bbox 588 1009 721 1078; x_wconf 87' lang='lat' dir='ltr'>tempore</span> <span class='ocrx_word' id='word_1_130' title='bbox 746 1021 811 1060; x_wconf 90' lang='lat' dir='ltr'>mu·</span> <span class='ocrx_word' id='word_1_131' title='bbox 865 1002 1037 1060; x_wconf 91' lang='lat' dir='ltr'>ricordiam.</span> <span class='ocrx_word' id='word_1_132' title='bbox 1053 1006 1086 1059; x_wconf 86' lang='lat' dir='ltr'>Et</span> <span class='ocrx_word' id='word_1_133' title='bbox 1097 1019 1158 1061; x_wconf 93' lang='lat' dir='ltr'>non</span> <span class='ocrx_word' id='word_1_134' title='bbox 1173 1008 1270 1078; x_wconf 91' lang='lat' dir='ltr'>potest</span> <span class='ocrx_word' id='word_1_135' title='bbox 1283 1005 1400 1064; x_wconf 90' lang='lat' dir='ltr'>dilectio</span> <span class='ocrx_word' id='word_1_136' title='bbox 1414 1007 1524 1065; x_wconf 90' lang='lat' dir='ltr'>horum</span> <span class='ocrx_word' id='word_1_137' title='bbox 1551 1010 1694 1083; x_wconf 87' lang='lat' dir='ltr'>separari,</span> 
     </span>
     <span class='ocr_line' id='line_1_12' title="bbox 84 1091 1695 1168; baseline 0.002 -15"><span class='ocrx_word' id='word_1_138' title='bbox 84 1139 92 1167; x_wconf 92' lang='lat'>,</span> <span class='ocrx_word' id='word_1_139' title='bbox 108 1101 137 1153; x_wconf 90' lang='lat' dir='ltr'>et</span> <span class='ocrx_word' id='word_1_140' title='bbox 149 1111 212 1153; x_wconf 92' lang='lat' dir='ltr'>nou</span> <span class='ocrx_word' id='word_1_141' title='bbox 227 1100 270 1152; x_wconf 89' lang='lat' dir='ltr'>est</span> <span class='ocrx_word' id='word_1_142' title='bbox 297 1095 411 1168; x_wconf 89' lang='lat' dir='ltr'>aliquid</span> <span class='ocrx_word' id='word_1_143' title='bbox 424 1095 508 1167; x_wconf 93' lang='lat' dir='ltr'>quod</span> <span class='ocrx_word' id='word_1_144' title='bbox 535 1111 652 1167; x_wconf 88' lang='lat' dir='ltr'>semper</span> <span class='ocrx_word' id='word_1_145' title='bbox 680 1094 811 1167; x_wconf 89' lang='lat' dir='ltr'>idipsum</span> <span class='ocrx_word' id='word_1_146' title='bbox 867 1091 939 1165; x_wconf 84' lang='lat' dir='ltr'>quia</span> <span class='ocrx_word' id='word_1_147' title='bbox 954 1092 1089 1150; x_wconf 84' lang='lat' dir='ltr'>consutio</span> <span class='ocrx_word' id='word_1_148' title='bbox 1104 1092 1248 1163; x_wconf 77' lang='lat' dir='ltr'>recteest,</span> <span class='ocrx_word' id='word_1_149' title='bbox 1264 1099 1293 1152; x_wconf 93' lang='lat' dir='ltr'>et</span> <span class='ocrx_word' id='word_1_150' title='bbox 1301 1095 1390 1153; x_wconf 90' lang='lat' dir='ltr'>firma</span> <span class='ocrx_word' id='word_1_151' title='bbox 1405 1102 1484 1154; x_wconf 89' lang='lat' dir='ltr'>stant</span> <span class='ocrx_word' id='word_1_152' title='bbox 1496 1096 1616 1156; x_wconf 71' lang='lat' dir='ltr'>dnotrla</span> <span class='ocrx_word' id='word_1_153' title='bbox 1626 1098 1695 1157; x_wconf 92' lang='lat' dir='ltr'>cha-</span> 
     </span>
     <span class='ocr_line' id='line_1_13' title="bbox 81 1181 1694 1260; baseline 0.002 -17"><span class='ocrx_word' id='word_1_154' title='bbox 81 1190 178 1254; x_wconf 87' lang='lat' dir='ltr'>meat;</span> <span class='ocrx_word' id='word_1_155' title='bbox 202 1190 232 1242; x_wconf 91' lang='lat' dir='ltr'>et</span> <span class='ocrx_word' id='word_1_156' title='bbox 245 1185 312 1241; x_wconf 89' lang='lat' dir='ltr'>ideo</span> <span class='ocrx_word' id='word_1_157' title='bbox 337 1184 389 1258; x_wconf 93' lang='lat' dir='ltr'>qui</span> <span class='ocrx_word' id='word_1_158' title='bbox 404 1183 476 1240; x_wconf 70' lang='lat' dir='ltr'>visit</span> <span class='ocrx_word' id='word_1_159' title='bbox 490 1184 546 1240; x_wconf 89' lang='lat' dir='ltr'>sub</span> <span class='ocrx_word' id='word_1_160' title='bbox 562 1189 695 1257; x_wconf 89' lang='lat' dir='ltr'>tempore</span> <span class='ocrx_word' id='word_1_161' title='bbox 723 1183 813 1239; x_wconf 87' lang='lat' dir='ltr'>debet</span> <span class='ocrx_word' id='word_1_162' title='bbox 867 1181 959 1240; x_wconf 84' lang='lat' dir='ltr'>nitatis</span> <span class='ocrx_word' id='word_1_163' title='bbox 973 1187 1100 1241; x_wconf 67' lang='lat' dir='ltr'>aeterne</span> <span class='ocrx_word' id='word_1_164' title='bbox 1116 1186 1244 1258; x_wconf 93' lang='lat' dir='ltr'>Tempus</span> <span class='ocrx_word' id='word_1_165' title='bbox 1258 1185 1348 1257; x_wconf 90' lang='lat' dir='ltr'>igitur</span> <span class='ocrx_word' id='word_1_166' title='bbox 1364 1187 1519 1246; x_wconf 90' lang='lat' dir='ltr'>scindendi</span> <span class='ocrx_word' id='word_1_167' title='bbox 1545 1193 1616 1247; x_wconf 90' lang='lat' dir='ltr'>tunc</span> <span class='ocrx_word' id='word_1_168' title='bbox 1629 1187 1694 1260; x_wconf 84' lang='lat' dir='ltr'>fuit,</span> 
     </span>
     <span class='ocr_line' id='line_1_14' title="bbox 81 1272 1390 1357; baseline 0.002 -25"><span class='ocrx_word' id='word_1_169' title='bbox 81 1280 130 1332; x_wconf 79' lang='lat' dir='ltr'>set</span> <span class='ocrx_word' id='word_1_170' title='bbox 144 1279 307 1349; x_wconf 78' lang='lat' dir='ltr'>proventus</span> <span class='ocrx_word' id='word_1_171' title='bbox 336 1290 437 1329; x_wconf 90' lang='lat' dir='ltr'>rerum</span> <span class='ocrx_word' id='word_1_172' title='bbox 465 1273 601 1330; x_wconf 91' lang='lat' dir='ltr'>omnium</span> <span class='ocrx_word' id='word_1_173' title='bbox 627 1272 812 1347; x_wconf 82' lang='lat' dir='ltr'>temporibus</span> <span class='ocrx_word' id='word_1_174' title='bbox 866 1289 947 1330; x_wconf 87' lang='lat' dir='ltr'>nune</span> <span class='ocrx_word' id='word_1_175' title='bbox 962 1277 1062 1331; x_wconf 89' lang='lat' dir='ltr'>autem</span> <span class='ocrx_word' id='word_1_176' title='bbox 1085 1278 1203 1348; x_wconf 90' lang='lat' dir='ltr'>tempus</span> <span class='ocrx_word' id='word_1_177' title='bbox 1217 1276 1390 1357; x_wconf 80' lang='lat' dir='ltr'>consuendi.</span> 
     </span>
    </p>

    <p class='ocr_par' dir='ltr' id='par_1_3' title="bbox 80 1363 1696 2975">
     <span class='ocr_line' id='line_1_15' title="bbox 81 1363 1693 1442; baseline 0.002 -20"><span class='ocrx_word' id='word_1_178' title='bbox 81 1380 187 1422; x_wconf 70' lang='lat' dir='ltr'>insane.</span> <span class='ocrx_word' id='word_1_179' title='bbox 908 1363 1033 1434; x_wconf 82' lang='lat' dir='ltr'>Tempus</span> <span class='ocrx_word' id='word_1_180' title='bbox 1048 1363 1178 1436; x_wconf 83' lang='lat' dir='ltr'>tacendi,</span> <span class='ocrx_word' id='word_1_181' title='bbox 1193 1370 1221 1422; x_wconf 88' lang='lat' dir='ltr'>ct</span> <span class='ocrx_word' id='word_1_182' title='bbox 1234 1370 1349 1437; x_wconf 73' lang='lat' dir='ltr'>tenpus</span> <span class='ocrx_word' id='word_1_183' title='bbox 1364 1367 1512 1439; x_wconf 81' lang='lat' dir='ltr'>loquendi.</span> <span class='ocrx_word' id='word_1_184' title='bbox 1531 1368 1589 1438; x_wconf 79' lang='lat' dir='ltr'>Qui</span> <span class='ocrx_word' id='word_1_185' title='bbox 1597 1369 1693 1442; x_wconf 86' lang='lat' dir='ltr'>ondit,</span> 
     </span>
     <span class='ocr_line' id='line_1_16' title="bbox 81 1451 1696 1532; baseline 0.002 -22"><span class='ocrx_word' id='word_1_186' title='bbox 81 1470 148 1525; x_wconf 79' lang='lat' dir='ltr'>rpus</span> <span class='ocrx_word' id='word_1_187' title='bbox 162 1453 328 1524; x_wconf 64' lang='lat' dir='ltr'>snrrdendc,</span> <span class='ocrx_word' id='word_1_188' title='bbox 341 1457 370 1509; x_wconf 90' lang='lat' dir='ltr'>ct</span> <span class='ocrx_word' id='word_1_189' title='bbox 389 1458 503 1522; x_wconf 73' lang='lat' dir='ltr'>tenpus</span> <span class='ocrx_word' id='word_1_190' title='bbox 527 1453 697 1509; x_wconf 81' lang='lat' dir='ltr'>consuendi.</span> <span class='ocrx_word' id='word_1_191' title='bbox 710 1451 812 1509; x_wconf 88' lang='lat' dir='ltr'>Omnis</span> <span class='ocrx_word' id='word_1_192' title='bbox 867 1451 964 1527; x_wconf 89' lang='lat' dir='ltr'>inquit</span> <span class='ocrx_word' id='word_1_193' title='bbox 988 1453 1148 1526; x_wconf 85' lang='lat' dir='ltr'>Scriptura,</span> <span class='ocrx_word' id='word_1_194' title='bbox 1174 1455 1254 1512; x_wconf 84' lang='lat' dir='ltr'>dicat</span> <span class='ocrx_word' id='word_1_195' title='bbox 1267 1471 1279 1512; x_wconf 90' lang='lat'>.·</span> <span class='ocrx_word' id='word_1_196' title='bbox 1311 1456 1383 1513; x_wconf 81' lang='lat' dir='ltr'>Veni</span> <span class='ocrx_word' id='word_1_197' title='bbox 1405 1456 1508 1529; x_wconf 78' lang='lat' dir='ltr'>(Apus.</span> <span class='ocrx_word' id='word_1_198' title='bbox 1534 1458 1614 1532; x_wconf 79' lang='lat' dir='ltr'>xxti).</span> <span class='ocrx_word' id='word_1_199' title='bbox 1639 1457 1696 1524; x_wconf 85' lang='lat' dir='ltr'>Qui</span> 
     </span>
     <span class='ocr_line' id='line_1_17' title="bbox 88 1541 1695 1618; baseline 0.002 -19"><span class='ocrx_word' id='word_1_200' title='bbox 88 1558 179 1600; x_wconf 91' lang='lat' dir='ltr'>carne</span> <span class='ocrx_word' id='word_1_201' title='bbox 195 1542 360 1598; x_wconf 89' lang='lat' dir='ltr'>secundum</span> <span class='ocrx_word' id='word_1_202' title='bbox 371 1558 504 1610; x_wconf 86' lang='lat' dir='ltr'>carnem,</span> <span class='ocrx_word' id='word_1_203' title='bbox 516 1541 593 1610; x_wconf 58' lang='lat' dir='ltr'>trivit,</span> <span class='ocrx_word' id='word_1_204' title='bbox 605 1558 657 1616; x_wconf 90' lang='lat' dir='ltr'>per</span> <span class='ocrx_word' id='word_1_205' title='bbox 667 1542 812 1599; x_wconf 87' lang='lat' dir='ltr'>carnisai-</span> <span class='ocrx_word' id='word_1_206' title='bbox 832 1556 852 1609; x_wconf 80' lang='lat' dir='ltr'>g</span> <span class='ocrx_word' id='word_1_207' title='bbox 868 1541 948 1598; x_wconf 92' lang='lat' dir='ltr'>enim</span> <span class='ocrx_word' id='word_1_208' title='bbox 963 1541 1046 1616; x_wconf 90' lang='lat' dir='ltr'>prius</span> <span class='ocrx_word' id='word_1_209' title='bbox 1061 1558 1166 1599; x_wconf 88' lang='lat' dir='ltr'>aurem</span> <span class='ocrx_word' id='word_1_210' title='bbox 1176 1543 1274 1600; x_wconf 91' lang='lat' dir='ltr'>cordis</span> <span class='ocrx_word' id='word_1_211' title='bbox 1297 1560 1351 1618; x_wconf 89' lang='lat' dir='ltr'>per</span> <span class='ocrx_word' id='word_1_212' title='bbox 1363 1545 1564 1604; x_wconf 87' lang='lat' dir='ltr'>obedientiam</span> <span class='ocrx_word' id='word_1_213' title='bbox 1577 1547 1617 1605; x_wconf 92' lang='lat' dir='ltr'>ad</span> <span class='ocrx_word' id='word_1_214' title='bbox 1630 1562 1695 1604; x_wconf 85' lang='lat' dir='ltr'>ver·</span> 
     </span>
     <span class='ocr_line' id='line_1_18' title="bbox 81 1623 1695 1713; baseline 0.002 -23"><span class='ocrx_word' id='word_1_215' title='bbox 81 1650 94 1690; x_wconf 84' lang='lat'>1</span> <span class='ocrx_word' id='word_1_216' title='bbox 108 1632 197 1707; x_wconf 89' lang='lat' dir='ltr'>quasi</span> <span class='ocrx_word' id='word_1_217' title='bbox 211 1648 306 1688; x_wconf 92' lang='lat' dir='ltr'>unum</span> <span class='ocrx_word' id='word_1_218' title='bbox 333 1636 377 1688; x_wconf 90' lang='lat' dir='ltr'>est</span> <span class='ocrx_word' id='word_1_219' title='bbox 391 1648 460 1688; x_wconf 90' lang='lat' dir='ltr'>cum</span> <span class='ocrx_word' id='word_1_220' title='bbox 475 1631 509 1687; x_wconf 88' lang='lat' dir='ltr'>iis</span> <span class='ocrx_word' id='word_1_221' title='bbox 535 1648 604 1705; x_wconf 75' lang='lat' dir='ltr'>quae</span> <span class='ocrx_word' id='word_1_222' title='bbox 619 1648 689 1689; x_wconf 88' lang='lat' dir='ltr'>caro</span> <span class='ocrx_word' id='word_1_223' title='bbox 703 1648 811 1689; x_wconf 91' lang='lat' dir='ltr'>concu-</span> <span class='ocrx_word' id='word_1_224' title='bbox 827 1623 831 1630; x_wconf 84' lang='grc'><strong>’</strong></span> <span class='ocrx_word' id='word_1_225' title='bbox 866 1630 940 1687; x_wconf 92' lang='lat' dir='ltr'>bum</span> <span class='ocrx_word' id='word_1_226' title='bbox 956 1631 1006 1688; x_wconf 86' lang='lat' dir='ltr'>Dei</span> <span class='ocrx_word' id='word_1_227' title='bbox 1022 1633 1124 1705; x_wconf 87' lang='lat' dir='ltr'>aperit,</span> <span class='ocrx_word' id='word_1_228' title='bbox 1141 1632 1189 1690; x_wconf 92' lang='lat' dir='ltr'>ille</span> <span class='ocrx_word' id='word_1_229' title='bbox 1204 1635 1397 1708; x_wconf 90' lang='lat' dir='ltr'>postmodum</span> <span class='ocrx_word' id='word_1_230' title='bbox 1418 1640 1497 1695; x_wconf 88' lang='lat' dir='ltr'>recte</span> <span class='ocrx_word' id='word_1_231' title='bbox 1509 1638 1549 1695; x_wconf 89' lang='lat' dir='ltr'>ad</span> <span class='ocrx_word' id='word_1_232' title='bbox 1571 1637 1695 1713; x_wconf 90' lang='lat' dir='ltr'>loquen-</span> 
     </span>
     <span class='ocr_line' id='line_1_19' title="bbox 94 1719 1696 1802; baseline 0.003 -22"><span class='ocrx_word' id='word_1_233' title='bbox 94 1725 219 1780; x_wconf 84' lang='lat' dir='ltr'>Nccesse</span> <span class='ocrx_word' id='word_1_234' title='bbox 230 1726 352 1792; x_wconf 84' lang='lat' dir='ltr'>astorgo</span> <span class='ocrx_word' id='word_1_235' title='bbox 363 1725 396 1776; x_wconf 91' lang='lat' dir='ltr'>ut</span> <span class='ocrx_word' id='word_1_236' title='bbox 405 1722 497 1777; x_wconf 91' lang='lat' dir='ltr'>homo</span> <span class='ocrx_word' id='word_1_237' title='bbox 506 1721 761 1794; x_wconf 84' lang='lat' dir='ltr'>quiecarnalibus</span> <span class='ocrx_word' id='word_1_238' title='bbox 772 1722 811 1777; x_wconf 91' lang='lat' dir='ltr'>ad</span> <span class='ocrx_word' id='word_1_239' title='bbox 866 1719 940 1776; x_wconf 92' lang='lat' dir='ltr'>dum</span> <span class='ocrx_word' id='word_1_240' title='bbox 955 1721 1093 1793; x_wconf 82' lang='lat' dir='ltr'>proximo</span> <span class='ocrx_word' id='word_1_241' title='bbox 1107 1721 1243 1792; x_wconf 90' lang='lat' dir='ltr'>linguam</span> <span class='ocrx_word' id='word_1_242' title='bbox 1257 1724 1384 1783; x_wconf 86' lang='lat' dir='ltr'>resolvit.</span> <span class='ocrx_word' id='word_1_243' title='bbox 1397 1729 1471 1784; x_wconf 91' lang='lat' dir='ltr'>Nam</span> <span class='ocrx_word' id='word_1_244' title='bbox 1484 1727 1536 1801; x_wconf 90' lang='lat' dir='ltr'>qui</span> <span class='ocrx_word' id='word_1_245' title='bbox 1550 1725 1696 1802; x_wconf 88' lang='lat' dir='ltr'>priusper</span> 
     </span>
     <span class='ocr_line' id='line_1_20' title="bbox 80 1809 1695 1884; baseline 0.004 -15"><span class='ocrx_word' id='word_1_246' title='bbox 80 1812 150 1869; x_wconf 88' lang='lat' dir='ltr'>talia</span> <span class='ocrx_word' id='word_1_247' title='bbox 163 1811 353 1879; x_wconf 89' lang='lat' dir='ltr'>convertitur,</span> <span class='ocrx_word' id='word_1_248' title='bbox 379 1811 461 1884; x_wconf 88' lang='lat' dir='ltr'>prius</span> <span class='ocrx_word' id='word_1_249' title='bbox 477 1811 578 1868; x_wconf 91' lang='lat' dir='ltr'>animo</span> <span class='ocrx_word' id='word_1_250' title='bbox 598 1810 636 1867; x_wconf 88' lang='lat' dir='ltr'>ab</span> <span class='ocrx_word' id='word_1_251' title='bbox 651 1811 686 1867; x_wconf 87' lang='lat' dir='ltr'>iis</span> <span class='ocrx_word' id='word_1_252' title='bbox 700 1811 811 1884; x_wconf 87' lang='lat' dir='ltr'>quibus</span> <span class='ocrx_word' id='word_1_253' title='bbox 866 1809 1068 1877; x_wconf 85' lang='lat' dir='ltr'>obedientiam</span> <span class='ocrx_word' id='word_1_254' title='bbox 1092 1811 1122 1867; x_wconf 90' lang='lat' dir='ltr'>in</span> <span class='ocrx_word' id='word_1_255' title='bbox 1145 1812 1237 1869; x_wconf 81' lang='lat' dir='ltr'>verbo</span> <span class='ocrx_word' id='word_1_256' title='bbox 1258 1812 1461 1872; x_wconf 79' lang='lat' dir='ltr'>aedificationis</span> <span class='ocrx_word' id='word_1_257' title='bbox 1488 1816 1571 1873; x_wconf 86' lang='lat' dir='ltr'>alteri</span> <span class='ocrx_word' id='word_1_258' title='bbox 1597 1821 1695 1875; x_wconf 87' lang='lat' dir='ltr'>tacere</span> 
     </span>
     <span class='ocr_line' id='line_1_21' title="bbox 81 1898 1695 1975; baseline 0.002 -17"><span class='ocrx_word' id='word_1_259' title='bbox 81 1900 193 1960; x_wconf 85' lang='lat' dir='ltr'>Tectum</span> <span class='ocrx_word' id='word_1_260' title='bbox 217 1901 376 1958; x_wconf 78' lang='lat' dir='ltr'>inhaeserat</span> <span class='ocrx_word' id='word_1_261' title='bbox 399 1901 550 1958; x_wconf 84' lang='lat' dir='ltr'>avellatur.</span> <span class='ocrx_word' id='word_1_262' title='bbox 567 1904 647 1958; x_wconf 93' lang='lat' dir='ltr'>Tunc</span> <span class='ocrx_word' id='word_1_263' title='bbox 662 1901 810 1974; x_wconf 90' lang='lat' dir='ltr'>siquidem</span> <span class='ocrx_word' id='word_1_264' title='bbox 866 1914 927 1955; x_wconf 91' lang='lat' dir='ltr'>non</span> <span class='ocrx_word' id='word_1_265' title='bbox 942 1898 1054 1968; x_wconf 86' lang='lat' dir='ltr'>didicit,</span> <span class='ocrx_word' id='word_1_266' title='bbox 1079 1914 1165 1956; x_wconf 72' lang='lat' dir='ltr'>noxae</span> <span class='ocrx_word' id='word_1_267' title='bbox 1186 1900 1341 1973; x_wconf 83' lang='lat' dir='ltr'>subjacere</span> <span class='ocrx_word' id='word_1_268' title='bbox 1364 1904 1556 1975; x_wconf 82' lang='lat' dir='ltr'>convincitur,</span> <span class='ocrx_word' id='word_1_269' title='bbox 1581 1904 1606 1962; x_wconf 94' lang='lat' dir='ltr'>sl</span> <span class='ocrx_word' id='word_1_270' title='bbox 1620 1905 1695 1964; x_wconf 90' lang='lat' dir='ltr'>alios</span> 
     </span>
     <span class='ocr_line' id='line_1_22' title="bbox 87 1987 1695 2069; baseline 0.002 -21"><span class='ocrx_word' id='word_1_271' title='bbox 87 2007 119 2048; x_wconf 87' lang='lat' dir='ltr'>se</span> <span class='ocrx_word' id='word_1_272' title='bbox 144 1991 347 2065; x_wconf 83' lang='lat' dir='ltr'>spiritualibus</span> <span class='ocrx_word' id='word_1_273' title='bbox 371 2006 425 2063; x_wconf 89' lang='lat' dir='ltr'>per</span> <span class='ocrx_word' id='word_1_274' title='bbox 453 2007 587 2049; x_wconf 89' lang='lat' dir='ltr'>amorem</span> <span class='ocrx_word' id='word_1_275' title='bbox 613 1991 808 2061; x_wconf 85' lang='lat' dir='ltr'>conglutinat,</span> <span class='ocrx_word' id='word_1_276' title='bbox 866 1987 929 2062; x_wconf 91' lang='lat' dir='ltr'>ipsc</span> <span class='ocrx_word' id='word_1_277' title='bbox 944 1988 1051 2046; x_wconf 90' lang='lat' dir='ltr'>docere</span> <span class='ocrx_word' id='word_1_278' title='bbox 1066 1990 1229 2063; x_wconf 90' lang='lat' dir='ltr'>praesumit.</span> <span class='ocrx_word' id='word_1_279' title='bbox 1246 1990 1336 2062; x_wconf 88' lang='lat' dir='ltr'>lgitur</span> <span class='ocrx_word' id='word_1_280' title='bbox 1354 1992 1439 2066; x_wconf 91' lang='lat' dir='ltr'>prius</span> <span class='ocrx_word' id='word_1_281' title='bbox 1461 1997 1506 2050; x_wconf 87' lang='lat' dir='ltr'>est</span> <span class='ocrx_word' id='word_1_282' title='bbox 1520 1999 1638 2069; x_wconf 89' lang='lat' dir='ltr'>tempus</span> <span class='ocrx_word' id='word_1_283' title='bbox 1652 1998 1695 2052; x_wconf 91' lang='lat' dir='ltr'>ta·</span> 
     </span>
     <span class='ocr_line' id='line_1_23' title="bbox 82 2072 1695 2155; baseline 0.002 -18"><span class='ocrx_word' id='word_1_284' title='bbox 82 2096 99 2137; x_wconf 91' lang='lat' dir='ltr'>e</span> <span class='ocrx_word' id='word_1_285' title='bbox 112 2081 235 2138; x_wconf 90' lang='lat' dir='ltr'>terrenis</span> <span class='ocrx_word' id='word_1_286' title='bbox 248 2081 404 2138; x_wconf 87' lang='lat' dir='ltr'>affectibus</span> <span class='ocrx_word' id='word_1_287' title='bbox 417 2080 491 2137; x_wconf 92' lang='lat' dir='ltr'>nihil</span> <span class='ocrx_word' id='word_1_288' title='bbox 503 2085 638 2155; x_wconf 88' lang='lat' dir='ltr'>superest</span> <span class='ocrx_word' id='word_1_289' title='bbox 651 2081 733 2155; x_wconf 90' lang='lat' dir='ltr'>quod</span> <span class='ocrx_word' id='word_1_290' title='bbox 745 2081 810 2153; x_wconf 87' lang='lat' dir='ltr'>ejus</span> <span class='ocrx_word' id='word_1_291' title='bbox 866 2072 963 2147; x_wconf 85' lang='lat' dir='ltr'>cendi,</span> <span class='ocrx_word' id='word_1_292' title='bbox 978 2082 1011 2134; x_wconf 89' lang='lat' dir='ltr'>ut</span> <span class='ocrx_word' id='word_1_293' title='bbox 1025 2078 1120 2136; x_wconf 91' lang='lat' dir='ltr'>discat</span> <span class='ocrx_word' id='word_1_294' title='bbox 1133 2079 1225 2137; x_wconf 86' lang='lat' dir='ltr'>homo</span> <span class='ocrx_word' id='word_1_295' title='bbox 1235 2079 1318 2153; x_wconf 92' lang='lat' dir='ltr'>quod</span> <span class='ocrx_word' id='word_1_296' title='bbox 1331 2080 1438 2139; x_wconf 89' lang='lat' dir='ltr'>doceat</span> <span class='ocrx_word' id='word_1_297' title='bbox 1449 2100 1455 2151; x_wconf 91' lang='grc'><strong>;</strong></span> <span class='ocrx_word' id='word_1_298' title='bbox 1465 2086 1494 2139; x_wconf 90' lang='lat' dir='ltr'>et</span> <span class='ocrx_word' id='word_1_299' title='bbox 1503 2081 1612 2139; x_wconf 89' lang='lat' dir='ltr'>deiude</span> <span class='ocrx_word' id='word_1_300' title='bbox 1622 2087 1695 2141; x_wconf 88' lang='lat' dir='ltr'>tem·</span> 
     </span>
     <span class='ocr_line' id='line_1_24' title="bbox 81 2166 1695 2247; baseline 0.001 -19"><span class='ocrx_word' id='word_1_301' title='bbox 81 2187 112 2228; x_wconf 91' lang='lat' dir='ltr'>m</span> <span class='ocrx_word' id='word_1_302' title='bbox 127 2170 158 2227; x_wconf 91' lang='lat' dir='ltr'>in</span> <span class='ocrx_word' id='word_1_303' title='bbox 173 2170 320 2227; x_wconf 90' lang='lat' dir='ltr'>desideria</span> <span class='ocrx_word' id='word_1_304' title='bbox 334 2169 431 2228; x_wconf 89' lang='lat' dir='ltr'>aliena</span> <span class='ocrx_word' id='word_1_305' title='bbox 441 2173 563 2227; x_wconf 89' lang='lat' dir='ltr'>avertat.</span> <span class='ocrx_word' id='word_1_306' title='bbox 579 2174 680 2244; x_wconf 90' lang='lat' dir='ltr'>ltaque</span> <span class='ocrx_word' id='word_1_307' title='bbox 691 2175 810 2244; x_wconf 82' lang='lat' dir='ltr'>tempus</span> <span class='ocrx_word' id='word_1_308' title='bbox 865 2183 923 2240; x_wconf 91' lang='lat' dir='ltr'>pus</span> <span class='ocrx_word' id='word_1_309' title='bbox 932 2166 1085 2242; x_wconf 89' lang='lat' dir='ltr'>loquendi,</span> <span class='ocrx_word' id='word_1_310' title='bbox 1101 2172 1134 2224; x_wconf 92' lang='lat' dir='ltr'>ut</span> <span class='ocrx_word' id='word_1_311' title='bbox 1147 2169 1200 2242; x_wconf 91' lang='lat' dir='ltr'>qui</span> <span class='ocrx_word' id='word_1_312' title='bbox 1212 2168 1366 2228; x_wconf 87' lang='lat' dir='ltr'>veritatem</span> <span class='ocrx_word' id='word_1_313' title='bbox 1374 2171 1439 2243; x_wconf 82' lang='lat' dir='ltr'>jam</span> <span class='ocrx_word' id='word_1_314' title='bbox 1451 2171 1601 2244; x_wconf 83' lang='lat' dir='ltr'>cognovit,</span> <span class='ocrx_word' id='word_1_315' title='bbox 1611 2172 1695 2247; x_wconf 92' lang='lat' dir='ltr'>loqui</span> 
     </span>
     <span class='ocr_line' id='line_1_25' title="bbox 81 2257 1694 2338; baseline 0.001 -18"><span class='ocrx_word' id='word_1_316' title='bbox 81 2261 204 2330; x_wconf 88' lang='lat' dir='ltr'>ndendi,</span> <span class='ocrx_word' id='word_1_317' title='bbox 225 2267 258 2317; x_wconf 93' lang='lat' dir='ltr'>ut</span> <span class='ocrx_word' id='word_1_318' title='bbox 269 2261 352 2335; x_wconf 89' lang='lat' dir='ltr'>prius</span> <span class='ocrx_word' id='word_1_319' title='bbox 364 2261 457 2317; x_wconf 91' lang='lat' dir='ltr'>homo</span> <span class='ocrx_word' id='word_1_320' title='bbox 468 2265 607 2318; x_wconf 86' lang='lat' dir='ltr'>mentem</span> <span class='ocrx_word' id='word_1_321' title='bbox 621 2278 640 2317; x_wconf 91' lang='lat' dir='ltr'>a</span> <span class='ocrx_word' id='word_1_322' title='bbox 656 2260 810 2318; x_wconf 88' lang='lat' dir='ltr'>desideriis</span> <span class='ocrx_word' id='word_1_323' title='bbox 866 2273 933 2314; x_wconf 86' lang='lat' dir='ltr'>eam</span> <span class='ocrx_word' id='word_1_324' title='bbox 961 2257 991 2315; x_wconf 92' lang='lat' dir='ltr'>in</span> <span class='ocrx_word' id='word_1_325' title='bbox 1018 2262 1152 2332; x_wconf 90' lang='lat' dir='ltr'>tempore</span> <span class='ocrx_word' id='word_1_326' title='bbox 1173 2276 1228 2316; x_wconf 92' lang='lat' dir='ltr'>suo</span> <span class='ocrx_word' id='word_1_327' title='bbox 1251 2276 1314 2318; x_wconf 94' lang='lat' dir='ltr'>non</span> <span class='ocrx_word' id='word_1_328' title='bbox 1341 2262 1506 2321; x_wconf 90' lang='lat' dir='ltr'>erubescat.</span> <span class='ocrx_word' id='word_1_329' title='bbox 1531 2264 1694 2338; x_wconf 85' lang='lat' dir='ltr'>Utrumque</span> 
     </span>
     <span class='ocr_line' id='line_1_26' title="bbox 80 2345 1694 2427; baseline 0.002 -20"><span class='ocrx_word' id='word_1_330' title='bbox 80 2350 232 2419; x_wconf 80' lang='lat' dir='ltr'>iserellat;</span> <span class='ocrx_word' id='word_1_331' title='bbox 242 2355 346 2425; x_wconf 89' lang='lat' dir='ltr'>postea</span> <span class='ocrx_word' id='word_1_332' title='bbox 355 2356 473 2424; x_wconf 89' lang='lat' dir='ltr'>tempus</span> <span class='ocrx_word' id='word_1_333' title='bbox 484 2350 659 2419; x_wconf 89' lang='lat' dir='ltr'>consuendi,</span> <span class='ocrx_word' id='word_1_334' title='bbox 669 2349 810 2408; x_wconf 89' lang='lat' dir='ltr'>utanimo</span> <span class='ocrx_word' id='word_1_335' title='bbox 866 2346 947 2403; x_wconf 85' lang='lat' dir='ltr'>enirn</span> <span class='ocrx_word' id='word_1_336' title='bbox 961 2345 1051 2420; x_wconf 92' lang='lat' dir='ltr'>culpa</span> <span class='ocrx_word' id='word_1_337' title='bbox 1066 2350 1119 2417; x_wconf 90' lang='lat' dir='ltr'>est,</span> <span class='ocrx_word' id='word_1_338' title='bbox 1131 2351 1160 2405; x_wconf 90' lang='lat' dir='ltr'>et</span> <span class='ocrx_word' id='word_1_339' title='bbox 1169 2364 1240 2406; x_wconf 86' lang='lat' dir='ltr'>cum</span> <span class='ocrx_word' id='word_1_340' title='bbox 1246 2349 1384 2422; x_wconf 76' lang='lat' dir='ltr'>videlicet</span> <span class='ocrx_word' id='word_1_341' title='bbox 1396 2351 1488 2408; x_wconf 91' lang='lat' dir='ltr'>homo</span> <span class='ocrx_word' id='word_1_342' title='bbox 1503 2356 1612 2409; x_wconf 90' lang='lat' dir='ltr'>temere</span> <span class='ocrx_word' id='word_1_343' title='bbox 1619 2369 1694 2427; x_wconf 77' lang='lat' dir='ltr'>prae-</span> 
     </span>
     <span class='ocr_line' id='line_1_27' title="bbox 81 2435 1693 2514; baseline 0.002 -17"><span class='ocrx_word' id='word_1_344' title='bbox 81 2456 184 2497; x_wconf 88' lang='lat' dir='ltr'>norem</span> <span class='ocrx_word' id='word_1_345' title='bbox 199 2440 382 2513; x_wconf 90' lang='lat' dir='ltr'>spiritualem</span> <span class='ocrx_word' id='word_1_346' title='bbox 397 2440 513 2497; x_wconf 80' lang='lat' dir='ltr'>cateruis</span> <span class='ocrx_word' id='word_1_347' title='bbox 526 2439 809 2512; x_wconf 88' lang='lat' dir='ltr'>etpermanentibus</span> <span class='ocrx_word' id='word_1_348' title='bbox 865 2437 956 2495; x_wconf 90' lang='lat' dir='ltr'>sumit</span> <span class='ocrx_word' id='word_1_349' title='bbox 970 2435 1052 2510; x_wconf 91' lang='lat' dir='ltr'>quod</span> <span class='ocrx_word' id='word_1_350' title='bbox 1067 2452 1128 2495; x_wconf 91' lang='lat' dir='ltr'>non</span> <span class='ocrx_word' id='word_1_351' title='bbox 1147 2437 1245 2508; x_wconf 90' lang='lat' dir='ltr'>debet,</span> <span class='ocrx_word' id='word_1_352' title='bbox 1261 2442 1289 2496; x_wconf 88' lang='lat' dir='ltr'>et</span> <span class='ocrx_word' id='word_1_353' title='bbox 1304 2456 1374 2497; x_wconf 91' lang='lat' dir='ltr'>cum</span> <span class='ocrx_word' id='word_1_354' title='bbox 1400 2456 1455 2514; x_wconf 91' lang='lat' dir='ltr'>per</span> <span class='ocrx_word' id='word_1_355' title='bbox 1481 2441 1693 2513; x_wconf 83' lang='lat' dir='ltr'>negligentiam</span> 
     </span>
     <span class='ocr_line' id='line_1_28' title="bbox 81 2524 1694 2604; baseline 0.001 -17"><span class='ocrx_word' id='word_1_356' title='bbox 81 2528 232 2587; x_wconf 76' lang='lat' dir='ltr'>adhaerere</span> <span class='ocrx_word' id='word_1_357' title='bbox 257 2530 388 2604; x_wconf 89' lang='lat' dir='ltr'>incipiat.</span> <span class='ocrx_word' id='word_1_358' title='bbox 411 2534 469 2586; x_wconf 89' lang='lat' dir='ltr'>Nec</span> <span class='ocrx_word' id='word_1_359' title='bbox 495 2531 553 2586; x_wconf 88' lang='lat' dir='ltr'>hoc</span> <span class='ocrx_word' id='word_1_360' title='bbox 567 2529 809 2602; x_wconf 82' lang='lat' dir='ltr'>pretereundum</span> <span class='ocrx_word' id='word_1_361' title='bbox 866 2528 963 2598; x_wconf 90' lang='lat' dir='ltr'>torpet</span> <span class='ocrx_word' id='word_1_362' title='bbox 974 2525 1013 2582; x_wconf 90' lang='lat' dir='ltr'>ab</span> <span class='ocrx_word' id='word_1_363' title='bbox 1027 2541 1063 2582; x_wconf 90' lang='lat' dir='ltr'>co</span> <span class='ocrx_word' id='word_1_364' title='bbox 1077 2524 1161 2600; x_wconf 91' lang='lat' dir='ltr'>quod</span> <span class='ocrx_word' id='word_1_365' title='bbox 1174 2526 1272 2584; x_wconf 90' lang='lat' dir='ltr'>debet.</span> <span class='ocrx_word' id='word_1_366' title='bbox 1287 2530 1321 2584; x_wconf 85' lang='lat' dir='ltr'>Et</span> <span class='ocrx_word' id='word_1_367' title='bbox 1337 2527 1404 2585; x_wconf 91' lang='lat' dir='ltr'>ideo</span> <span class='ocrx_word' id='word_1_368' title='bbox 1416 2528 1499 2603; x_wconf 89' lang='lat' dir='ltr'>prius</span> <span class='ocrx_word' id='word_1_369' title='bbox 1524 2530 1694 2589; x_wconf 87' lang='lat' dir='ltr'>cavendum</span> 
     </span>
     <span class='ocr_line' id='line_1_29' title="bbox 81 2613 1692 2694; baseline 0.001 -18"><span class='ocrx_word' id='word_1_370' title='bbox 81 2619 194 2693; x_wconf 86' lang='lat' dir='ltr'>rquod</span> <span class='ocrx_word' id='word_1_371' title='bbox 209 2635 244 2677; x_wconf 91' lang='lat' dir='ltr'>ea</span> <span class='ocrx_word' id='word_1_372' title='bbox 258 2620 381 2694; x_wconf 89' lang='lat' dir='ltr'>quidem</span> <span class='ocrx_word' id='word_1_373' title='bbox 393 2636 462 2693; x_wconf 85' lang='lat' dir='ltr'>quae</span> <span class='ocrx_word' id='word_1_374' title='bbox 472 2618 658 2687; x_wconf 89' lang='lat' dir='ltr'>scinduntur,</span> <span class='ocrx_word' id='word_1_375' title='bbox 673 2618 810 2676; x_wconf 90' lang='lat' dir='ltr'>substan·</span> <span class='ocrx_word' id='word_1_376' title='bbox 864 2629 901 2670; x_wconf 91' lang='lat' dir='ltr'>ne</span> <span class='ocrx_word' id='word_1_377' title='bbox 917 2614 1139 2672; x_wconf 90' lang='lat' dir='ltr'>committamus</span> <span class='ocrx_word' id='word_1_378' title='bbox 1165 2613 1276 2685; x_wconf 87' lang='lat' dir='ltr'>illicita,</span> <span class='ocrx_word' id='word_1_379' title='bbox 1290 2617 1486 2690; x_wconf 88' lang='lat' dir='ltr'>postmodum</span> <span class='ocrx_word' id='word_1_380' title='bbox 1510 2619 1692 2677; x_wconf 89' lang='lat' dir='ltr'>studendum</span> 
     </span>
     <span class='ocr_line' id='line_1_30' title="bbox 81 2703 1693 2782; baseline 0.001 -18"><span class='ocrx_word' id='word_1_381' title='bbox 81 2725 196 2766; x_wconf 58' lang='lat' dir='ltr'>cunum</span> <span class='ocrx_word' id='word_1_382' title='bbox 221 2714 305 2778; x_wconf 79' lang='lat' dir='ltr'>sunt3</span> <span class='ocrx_word' id='word_1_383' title='bbox 321 2726 357 2766; x_wconf 89' lang='lat' dir='ltr'>ea</span> <span class='ocrx_word' id='word_1_384' title='bbox 376 2725 447 2766; x_wconf 90' lang='lat' dir='ltr'>vero</span> <span class='ocrx_word' id='word_1_385' title='bbox 462 2726 530 2782; x_wconf 75' lang='lat' dir='ltr'>quae</span> <span class='ocrx_word' id='word_1_386' title='bbox 545 2713 740 2776; x_wconf 88' lang='lat' dir='ltr'>consuuntur,</span> <span class='ocrx_word' id='word_1_387' title='bbox 765 2725 810 2765; x_wconf 87' lang='lat' dir='ltr'>es·</span> <span class='ocrx_word' id='word_1_388' title='bbox 864 2720 902 2761; x_wconf 87' lang='lat' dir='ltr'>ne</span> <span class='ocrx_word' id='word_1_389' title='bbox 913 2703 1013 2761; x_wconf 90' lang='lat' dir='ltr'>debita</span> <span class='ocrx_word' id='word_1_390' title='bbox 1028 2703 1227 2776; x_wconf 90' lang='lat' dir='ltr'>negligamus.</span> <span class='ocrx_word' id='word_1_391' title='bbox 1242 2708 1371 2780; x_wconf 83' lang='lat' dir='ltr'>Tempus</span> <span class='ocrx_word' id='word_1_392' title='bbox 1396 2707 1522 2778; x_wconf 88' lang='lat' dir='ltr'>tacendi,</span> <span class='ocrx_word' id='word_1_393' title='bbox 1534 2712 1564 2766; x_wconf 92' lang='lat' dir='ltr'>et</span> <span class='ocrx_word' id='word_1_394' title='bbox 1573 2712 1693 2782; x_wconf 86' lang='lat' dir='ltr'>tempus</span> 
     </span>
     <span class='ocr_line' id='line_1_31' title="bbox 81 2792 1693 2875; baseline 0.002 -21"><span class='ocrx_word' id='word_1_395' title='bbox 81 2797 142 2855; x_wconf 77' lang='lat' dir='ltr'>iter</span> <span class='ocrx_word' id='word_1_396' title='bbox 155 2797 278 2871; x_wconf 90' lang='lat' dir='ltr'>quidem</span> <span class='ocrx_word' id='word_1_397' title='bbox 292 2799 412 2855; x_wconf 90' lang='lat' dir='ltr'>diversa</span> <span class='ocrx_word' id='word_1_398' title='bbox 426 2802 504 2867; x_wconf 88' lang='lat' dir='ltr'>sunt,</span> <span class='ocrx_word' id='word_1_399' title='bbox 521 2798 574 2855; x_wconf 91' lang='lat' dir='ltr'>sed</span> <span class='ocrx_word' id='word_1_400' title='bbox 588 2798 737 2854; x_wconf 89' lang='lat' dir='ltr'>mediante</span> <span class='ocrx_word' id='word_1_401' title='bbox 747 2797 809 2854; x_wconf 92' lang='lat' dir='ltr'>vin-</span> <span class='ocrx_word' id='word_1_402' title='bbox 864 2792 1017 2867; x_wconf 91' lang='lat' dir='ltr'>loquendi.</span> <span class='ocrx_word' id='word_1_403' title='bbox 1035 2795 1203 2854; x_wconf 89' lang='lat' dir='ltr'>Succedunt</span> <span class='ocrx_word' id='word_1_404' title='bbox 1217 2795 1273 2853; x_wconf 92' lang='lat' dir='ltr'>sibi</span> <span class='ocrx_word' id='word_1_405' title='bbox 1287 2801 1423 2871; x_wconf 88' lang='lat' dir='ltr'>tempora</span> <span class='ocrx_word' id='word_1_406' title='bbox 1436 2802 1466 2856; x_wconf 88' lang='lat' dir='ltr'>et</span> <span class='ocrx_word' id='word_1_407' title='bbox 1480 2798 1560 2857; x_wconf 81' lang='lat' dir='ltr'>venit</span> <span class='ocrx_word' id='word_1_408' title='bbox 1573 2802 1693 2875; x_wconf 86' lang='lat' dir='ltr'>tempus</span> 
     </span>
     <span class='ocr_line' id='line_1_32' title="bbox 81 2886 1089 2975; baseline -0.003 -31"><span class='ocrx_word' id='word_1_409' title='bbox 81 2887 105 2944; x_wconf 90' lang='lat' dir='ltr'>li</span> <span class='ocrx_word' id='word_1_410' title='bbox 119 2887 208 2961; x_wconf 87' lang='lat' dir='ltr'>quasi</span> <span class='ocrx_word' id='word_1_411' title='bbox 221 2888 441 2945; x_wconf 84' lang='lat' dir='ltr'>accidentaliter</span> <span class='ocrx_word' id='word_1_412' title='bbox 453 2903 548 2944; x_wconf 91' lang='lat' dir='ltr'>unum</span> <span class='ocrx_word' id='word_1_413' title='bbox 562 2887 647 2944; x_wconf 90' lang='lat' dir='ltr'>fiunt.</span> <span class='ocrx_word' id='word_1_414' title='bbox 667 2888 712 2945; x_wconf 82' lang='lat' dir='ltr'>Sic</span> <span class='ocrx_word' id='word_1_415' title='bbox 727 2886 807 2943; x_wconf 90' lang='lat' dir='ltr'>enim</span> <span class='ocrx_word' id='word_1_416' title='bbox 828 2918 848 2975; x_wconf 76' lang='lat' dir='ltr'>C</span> <span class='ocrx_word' id='word_1_417' title='bbox 863 2888 932 2957; x_wconf 89' lang='lat' dir='ltr'>post</span> <span class='ocrx_word' id='word_1_418' title='bbox 945 2888 1089 2957; x_wconf 90' lang='lat' dir='ltr'>tempora.</span> 
     </span>
    </p>

    <p class='ocr_par' dir='ltr' id='par_1_4' title="bbox 81 2975 1701 5646">
     <span class='ocr_line' id='line_1_33' title="bbox 91 2975 1691 3054; baseline 0.003 -21"><span class='ocrx_word' id='word_1_419' title='bbox 91 2975 186 3034; x_wconf 84' lang='lat' dir='ltr'>homo</span> <span class='ocrx_word' id='word_1_420' title='bbox 200 2976 443 3050; x_wconf 87' lang='lat' dir='ltr'>corruptibilibus</span> <span class='ocrx_word' id='word_1_421' title='bbox 457 2980 486 3034; x_wconf 90' lang='lat' dir='ltr'>st</span> <span class='ocrx_word' id='word_1_422' title='bbox 494 2976 631 3050; x_wconf 78' lang='lat' dir='ltr'>peritruis</span> <span class='ocrx_word' id='word_1_423' title='bbox 641 2976 741 3032; x_wconf 92' lang='lat' dir='ltr'>unitur</span> <span class='ocrx_word' id='word_1_424' title='bbox 755 2992 809 3049; x_wconf 90' lang='lat' dir='ltr'>per</span> <span class='ocrx_word' id='word_1_425' title='bbox 903 2975 1027 3045; x_wconf 78' lang='lat' dir='ltr'>Tempus</span> <span class='ocrx_word' id='word_1_426' title='bbox 1040 2975 1218 3050; x_wconf 74' lang='lat' dir='ltr'>dilectionis,</span> <span class='ocrx_word' id='word_1_427' title='bbox 1233 2982 1261 3033; x_wconf 90' lang='lat' dir='ltr'>et</span> <span class='ocrx_word' id='word_1_428' title='bbox 1275 2981 1389 3048; x_wconf 79' lang='lat' dir='ltr'>tenpus</span> <span class='ocrx_word' id='word_1_429' title='bbox 1403 2978 1473 3036; x_wconf 83' lang='lat' dir='ltr'>odii.</span> <span class='ocrx_word' id='word_1_430' title='bbox 1492 2979 1520 3037; x_wconf 90' lang='lat' dir='ltr'>si</span> <span class='ocrx_word' id='word_1_431' title='bbox 1531 2978 1600 3054; x_wconf 89' lang='lat' dir='ltr'>quis</span> <span class='ocrx_word' id='word_1_432' title='bbox 1609 2979 1691 3037; x_wconf 84' lang='lat' dir='ltr'>dixe-</span> 
     </span>
     <span class='ocr_line' id='line_1_34' title="bbox 81 3062 1692 3143; baseline 0.002 -20"><span class='ocrx_word' id='word_1_433' title='bbox 81 3082 131 3135; x_wconf 85' lang='lat' dir='ltr'>nn,</span> <span class='ocrx_word' id='word_1_434' title='bbox 150 3066 202 3122; x_wconf 85' lang='lat' dir='ltr'>secl</span> <span class='ocrx_word' id='word_1_435' title='bbox 227 3065 352 3122; x_wconf 89' lang='lat' dir='ltr'>efficitur</span> <span class='ocrx_word' id='word_1_436' title='bbox 379 3065 527 3140; x_wconf 87' lang='lat' dir='ltr'>particeps</span> <span class='ocrx_word' id='word_1_437' title='bbox 551 3069 730 3122; x_wconf 82' lang='lat' dir='ltr'>cetemorum</span> <span class='ocrx_word' id='word_1_438' title='bbox 755 3081 809 3138; x_wconf 91' lang='lat' dir='ltr'>per</span> <span class='ocrx_word' id='word_1_439' title='bbox 862 3062 899 3120; x_wconf 93' lang='lat' dir='ltr'>rit</span> <span class='ocrx_word' id='word_1_440' title='bbox 913 3063 943 3119; x_wconf 92' lang='lat' dir='ltr'>in</span> <span class='ocrx_word' id='word_1_441' title='bbox 959 3067 1092 3137; x_wconf 91' lang='lat' dir='ltr'>tempore</span> <span class='ocrx_word' id='word_1_442' title='bbox 1104 3063 1269 3122; x_wconf 77' lang='lat' dir='ltr'>ddecdonis</span> <span class='ocrx_word' id='word_1_443' title='bbox 1282 3071 1401 3140; x_wconf 91' lang='lat' dir='ltr'>tempus</span> <span class='ocrx_word' id='word_1_444' title='bbox 1415 3084 1479 3124; x_wconf 90' lang='lat' dir='ltr'>esse</span> <span class='ocrx_word' id='word_1_445' title='bbox 1493 3068 1646 3143; x_wconf 88' lang='lat' dir='ltr'>loquendi,</span> <span class='ocrx_word' id='word_1_446' title='bbox 1663 3073 1692 3127; x_wconf 85' lang='lat' dir='ltr'>at</span> 
     </span>
     <span class='ocr_line' id='line_1_35' title="bbox 81 3153 1691 3231; baseline 0 -19"><span class='ocrx_word' id='word_1_447' title='bbox 81 3171 119 3213; x_wconf 89' lang='lat' dir='ltr'>m.</span> <span class='ocrx_word' id='word_1_448' title='bbox 137 3155 182 3213; x_wconf 89' lang='lat' dir='ltr'>Sic</span> <span class='ocrx_word' id='word_1_449' title='bbox 196 3156 309 3231; x_wconf 84' lang='lat' dir='ltr'>quippe</span> <span class='ocrx_word' id='word_1_450' title='bbox 324 3160 511 3212; x_wconf 90' lang='lat' dir='ltr'>consuuntur</span> <span class='ocrx_word' id='word_1_451' title='bbox 521 3157 656 3214; x_wconf 91' lang='lat' dir='ltr'>humana</span> <span class='ocrx_word' id='word_1_452' title='bbox 666 3159 695 3211; x_wconf 88' lang='lat' dir='ltr'>et</span> <span class='ocrx_word' id='word_1_453' title='bbox 706 3155 808 3212; x_wconf 78' lang='lat' dir='ltr'>divina</span> <span class='ocrx_word' id='word_1_454' title='bbox 863 3158 982 3226; x_wconf 89' lang='lat' dir='ltr'>tempus</span> <span class='ocrx_word' id='word_1_455' title='bbox 994 3153 1153 3211; x_wconf 88' lang='lat' dir='ltr'>tacendiin</span> <span class='ocrx_word' id='word_1_456' title='bbox 1163 3158 1296 3228; x_wconf 88' lang='lat' dir='ltr'>tempore</span> <span class='ocrx_word' id='word_1_457' title='bbox 1311 3171 1375 3212; x_wconf 90' lang='lat' dir='ltr'>esse</span> <span class='ocrx_word' id='word_1_458' title='bbox 1397 3155 1467 3225; x_wconf 92' lang='lat' dir='ltr'>odii,</span> <span class='ocrx_word' id='word_1_459' title='bbox 1480 3161 1581 3215; x_wconf 92' lang='lat' dir='ltr'>utnon</span> <span class='ocrx_word' id='word_1_460' title='bbox 1604 3157 1691 3213; x_wconf 91' lang='lat' dir='ltr'>detur</span> 
     </span>
     <span class='ocr_line' id='line_1_36' title="bbox 81 3231 1691 3319; baseline 0.001 -17"><span class='ocrx_word' id='word_1_461' title='bbox 81 3260 131 3313; x_wconf 88' lang='lat' dir='ltr'>tm,</span> <span class='ocrx_word' id='word_1_462' title='bbox 148 3249 180 3302; x_wconf 90' lang='lat' dir='ltr'>ut</span> <span class='ocrx_word' id='word_1_463' title='bbox 192 3262 260 3319; x_wconf 75' lang='lat' dir='ltr'>quae</span> <span class='ocrx_word' id='word_1_464' title='bbox 275 3246 336 3306; x_wconf 89' lang='lat' dir='ltr'>dno</span> <span class='ocrx_word' id='word_1_465' title='bbox 357 3247 473 3302; x_wconf 80' lang='lat' dir='ltr'>lucrant</span> <span class='ocrx_word' id='word_1_466' title='bbox 495 3260 549 3318; x_wconf 88' lang='lat' dir='ltr'>per</span> <span class='ocrx_word' id='word_1_467' title='bbox 575 3231 724 3314; x_wconf 81' lang='lat' dir='ltr'>naturam,</span> <span class='ocrx_word' id='word_1_468' title='bbox 735 3244 809 3302; x_wconf 91' lang='lat' dir='ltr'>fiant</span> <span class='ocrx_word' id='word_1_469' title='bbox 863 3247 1000 3299; x_wconf 89' lang='lat' dir='ltr'>sanctum</span> <span class='ocrx_word' id='word_1_470' title='bbox 1010 3243 1145 3312; x_wconf 89' lang='lat' dir='ltr'>canibus,</span> <span class='ocrx_word' id='word_1_471' title='bbox 1155 3259 1253 3317; x_wconf 89' lang='lat' dir='ltr'>neque</span> <span class='ocrx_word' id='word_1_472' title='bbox 1262 3244 1631 3318; x_wconf 83' lang='lat' dir='ltr'>margaritaeprojiciautur</span> <span class='ocrx_word' id='word_1_473' title='bbox 1639 3261 1691 3303; x_wconf 92' lang='lat' dir='ltr'>an-</span> 
     </span>
     <span class='ocr_line' id='line_1_37' title="bbox 83 3327 1691 3408; baseline 0.001 -18"><span class='ocrx_word' id='word_1_474' title='bbox 83 3350 139 3408; x_wconf 89' lang='lat' dir='ltr'>per</span> <span class='ocrx_word' id='word_1_475' title='bbox 152 3334 289 3405; x_wconf 87' lang='lat' dir='ltr'>gratiam.</span> <span class='ocrx_word' id='word_1_476' title='bbox 302 3334 727 3408; x_wconf 83' lang='lat' dir='ltr'>Compunctiosiquidemipsa</span> <span class='ocrx_word' id='word_1_477' title='bbox 737 3349 809 3390; x_wconf 87' lang='lat' dir='ltr'>acus</span> <span class='ocrx_word' id='word_1_478' title='bbox 862 3337 889 3389; x_wconf 89' lang='lat' dir='ltr'>te</span> <span class='ocrx_word' id='word_1_479' title='bbox 901 3348 1008 3405; x_wconf 91' lang='lat' dir='ltr'>porcos</span> <span class='ocrx_word' id='word_1_480' title='bbox 1020 3331 1139 3399; x_wconf 76' lang='lat' dir='ltr'>(Metti.</span> <span class='ocrx_word' id='word_1_481' title='bbox 1151 3332 1209 3404; x_wconf 83' lang='lat' dir='ltr'>ru),</span> <span class='ocrx_word' id='word_1_482' title='bbox 1226 3332 1278 3389; x_wconf 91' lang='lat' dir='ltr'>sed</span> <span class='ocrx_word' id='word_1_483' title='bbox 1285 3338 1379 3407; x_wconf 90' lang='lat' dir='ltr'>ponat</span> <span class='ocrx_word' id='word_1_484' title='bbox 1388 3333 1487 3405; x_wconf 86' lang='lat' dir='ltr'>justus</span> <span class='ocrx_word' id='word_1_485' title='bbox 1498 3333 1624 3406; x_wconf 89' lang='lat' dir='ltr'>digitum</span> <span class='ocrx_word' id='word_1_486' title='bbox 1644 3327 1691 3392; x_wconf 80' lang='lat' dir='ltr'>su-</span> 
     </span>
     <span class='ocr_line' id='line_1_38' title="bbox 90 3420 1689 3496; baseline 0.001 -16"><span class='ocrx_word' id='word_1_487' title='bbox 90 3422 208 3481; x_wconf 89' lang='lat' dir='ltr'>dilectio</span> <span class='ocrx_word' id='word_1_488' title='bbox 218 3424 303 3481; x_wconf 89' lang='lat' dir='ltr'>filum</span> <span class='ocrx_word' id='word_1_489' title='bbox 314 3444 320 3494; x_wconf 90' lang='lat'>;</span> <span class='ocrx_word' id='word_1_490' title='bbox 330 3429 358 3481; x_wconf 90' lang='lat' dir='ltr'>et</span> <span class='ocrx_word' id='word_1_491' title='bbox 372 3425 441 3481; x_wconf 89' lang='lat' dir='ltr'>lacit</span> <span class='ocrx_word' id='word_1_492' title='bbox 450 3424 530 3481; x_wconf 83' lang='lat' dir='ltr'>viam</span> <span class='ocrx_word' id='word_1_493' title='bbox 540 3439 622 3491; x_wconf 85' lang='lat' dir='ltr'>acus,</span> <span class='ocrx_word' id='word_1_494' title='bbox 638 3427 667 3479; x_wconf 92' lang='lat' dir='ltr'>et</span> <span class='ocrx_word' id='word_1_495' title='bbox 678 3422 809 3496; x_wconf 85' lang='lat' dir='ltr'>perforat</span> <span class='ocrx_word' id='word_1_496' title='bbox 863 3437 916 3495; x_wconf 91' lang='lat' dir='ltr'>per</span> <span class='ocrx_word' id='word_1_497' title='bbox 924 3437 958 3478; x_wconf 91' lang='lat' dir='ltr'>os</span> <span class='ocrx_word' id='word_1_498' title='bbox 967 3436 1066 3488; x_wconf 86' lang='lat' dir='ltr'>suum,</span> <span class='ocrx_word' id='word_1_499' title='bbox 1078 3420 1202 3494; x_wconf 88' lang='lat' dir='ltr'>quando</span> <span class='ocrx_word' id='word_1_500' title='bbox 1210 3421 1273 3479; x_wconf 89' lang='lat' dir='ltr'>dies</span> <span class='ocrx_word' id='word_1_501' title='bbox 1283 3421 1355 3479; x_wconf 91' lang='lat' dir='ltr'>mali</span> <span class='ocrx_word' id='word_1_502' title='bbox 1365 3426 1443 3492; x_wconf 91' lang='lat' dir='ltr'>sunt,</span> <span class='ocrx_word' id='word_1_503' title='bbox 1456 3423 1689 3494; x_wconf 87' lang='lat' dir='ltr'>etobmutescat,</span> 
     </span>
     <span class='ocr_line' id='line_1_39' title="bbox 81 3509 1691 3588; baseline 0.002 -18"><span class='ocrx_word' id='word_1_504' title='bbox 81 3529 153 3588; x_wconf 87' lang='lat' dir='ltr'>quc,</span> <span class='ocrx_word' id='word_1_505' title='bbox 168 3518 202 3571; x_wconf 92' lang='lat' dir='ltr'>ut</span> <span class='ocrx_word' id='word_1_506' title='bbox 225 3514 311 3569; x_wconf 91' lang='lat' dir='ltr'>filum</span> <span class='ocrx_word' id='word_1_507' title='bbox 336 3517 497 3587; x_wconf 88' lang='lat' dir='ltr'>utrumque</span> <span class='ocrx_word' id='word_1_508' title='bbox 524 3512 681 3570; x_wconf 77' lang='lat' dir='ltr'>conducat.</span> <span class='ocrx_word' id='word_1_509' title='bbox 708 3514 808 3585; x_wconf 89' lang='lat' dir='ltr'>Neque</span> <span class='ocrx_word' id='word_1_510' title='bbox 864 3527 932 3568; x_wconf 91' lang='lat' dir='ltr'>cum</span> <span class='ocrx_word' id='word_1_511' title='bbox 947 3509 1081 3571; x_wconf 87' lang='lat' dir='ltr'>consistit</span> <span class='ocrx_word' id='word_1_512' title='bbox 1095 3515 1235 3584; x_wconf 86' lang='lat' dir='ltr'>peccator</span> <span class='ocrx_word' id='word_1_513' title='bbox 1251 3511 1394 3570; x_wconf 86' lang='lat' dir='ltr'>adversus</span> <span class='ocrx_word' id='word_1_514' title='bbox 1404 3529 1492 3571; x_wconf 90' lang='lat' dir='ltr'>eum:</span> <span class='ocrx_word' id='word_1_515' title='bbox 1508 3529 1609 3572; x_wconf 91' lang='lat' dir='ltr'>nonne</span> <span class='ocrx_word' id='word_1_516' title='bbox 1623 3513 1691 3574; x_wconf 85' lang='lat' dir='ltr'>idco</span> 
     </span>
     <span class='ocr_line' id='line_1_40' title="bbox 81 3599 1692 3677; baseline -0.001 -16"><span class='ocrx_word' id='word_1_517' title='bbox 81 3604 214 3661; x_wconf 91' lang='lat' dir='ltr'>consutio</span> <span class='ocrx_word' id='word_1_518' title='bbox 228 3604 310 3661; x_wconf 85' lang='lat' dir='ltr'>aliter</span> <span class='ocrx_word' id='word_1_519' title='bbox 324 3603 388 3660; x_wconf 86' lang='lat' dir='ltr'>fieri</span> <span class='ocrx_word' id='word_1_520' title='bbox 411 3603 564 3677; x_wconf 89' lang='lat' dir='ltr'>potuisset,</span> <span class='ocrx_word' id='word_1_521' title='bbox 579 3602 635 3658; x_wconf 90' lang='lat' dir='ltr'>nisi</span> <span class='ocrx_word' id='word_1_522' title='bbox 648 3605 808 3675; x_wconf 91' lang='lat' dir='ltr'>utrumque</span> <span class='ocrx_word' id='word_1_523' title='bbox 861 3599 975 3671; x_wconf 88' lang='lat' dir='ltr'>justitia</span> <span class='ocrx_word' id='word_1_524' title='bbox 981 3599 1100 3657; x_wconf 89' lang='lat' dir='ltr'>venitin</span> <span class='ocrx_word' id='word_1_525' title='bbox 1112 3603 1233 3670; x_wconf 86' lang='lat' dir='ltr'>terram,</span> <span class='ocrx_word' id='word_1_526' title='bbox 1244 3605 1277 3659; x_wconf 90' lang='lat' dir='ltr'>nt</span> <span class='ocrx_word' id='word_1_527' title='bbox 1291 3606 1463 3676; x_wconf 88' lang='lat' dir='ltr'>peccatores</span> <span class='ocrx_word' id='word_1_528' title='bbox 1473 3609 1647 3676; x_wconf 88' lang='lat' dir='ltr'>arguantur,</span> <span class='ocrx_word' id='word_1_529' title='bbox 1664 3606 1692 3660; x_wconf 91' lang='lat' dir='ltr'>et</span> 
     </span>
     <span class='ocr_line' id='line_1_41' title="bbox 81 3689 1692 3769; baseline 0.001 -18"><span class='ocrx_word' id='word_1_530' title='bbox 81 3698 128 3751; x_wconf 88' lang='lat' dir='ltr'>tur</span> <span class='ocrx_word' id='word_1_531' title='bbox 143 3698 171 3751; x_wconf 91' lang='lat' dir='ltr'>et</span> <span class='ocrx_word' id='word_1_532' title='bbox 184 3698 345 3768; x_wconf 90' lang='lat' dir='ltr'>utrumque</span> <span class='ocrx_word' id='word_1_533' title='bbox 359 3693 567 3760; x_wconf 88' lang='lat' dir='ltr'>contineretur,</span> <span class='ocrx_word' id='word_1_534' title='bbox 583 3692 655 3766; x_wconf 90' lang='lat' dir='ltr'>quia</span> <span class='ocrx_word' id='word_1_535' title='bbox 677 3691 809 3748; x_wconf 89' lang='lat' dir='ltr'>discede-</span> <span class='ocrx_word' id='word_1_536' title='bbox 862 3692 895 3746; x_wconf 90' lang='lat' dir='ltr'>ut</span> <span class='ocrx_word' id='word_1_537' title='bbox 909 3692 1117 3746; x_wconf 85' lang='lat' dir='ltr'>convertantur</span> <span class='ocrx_word' id='word_1_538' title='bbox 1126 3689 1230 3764; x_wconf 88' lang='lat' dir='ltr'>iniqui,</span> <span class='ocrx_word' id='word_1_539' title='bbox 1245 3706 1283 3748; x_wconf 90' lang='lat' dir='ltr'>ne</span> <span class='ocrx_word' id='word_1_540' title='bbox 1296 3693 1444 3765; x_wconf 77' lang='lat' dir='ltr'>pereant?</span> <span class='ocrx_word' id='word_1_541' title='bbox 1458 3695 1616 3769; x_wconf 85' lang='lat' dir='ltr'>Propterea</span> <span class='ocrx_word' id='word_1_542' title='bbox 1629 3709 1692 3752; x_wconf 85' lang='lat' dir='ltr'>am·</span> 
     </span>
     <span class='ocr_line' id='line_1_42' title="bbox 81 3776 1691 3855; baseline -0.001 -14"><span class='ocrx_word' id='word_1_543' title='bbox 81 3799 165 3841; x_wconf 86' lang='lat' dir='ltr'>erum</span> <span class='ocrx_word' id='word_1_544' title='bbox 179 3783 218 3840; x_wconf 88' lang='lat' dir='ltr'>ah</span> <span class='ocrx_word' id='word_1_545' title='bbox 233 3783 335 3852; x_wconf 89' lang='lat' dir='ltr'>altero,</span> <span class='ocrx_word' id='word_1_546' title='bbox 351 3789 379 3840; x_wconf 88' lang='lat' dir='ltr'>et</span> <span class='ocrx_word' id='word_1_547' title='bbox 402 3782 486 3840; x_wconf 88' lang='lat' dir='ltr'>iacile</span> <span class='ocrx_word' id='word_1_548' title='bbox 499 3798 531 3838; x_wconf 89' lang='lat' dir='ltr'>se</span> <span class='ocrx_word' id='word_1_549' title='bbox 545 3781 585 3838; x_wconf 88' lang='lat' dir='ltr'>ab</span> <span class='ocrx_word' id='word_1_550' title='bbox 611 3780 722 3838; x_wconf 89' lang='lat' dir='ltr'>unitate</span> <span class='ocrx_word' id='word_1_551' title='bbox 737 3779 810 3837; x_wconf 83' lang='lat' dir='ltr'>divi-</span> <span class='ocrx_word' id='word_1_552' title='bbox 863 3776 955 3848; x_wconf 83' lang='lat' dir='ltr'>bigua</span> <span class='ocrx_word' id='word_1_553' title='bbox 966 3781 1036 3834; x_wconf 89' lang='lat' dir='ltr'>sunt</span> <span class='ocrx_word' id='word_1_554' title='bbox 1049 3781 1195 3852; x_wconf 89' lang='lat' dir='ltr'>tempora,</span> <span class='ocrx_word' id='word_1_555' title='bbox 1223 3779 1369 3855; x_wconf 88' lang='lat' dir='ltr'>quoniam</span> <span class='ocrx_word' id='word_1_556' title='bbox 1382 3781 1517 3855; x_wconf 91' lang='lat' dir='ltr'>ipsorum</span> <span class='ocrx_word' id='word_1_557' title='bbox 1545 3781 1634 3840; x_wconf 91' lang='lat' dir='ltr'>estin</span> <span class='ocrx_word' id='word_1_558' title='bbox 1646 3781 1691 3839; x_wconf 92' lang='lat' dir='ltr'>in-</span> 
     </span>
     <span class='ocr_line' id='line_1_43' title="bbox 89 3866 1690 3956; baseline -0.002 -27"><span class='ocrx_word' id='word_1_559' title='bbox 89 3873 116 3929; x_wconf 88' lang='lat' dir='ltr'>si</span> <span class='ocrx_word' id='word_1_560' title='bbox 125 3877 287 3947; x_wconf 89' lang='lat' dir='ltr'>utrumque</span> <span class='ocrx_word' id='word_1_561' title='bbox 300 3873 453 3930; x_wconf 76' lang='lat' dir='ltr'>vincmum</span> <span class='ocrx_word' id='word_1_562' title='bbox 465 3888 526 3929; x_wconf 91' lang='lat' dir='ltr'>non</span> <span class='ocrx_word' id='word_1_563' title='bbox 535 3871 707 3929; x_wconf 86' lang='lat' dir='ltr'>contineret.</span> <span class='ocrx_word' id='word_1_564' title='bbox 721 3873 811 3944; x_wconf 83' lang='lat' dir='ltr'>Prop-</span> <span class='ocrx_word' id='word_1_565' title='bbox 864 3870 977 3923; x_wconf 88' lang='lat' dir='ltr'>certum</span> <span class='ocrx_word' id='word_1_566' title='bbox 992 3881 1173 3940; x_wconf 87' lang='lat' dir='ltr'>percurrere.</span> <span class='ocrx_word' id='word_1_567' title='bbox 1189 3866 1265 3925; x_wconf 90' lang='lat' dir='ltr'>Nihil</span> <span class='ocrx_word' id='word_1_568' title='bbox 1279 3873 1380 3927; x_wconf 77' lang='lat' dir='ltr'>tarum</span> <span class='ocrx_word' id='word_1_569' title='bbox 1404 3869 1468 3927; x_wconf 90' lang='lat' dir='ltr'>sine</span> <span class='ocrx_word' id='word_1_570' title='bbox 1488 3874 1622 3944; x_wconf 89' lang='lat' dir='ltr'>tempore</span> <span class='ocrx_word' id='word_1_571' title='bbox 1636 3874 1690 3956; x_wconf 73' lang='lat' dir='ltr'>est,</span> 
     </span>
     <span class='ocr_line' id='line_1_44' title="bbox 81 3955 1692 4037; baseline -0.001 -18"><span class='ocrx_word' id='word_1_572' title='bbox 81 3967 271 4037; x_wconf 74' lang='lat' dir='ltr'>canumque</span> <span class='ocrx_word' id='word_1_573' title='bbox 285 3962 416 4035; x_wconf 86' lang='lat' dir='ltr'>perierat</span> <span class='ocrx_word' id='word_1_574' title='bbox 433 3979 505 4019; x_wconf 91' lang='lat' dir='ltr'>acus</span> <span class='ocrx_word' id='word_1_575' title='bbox 520 3959 768 4034; x_wconf 87' lang='lat' dir='ltr'>compunctionis,</span> <span class='ocrx_word' id='word_1_576' title='bbox 782 3963 810 4017; x_wconf 87' lang='lat' dir='ltr'>et</span> <span class='ocrx_word' id='word_1_577' title='bbox 864 3955 924 4012; x_wconf 89' lang='lat' dir='ltr'>sive</span> <span class='ocrx_word' id='word_1_578' title='bbox 938 3955 1056 4013; x_wconf 91' lang='lat' dir='ltr'>dilectio</span> <span class='ocrx_word' id='word_1_579' title='bbox 1071 3956 1116 4027; x_wconf 89' lang='lat' dir='ltr'>sit,</span> <span class='ocrx_word' id='word_1_580' title='bbox 1133 3956 1194 4014; x_wconf 84' lang='lat' dir='ltr'>sire</span> <span class='ocrx_word' id='word_1_581' title='bbox 1218 3957 1332 4015; x_wconf 86' lang='lat' dir='ltr'>odium.</span> <span class='ocrx_word' id='word_1_582' title='bbox 1348 3962 1478 4035; x_wconf 89' lang='lat' dir='ltr'>Tempus</span> <span class='ocrx_word' id='word_1_583' title='bbox 1491 3959 1572 4018; x_wconf 90' lang='lat' dir='ltr'>enim</span> <span class='ocrx_word' id='word_1_584' title='bbox 1599 3958 1692 4018; x_wconf 88' lang='lat' dir='ltr'>habet</span> 
     </span>
     <span class='ocr_line' id='line_1_45' title="bbox 89 4044 1694 4125; baseline -0.001 -19"><span class='ocrx_word' id='word_1_585' title='bbox 89 4049 256 4107; x_wconf 89' lang='lat' dir='ltr'>dilectionis</span> <span class='ocrx_word' id='word_1_586' title='bbox 283 4050 431 4108; x_wconf 87' lang='lat' dir='ltr'>connectit</span> <span class='ocrx_word' id='word_1_587' title='bbox 456 4054 626 4123; x_wconf 90' lang='lat' dir='ltr'>utrumque,</span> <span class='ocrx_word' id='word_1_588' title='bbox 637 4052 671 4105; x_wconf 93' lang='lat' dir='ltr'>ut</span> <span class='ocrx_word' id='word_1_589' title='bbox 685 4052 761 4105; x_wconf 88' lang='lat' dir='ltr'>stent</span> <span class='ocrx_word' id='word_1_590' title='bbox 773 4046 810 4103; x_wconf 90' lang='lat' dir='ltr'>si·</span> <span class='ocrx_word' id='word_1_591' title='bbox 863 4044 991 4116; x_wconf 89' lang='lat' dir='ltr'>dilectio,</span> <span class='ocrx_word' id='word_1_592' title='bbox 1005 4049 1034 4103; x_wconf 90' lang='lat' dir='ltr'>ct</span> <span class='ocrx_word' id='word_1_593' title='bbox 1047 4049 1165 4121; x_wconf 91' lang='lat' dir='ltr'>tempus</span> <span class='ocrx_word' id='word_1_594' title='bbox 1179 4045 1293 4106; x_wconf 88' lang='lat' dir='ltr'>odium.</span> <span class='ocrx_word' id='word_1_595' title='bbox 1310 4047 1363 4107; x_wconf 89' lang='lat' dir='ltr'>Cui</span> <span class='ocrx_word' id='word_1_596' title='bbox 1376 4047 1457 4106; x_wconf 92' lang='lat' dir='ltr'>enim</span> <span class='ocrx_word' id='word_1_597' title='bbox 1471 4049 1642 4125; x_wconf 77' lang='lat' dir='ltr'>praecipitur</span> <span class='ocrx_word' id='word_1_598' title='bbox 1660 4052 1694 4106; x_wconf 89' lang='lat' dir='ltr'>ut</span> 
     </span>
     <span class='ocr_line' id='line_1_46' title="bbox 83 4134 1695 4211; baseline 0 -16"><span class='ocrx_word' id='word_1_599' title='bbox 83 4134 170 4195; x_wconf 77' lang='lat' dir='ltr'>t&#39;non</span> <span class='ocrx_word' id='word_1_600' title='bbox 185 4137 388 4195; x_wconf 89' lang='lat' dir='ltr'>discedantab</span> <span class='ocrx_word' id='word_1_601' title='bbox 399 4138 536 4195; x_wconf 86' lang='lat' dir='ltr'>invicem.</span> <span class='ocrx_word' id='word_1_602' title='bbox 546 4140 684 4194; x_wconf 90' lang='lat' dir='ltr'>Humana</span> <span class='ocrx_word' id='word_1_603' title='bbox 697 4135 810 4209; x_wconf 88' lang='lat' dir='ltr'>quippe</span> <span class='ocrx_word' id='word_1_604' title='bbox 864 4134 1035 4209; x_wconf 79' lang='lat' dir='ltr'>proximum</span> <span class='ocrx_word' id='word_1_605' title='bbox 1058 4135 1164 4207; x_wconf 87' lang='lat' dir='ltr'>diligat</span> <span class='ocrx_word' id='word_1_606' title='bbox 1177 4136 1253 4194; x_wconf 90' lang='lat' dir='ltr'>sicut</span> <span class='ocrx_word' id='word_1_607' title='bbox 1266 4137 1408 4211; x_wconf 88' lang='lat' dir='ltr'>scipsum,</span> <span class='ocrx_word' id='word_1_608' title='bbox 1424 4138 1522 4197; x_wconf 90' lang='lat' dir='ltr'>eidem</span> <span class='ocrx_word' id='word_1_609' title='bbox 1541 4138 1648 4198; x_wconf 92' lang='lat' dir='ltr'>dicitur</span> <span class='ocrx_word' id='word_1_610' title='bbox 1660 4142 1695 4196; x_wconf 88' lang='lat' dir='ltr'>ut</span> 
     </span>
     <span class='ocr_line' id='line_1_47' title="bbox 81 4224 1694 4302; baseline 0.001 -17"><span class='ocrx_word' id='word_1_611' title='bbox 81 4230 113 4285; x_wconf 90' lang='lat' dir='ltr'>at</span> <span class='ocrx_word' id='word_1_612' title='bbox 134 4243 207 4284; x_wconf 91' lang='lat' dir='ltr'>acus</span> <span class='ocrx_word' id='word_1_613' title='bbox 246 4227 496 4301; x_wconf 90' lang='lat' dir='ltr'>compunctionis,</span> <span class='ocrx_word' id='word_1_614' title='bbox 525 4227 648 4301; x_wconf 87' lang='lat' dir='ltr'>quando</span> <span class='ocrx_word' id='word_1_615' title='bbox 689 4224 809 4298; x_wconf 90' lang='lat' dir='ltr'>culpam</span> <span class='ocrx_word' id='word_1_616' title='bbox 866 4224 948 4281; x_wconf 90' lang='lat' dir='ltr'>odiat</span> <span class='ocrx_word' id='word_1_617' title='bbox 963 4225 1166 4298; x_wconf 89' lang='lat' dir='ltr'>semetipsum.</span> <span class='ocrx_word' id='word_1_618' title='bbox 1184 4226 1267 4284; x_wconf 87' lang='lat' dir='ltr'>Unde</span> <span class='ocrx_word' id='word_1_619' title='bbox 1294 4231 1409 4285; x_wconf 91' lang='lat' dir='ltr'>constat</span> <span class='ocrx_word' id='word_1_620' title='bbox 1423 4228 1507 4301; x_wconf 91' lang='lat' dir='ltr'>quod</span> <span class='ocrx_word' id='word_1_621' title='bbox 1532 4229 1585 4302; x_wconf 89' lang='lat' dir='ltr'>qui</span> <span class='ocrx_word' id='word_1_622' title='bbox 1599 4232 1694 4287; x_wconf 79' lang='lat' dir='ltr'>licum</span> 
     </span>
     <span class='ocr_line' id='line_1_48' title="bbox 81 4313 1694 4392; baseline -0.001 -18"><span class='ocrx_word' id='word_1_623' title='bbox 81 4316 186 4392; x_wconf 78' lang='lat' dir='ltr'>[uitru3</span> <span class='ocrx_word' id='word_1_624' title='bbox 198 4317 301 4374; x_wconf 74' lang='lat' dir='ltr'>mnne</span> <span class='ocrx_word' id='word_1_625' title='bbox 315 4317 454 4391; x_wconf 82' lang='lat' dir='ltr'>perforat,</span> <span class='ocrx_word' id='word_1_626' title='bbox 466 4314 716 4390; x_wconf 87' lang='lat' dir='ltr'>qnandoocculta</span> <span class='ocrx_word' id='word_1_627' title='bbox 728 4319 811 4371; x_wconf 86' lang='lat' dir='ltr'>eeter-</span> <span class='ocrx_word' id='word_1_628' title='bbox 866 4319 949 4372; x_wconf 91' lang='lat' dir='ltr'>amat</span> <span class='ocrx_word' id='word_1_629' title='bbox 960 4314 1036 4372; x_wconf 91' lang='lat' dir='ltr'>sicut</span> <span class='ocrx_word' id='word_1_630' title='bbox 1050 4330 1092 4383; x_wconf 88' lang='lat' dir='ltr'>se,</span> <span class='ocrx_word' id='word_1_631' title='bbox 1108 4329 1178 4372; x_wconf 91' lang='lat' dir='ltr'>cnm</span> <span class='ocrx_word' id='word_1_632' title='bbox 1198 4313 1230 4370; x_wconf 93' lang='lat' dir='ltr'>in</span> <span class='ocrx_word' id='word_1_633' title='bbox 1245 4317 1305 4372; x_wconf 86' lang='lat' dir='ltr'>Deo</span> <span class='ocrx_word' id='word_1_634' title='bbox 1319 4315 1414 4386; x_wconf 90' lang='lat' dir='ltr'>diligit</span> <span class='ocrx_word' id='word_1_635' title='bbox 1435 4316 1630 4389; x_wconf 84' lang='lat' dir='ltr'>proximum:</span> <span class='ocrx_word' id='word_1_636' title='bbox 1652 4317 1694 4373; x_wconf 91' lang='lat' dir='ltr'>sic</span> 
     </span>
     <span class='ocr_line' id='line_1_49' title="bbox 81 4402 1695 4478; baseline -0.002 -14"><span class='ocrx_word' id='word_1_637' title='bbox 81 4425 90 4465; x_wconf 87' lang='grc' dir='ltr'>ι</span> <span class='ocrx_word' id='word_1_638' title='bbox 107 4411 263 4465; x_wconf 89' lang='lat' dir='ltr'>scrutatur.</span> <span class='ocrx_word' id='word_1_639' title='bbox 290 4408 336 4466; x_wconf 89' lang='lat' dir='ltr'>Sic</span> <span class='ocrx_word' id='word_1_640' title='bbox 363 4408 442 4465; x_wconf 91' lang='lat' dir='ltr'>euim</span> <span class='ocrx_word' id='word_1_641' title='bbox 468 4405 588 4478; x_wconf 84' lang='lat' dir='ltr'>gemina</span> <span class='ocrx_word' id='word_1_642' title='bbox 602 4407 719 4463; x_wconf 88' lang='lat' dir='ltr'>constat</span> <span class='ocrx_word' id='word_1_643' title='bbox 731 4420 811 4462; x_wconf 89' lang='lat' dir='ltr'>com·</span> <span class='ocrx_word' id='word_1_644' title='bbox 866 4408 969 4462; x_wconf 89' lang='lat' dir='ltr'>contra</span> <span class='ocrx_word' id='word_1_645' title='bbox 980 4406 1075 4462; x_wconf 84' lang='lat' dir='ltr'>iteum</span> <span class='ocrx_word' id='word_1_646' title='bbox 1086 4420 1142 4462; x_wconf 89' lang='lat' dir='ltr'>nec</span> <span class='ocrx_word' id='word_1_647' title='bbox 1156 4402 1278 4475; x_wconf 88' lang='lat' dir='ltr'>diligere</span> <span class='ocrx_word' id='word_1_648' title='bbox 1291 4403 1376 4461; x_wconf 82' lang='lat' dir='ltr'>novit</span> <span class='ocrx_word' id='word_1_649' title='bbox 1398 4405 1601 4478; x_wconf 87' lang='lat' dir='ltr'>semetipsum.</span> <span class='ocrx_word' id='word_1_650' title='bbox 1613 4406 1695 4463; x_wconf 90' lang='lat' dir='ltr'>Tem-</span> 
     </span>
     <span class='ocr_line' id='line_1_50' title="bbox 81 4491 1695 4569; baseline -0.002 -17"><span class='ocrx_word' id='word_1_651' title='bbox 81 4511 115 4566; x_wconf 90' lang='lat' dir='ltr'>.o,</span> <span class='ocrx_word' id='word_1_652' title='bbox 144 4501 174 4552; x_wconf 90' lang='lat' dir='ltr'>et</span> <span class='ocrx_word' id='word_1_653' title='bbox 191 4500 236 4552; x_wconf 92' lang='lat' dir='ltr'>est</span> <span class='ocrx_word' id='word_1_654' title='bbox 262 4495 408 4567; x_wconf 89' lang='lat' dir='ltr'>irriguum</span> <span class='ocrx_word' id='word_1_655' title='bbox 437 4495 584 4569; x_wconf 89' lang='lat' dir='ltr'>superius,</span> <span class='ocrx_word' id='word_1_656' title='bbox 612 4497 640 4551; x_wconf 92' lang='lat' dir='ltr'>et</span> <span class='ocrx_word' id='word_1_657' title='bbox 666 4493 812 4565; x_wconf 85' lang='lat' dir='ltr'>irriguum</span> <span class='ocrx_word' id='word_1_658' title='bbox 866 4508 924 4567; x_wconf 92' lang='lat' dir='ltr'>pus</span> <span class='ocrx_word' id='word_1_659' title='bbox 943 4509 1014 4566; x_wconf 91' lang='lat' dir='ltr'>ergo</span> <span class='ocrx_word' id='word_1_660' title='bbox 1028 4498 1073 4551; x_wconf 89' lang='lat' dir='ltr'>est</span> <span class='ocrx_word' id='word_1_661' title='bbox 1086 4492 1260 4562; x_wconf 90' lang='lat' dir='ltr'>dilectionis,</span> <span class='ocrx_word' id='word_1_662' title='bbox 1276 4497 1305 4551; x_wconf 89' lang='lat' dir='ltr'>et</span> <span class='ocrx_word' id='word_1_663' title='bbox 1318 4497 1436 4565; x_wconf 89' lang='lat' dir='ltr'>tempus</span> <span class='ocrx_word' id='word_1_664' title='bbox 1448 4491 1519 4562; x_wconf 89' lang='lat' dir='ltr'>odii,</span> <span class='ocrx_word' id='word_1_665' title='bbox 1531 4492 1625 4566; x_wconf 90' lang='lat' dir='ltr'>utqui</span> <span class='ocrx_word' id='word_1_666' title='bbox 1640 4508 1695 4567; x_wconf 93' lang='lat' dir='ltr'>pro</span> 
     </span>
     <span class='ocr_line' id='line_1_51' title="bbox 81 4580 1696 4658; baseline -0.003 -15"><span class='ocrx_word' id='word_1_667' title='bbox 81 4585 218 4658; x_wconf 72' lang='lat' dir='ltr'>aliosne</span> <span class='ocrx_word' id='word_1_668' title='bbox 244 4589 302 4656; x_wconf 78' lang='lat' dir='ltr'>xv).</span> <span class='ocrx_word' id='word_1_669' title='bbox 328 4588 381 4642; x_wconf 88' lang='lat' dir='ltr'>Per</span> <span class='ocrx_word' id='word_1_670' title='bbox 394 4584 540 4656; x_wconf 90' lang='lat' dir='ltr'>irriguum</span> <span class='ocrx_word' id='word_1_671' title='bbox 566 4583 703 4658; x_wconf 90' lang='lat' dir='ltr'>superius</span> <span class='ocrx_word' id='word_1_672' title='bbox 717 4581 813 4657; x_wconf 82' lang='lat' dir='ltr'>perio</span> <span class='ocrx_word' id='word_1_673' title='bbox 867 4585 927 4640; x_wconf 84' lang='lat' dir='ltr'>Deo</span> <span class='ocrx_word' id='word_1_674' title='bbox 943 4582 1098 4640; x_wconf 86' lang='lat' dir='ltr'>studemus</span> <span class='ocrx_word' id='word_1_675' title='bbox 1125 4581 1262 4639; x_wconf 89' lang='lat' dir='ltr'>inimicos</span> <span class='ocrx_word' id='word_1_676' title='bbox 1283 4580 1414 4653; x_wconf 81' lang='lat' dir='ltr'>diligere,</span> <span class='ocrx_word' id='word_1_677' title='bbox 1431 4598 1501 4638; x_wconf 90' lang='lat' dir='ltr'>cum</span> <span class='ocrx_word' id='word_1_678' title='bbox 1524 4597 1618 4640; x_wconf 90' lang='lat' dir='ltr'>causa</span> <span class='ocrx_word' id='word_1_679' title='bbox 1644 4580 1696 4639; x_wconf 80' lang='lat' dir='ltr'>liei</span> 
     </span>
     <span class='ocr_line' id='line_1_52' title="bbox 81 4669 1695 4750; baseline -0.001 -18"><span class='ocrx_word' id='word_1_680' title='bbox 81 4691 90 4732; x_wconf 88' lang='lat' dir='ltr'>r</span> <span class='ocrx_word' id='word_1_681' title='bbox 119 4675 232 4745; x_wconf 83' lang='lat' dir='ltr'>divina,</span> <span class='ocrx_word' id='word_1_682' title='bbox 267 4680 296 4733; x_wconf 92' lang='lat' dir='ltr'>et</span> <span class='ocrx_word' id='word_1_683' title='bbox 321 4691 375 4750; x_wconf 89' lang='lat' dir='ltr'>per</span> <span class='ocrx_word' id='word_1_684' title='bbox 399 4675 545 4747; x_wconf 90' lang='lat' dir='ltr'>irriguum</span> <span class='ocrx_word' id='word_1_685' title='bbox 567 4672 689 4731; x_wconf 81' lang='lat' dir='ltr'>inferius</span> <span class='ocrx_word' id='word_1_686' title='bbox 716 4670 813 4747; x_wconf 86' lang='lat' dir='ltr'>perio·</span> <span class='ocrx_word' id='word_1_687' title='bbox 866 4671 993 4741; x_wconf 80' lang='lat' dir='ltr'>laeditur,</span> <span class='ocrx_word' id='word_1_688' title='bbox 1008 4687 1071 4729; x_wconf 90' lang='lat' dir='ltr'>nou</span> <span class='ocrx_word' id='word_1_689' title='bbox 1085 4686 1295 4747; x_wconf 79' lang='lat' dir='ltr'>praesumamus</span> <span class='ocrx_word' id='word_1_690' title='bbox 1322 4669 1410 4740; x_wconf 85' lang='lat' dir='ltr'>etiam</span> <span class='ocrx_word' id='word_1_691' title='bbox 1440 4671 1554 4735; x_wconf 86' lang='lat' dir='ltr'>amicos</span> <span class='ocrx_word' id='word_1_692' title='bbox 1581 4686 1695 4730; x_wconf 85' lang='lat' dir='ltr'>amare.</span> 
     </span>
     <span class='ocr_line' id='line_1_53' title="bbox 81 4761 1697 4838; baseline 0 -17"><span class='ocrx_word' id='word_1_693' title='bbox 81 4764 247 4822; x_wconf 52' lang='lat' dir='ltr'>*humana</span> <span class='ocrx_word' id='word_1_694' title='bbox 263 4768 316 4822; x_wconf 88' lang='lat' dir='ltr'>Per</span> <span class='ocrx_word' id='word_1_695' title='bbox 329 4763 592 4838; x_wconf 85' lang='lat' dir='ltr'>compunctionem</span> <span class='ocrx_word' id='word_1_696' title='bbox 606 4762 729 4838; x_wconf 88' lang='lat' dir='ltr'>quippe,</span> <span class='ocrx_word' id='word_1_697' title='bbox 744 4778 812 4836; x_wconf 89' lang='lat' dir='ltr'>quae</span> <span class='ocrx_word' id='word_1_698' title='bbox 868 4765 918 4821; x_wconf 82' lang='lat' dir='ltr'>Est</span> <span class='ocrx_word' id='word_1_699' title='bbox 932 4761 1030 4820; x_wconf 90' lang='lat' dir='ltr'>adhuc</span> <span class='ocrx_word' id='word_1_700' title='bbox 1041 4761 1100 4821; x_wconf 89' lang='lat' dir='ltr'>alia</span> <span class='ocrx_word' id='word_1_701' title='bbox 1113 4761 1241 4833; x_wconf 86' lang='lat' dir='ltr'>dilectio,</span> <span class='ocrx_word' id='word_1_702' title='bbox 1257 4761 1402 4821; x_wconf 88' lang='lat' dir='ltr'>etodium</span> <span class='ocrx_word' id='word_1_703' title='bbox 1411 4761 1508 4821; x_wconf 89' lang='lat' dir='ltr'>aliud:</span> <span class='ocrx_word' id='word_1_704' title='bbox 1523 4763 1697 4838; x_wconf 88' lang='lat' dir='ltr'>utquisque</span> 
     </span>
     <span class='ocr_line' id='line_1_54' title="bbox 81 4849 1698 4936; baseline -0.001 -25"><span class='ocrx_word' id='word_1_705' title='bbox 81 4870 127 4930; x_wconf 84' lang='lat' dir='ltr'>¹pa</span> <span class='ocrx_word' id='word_1_706' title='bbox 145 4855 249 4926; x_wconf 89' lang='lat' dir='ltr'>surgit,</span> <span class='ocrx_word' id='word_1_707' title='bbox 278 4854 461 4926; x_wconf 85' lang='lat' dir='ltr'>transfigitur</span> <span class='ocrx_word' id='word_1_708' title='bbox 484 4853 633 4936; x_wconf 81' lang='lat' dir='ltr'>peccatrix</span> <span class='ocrx_word' id='word_1_709' title='bbox 661 4851 814 4911; x_wconf 90' lang='lat' dir='ltr'>conscien·</span> <span class='ocrx_word' id='word_1_710' title='bbox 868 4868 989 4911; x_wconf 83' lang='lat' dir='ltr'>carnem</span> <span class='ocrx_word' id='word_1_711' title='bbox 1004 4868 1102 4926; x_wconf 89' lang='lat' dir='ltr'>suam,</span> <span class='ocrx_word' id='word_1_712' title='bbox 1118 4851 1191 4910; x_wconf 90' lang='lat' dir='ltr'>etin</span> <span class='ocrx_word' id='word_1_713' title='bbox 1205 4851 1240 4908; x_wconf 90' lang='lat' dir='ltr'>iis</span> <span class='ocrx_word' id='word_1_714' title='bbox 1254 4849 1436 4929; x_wconf 77' lang='lat' dir='ltr'>diligatque</span> <span class='ocrx_word' id='word_1_715' title='bbox 1455 4851 1621 4912; x_wconf 89' lang='lat' dir='ltr'>infirmitati</span> <span class='ocrx_word' id='word_1_716' title='bbox 1635 4869 1698 4911; x_wconf 77' lang='lat' dir='ltr'>sus</span> 
     </span>
     <span class='ocr_line' id='line_1_55' title="bbox 81 4940 1699 5021; baseline -0.001 -20"><span class='ocrx_word' id='word_1_717' title='bbox 81 4949 102 5002; x_wconf 84' lang='lat' dir='ltr'>n</span> <span class='ocrx_word' id='word_1_718' title='bbox 115 4960 169 5019; x_wconf 88' lang='lat' dir='ltr'>per</span> <span class='ocrx_word' id='word_1_719' title='bbox 196 4945 470 5021; x_wconf 88' lang='lat' dir='ltr'>compunctionem,</span> <span class='ocrx_word' id='word_1_720' title='bbox 498 4961 567 5018; x_wconf 78' lang='lat' dir='ltr'>quea</span> <span class='ocrx_word' id='word_1_721' title='bbox 582 4943 676 5015; x_wconf 87' lang='lat' dir='ltr'>surgit</span> <span class='ocrx_word' id='word_1_722' title='bbox 688 4943 726 5000; x_wconf 90' lang='lat' dir='ltr'>de</span> <span class='ocrx_word' id='word_1_723' title='bbox 739 4940 815 4998; x_wconf 90' lang='lat' dir='ltr'>desi·</span> <span class='ocrx_word' id='word_1_724' title='bbox 868 4941 1018 5001; x_wconf 67' lang='lat' dir='ltr'>nntandoe</span> <span class='ocrx_word' id='word_1_725' title='bbox 1031 4941 1201 5000; x_wconf 89' lang='lat' dir='ltr'>necessaria</span> <span class='ocrx_word' id='word_1_726' title='bbox 1216 4946 1294 5012; x_wconf 88' lang='lat' dir='ltr'>sunt,</span> <span class='ocrx_word' id='word_1_727' title='bbox 1311 4946 1340 4999; x_wconf 92' lang='lat' dir='ltr'>et</span> <span class='ocrx_word' id='word_1_728' title='bbox 1357 4942 1453 5001; x_wconf 88' lang='lat' dir='ltr'>oderit</span> <span class='ocrx_word' id='word_1_729' title='bbox 1465 4943 1497 5000; x_wconf 91' lang='lat' dir='ltr'>in</span> <span class='ocrx_word' id='word_1_730' title='bbox 1510 4941 1546 5000; x_wconf 89' lang='lat' dir='ltr'>iis</span> <span class='ocrx_word' id='word_1_731' title='bbox 1562 4959 1631 5017; x_wconf 84' lang='lat' dir='ltr'>quoe</span> <span class='ocrx_word' id='word_1_732' title='bbox 1649 4942 1699 5000; x_wconf 75' lang='lat' dir='ltr'>de</span> 
     </span>
     <span class='ocr_line' id='line_1_56' title="bbox 81 5030 1698 5108; baseline -0.003 -17"><span class='ocrx_word' id='word_1_733' title='bbox 81 5037 271 5102; x_wconf 68' lang='lat' dir='ltr'>aeternorum,</span> <span class='ocrx_word' id='word_1_734' title='bbox 284 5039 478 5108; x_wconf 88' lang='lat' dir='ltr'>penetrantur</span> <span class='ocrx_word' id='word_1_735' title='bbox 495 5033 620 5091; x_wconf 79' lang='lat' dir='ltr'>secun.</span> <span class='ocrx_word' id='word_1_736' title='bbox 634 5032 685 5089; x_wconf 89' lang='lat' dir='ltr'>llla</span> <span class='ocrx_word' id='word_1_737' title='bbox 702 5030 814 5088; x_wconf 89' lang='lat' dir='ltr'>subtili·</span> <span class='ocrx_word' id='word_1_738' title='bbox 869 5030 977 5089; x_wconf 87' lang='lat' dir='ltr'>sideria</span> <span class='ocrx_word' id='word_1_739' title='bbox 988 5047 1081 5106; x_wconf 80' lang='lat' dir='ltr'>prava</span> <span class='ocrx_word' id='word_1_740' title='bbox 1095 5036 1269 5106; x_wconf 83' lang='lat' dir='ltr'>exposcunt.</span> <span class='ocrx_word' id='word_1_741' title='bbox 1282 5035 1411 5108; x_wconf 86' lang='lat' dir='ltr'>Tempus</span> <span class='ocrx_word' id='word_1_742' title='bbox 1421 5033 1522 5106; x_wconf 87' lang='lat' dir='ltr'>itaque</span> <span class='ocrx_word' id='word_1_743' title='bbox 1533 5030 1698 5089; x_wconf 91' lang='lat' dir='ltr'>dilectionis</span> 
     </span>
     <span class='ocr_line' id='line_1_57' title="bbox 81 5117 1699 5198; baseline -0.006 -16"><span class='ocrx_word' id='word_1_744' title='bbox 81 5124 267 5182; x_wconf 73' lang='lat' dir='ltr'>inscientiam</span> <span class='ocrx_word' id='word_1_745' title='bbox 291 5129 435 5198; x_wconf 89' lang='lat' dir='ltr'>penetrat,</span> <span class='ocrx_word' id='word_1_746' title='bbox 465 5123 608 5198; x_wconf 77' lang='lat' dir='ltr'>art-pellat</span> <span class='ocrx_word' id='word_1_747' title='bbox 633 5122 742 5191; x_wconf 79' lang='lat' dir='ltr'>nosia3</span> <span class='ocrx_word' id='word_1_748' title='bbox 758 5120 814 5179; x_wconf 88' lang='lat' dir='ltr'>ista</span> <span class='ocrx_word' id='word_1_749' title='bbox 869 5127 922 5191; x_wconf 85' lang='lat' dir='ltr'>est,</span> <span class='ocrx_word' id='word_1_750' title='bbox 937 5126 967 5180; x_wconf 87' lang='lat' dir='ltr'>et</span> <span class='ocrx_word' id='word_1_751' title='bbox 980 5125 1098 5198; x_wconf 85' lang='lat' dir='ltr'>tompus</span> <span class='ocrx_word' id='word_1_752' title='bbox 1111 5121 1181 5192; x_wconf 91' lang='lat' dir='ltr'>odii,</span> <span class='ocrx_word' id='word_1_753' title='bbox 1195 5121 1341 5196; x_wconf 90' lang='lat' dir='ltr'>quoniam</span> <span class='ocrx_word' id='word_1_754' title='bbox 1355 5125 1472 5196; x_wconf 85' lang='lat' dir='ltr'>oportet</span> <span class='ocrx_word' id='word_1_755' title='bbox 1485 5136 1550 5187; x_wconf 91' lang='lat' dir='ltr'>nos,</span> <span class='ocrx_word' id='word_1_756' title='bbox 1562 5117 1699 5191; x_wconf 89' lang='lat' dir='ltr'>quandiu</span> 
     </span>
     <span class='ocr_line' id='line_1_58' title="bbox 81 5209 1700 5285; baseline -0.005 -13"><span class='ocrx_word' id='word_1_757' title='bbox 81 5213 139 5272; x_wconf 82' lang='lat' dir='ltr'>ada</span> <span class='ocrx_word' id='word_1_758' title='bbox 159 5213 397 5273; x_wconf 88' lang='lat' dir='ltr'>consideratione</span> <span class='ocrx_word' id='word_1_759' title='bbox 426 5212 584 5270; x_wconf 87' lang='lat' dir='ltr'>invisibilia</span> <span class='ocrx_word' id='word_1_760' title='bbox 599 5215 756 5281; x_wconf 88' lang='lat' dir='ltr'>scrutatur,</span> <span class='ocrx_word' id='word_1_761' title='bbox 782 5213 816 5266; x_wconf 88' lang='lat' dir='ltr'>ut</span> <span class='ocrx_word' id='word_1_762' title='bbox 869 5213 926 5269; x_wconf 92' lang='lat' dir='ltr'>sub</span> <span class='ocrx_word' id='word_1_763' title='bbox 937 5213 1028 5285; x_wconf 75' lang='lat' dir='ltr'>huius</span> <span class='ocrx_word' id='word_1_764' title='bbox 1039 5212 1227 5272; x_wconf 85' lang='lat' dir='ltr'>mortalitatis</span> <span class='ocrx_word' id='word_1_765' title='bbox 1239 5213 1356 5270; x_wconf 86' lang='lat' dir='ltr'>delectu</span> <span class='ocrx_word' id='word_1_766' title='bbox 1374 5210 1512 5278; x_wconf 75' lang='lat' dir='ltr'>sivimus,</span> <span class='ocrx_word' id='word_1_767' title='bbox 1542 5211 1572 5263; x_wconf 88' lang='lat' dir='ltr'>et</span> <span class='ocrx_word' id='word_1_768' title='bbox 1584 5209 1700 5264; x_wconf 89' lang='lat' dir='ltr'>contra-</span> 
     </span>
     <span class='ocr_line' id='line_1_59' title="bbox 81 5298 1698 5376; baseline -0.007 -15"><span class='ocrx_word' id='word_1_769' title='bbox 81 5302 193 5361; x_wconf 90' lang='lat' dir='ltr'>hendat</span> <span class='ocrx_word' id='word_1_770' title='bbox 213 5309 322 5361; x_wconf 89' lang='lat' dir='ltr'>amata.</span> <span class='ocrx_word' id='word_1_771' title='bbox 346 5303 392 5360; x_wconf 88' lang='lat' dir='ltr'>Sic</span> <span class='ocrx_word' id='word_1_772' title='bbox 408 5307 568 5376; x_wconf 88' lang='lat' dir='ltr'>utrumque</span> <span class='ocrx_word' id='word_1_773' title='bbox 595 5301 772 5376; x_wconf 80' lang='lat' dir='ltr'>perforatur,</span> <span class='ocrx_word' id='word_1_774' title='bbox 788 5304 816 5357; x_wconf 89' lang='lat' dir='ltr'>et</span> <span class='ocrx_word' id='word_1_775' title='bbox 870 5301 1031 5361; x_wconf 78' lang='lat' dir='ltr'>dicionem</span> <span class='ocrx_word' id='word_1_776' title='bbox 1065 5301 1178 5376; x_wconf 86' lang='lat' dir='ltr'>peceati</span> <span class='ocrx_word' id='word_1_777' title='bbox 1214 5301 1246 5357; x_wconf 93' lang='lat' dir='ltr'>in</span> <span class='ocrx_word' id='word_1_778' title='bbox 1272 5315 1360 5358; x_wconf 87' lang='lat' dir='ltr'>carne</span> <span class='ocrx_word' id='word_1_779' title='bbox 1395 5301 1498 5356; x_wconf 92' lang='lat' dir='ltr'>nostra</span> <span class='ocrx_word' id='word_1_780' title='bbox 1531 5298 1698 5368; x_wconf 87' lang='lat' dir='ltr'>portamus,</span> 
     </span>
     <span class='ocr_line' id='line_1_60' title="bbox 81 5383 1701 5468; baseline -0.005 -18"><span class='ocrx_word' id='word_1_781' title='bbox 81 5408 147 5468; x_wconf 84' lang='lat' dir='ltr'>que</span> <span class='ocrx_word' id='word_1_782' title='bbox 165 5394 368 5465; x_wconf 88' lang='lat' dir='ltr'>transfigitur:</span> <span class='ocrx_word' id='word_1_783' title='bbox 385 5393 512 5450; x_wconf 88' lang='lat' dir='ltr'>alterum</span> <span class='ocrx_word' id='word_1_784' title='bbox 537 5391 649 5461; x_wconf 91' lang='lat' dir='ltr'>dolore,</span> <span class='ocrx_word' id='word_1_785' title='bbox 677 5406 738 5467; x_wconf 90' lang='lat' dir='ltr'>quo</span> <span class='ocrx_word' id='word_1_786' title='bbox 752 5406 815 5449; x_wconf 89' lang='lat' dir='ltr'>rea·</span> <span class='ocrx_word' id='word_1_787' title='bbox 869 5406 982 5464; x_wconf 89' lang='lat' dir='ltr'>magna</span> <span class='ocrx_word' id='word_1_788' title='bbox 1008 5390 1144 5449; x_wconf 87' lang='lat' dir='ltr'>adhibita</span> <span class='ocrx_word' id='word_1_789' title='bbox 1169 5388 1345 5456; x_wconf 61' lang='lat' dir='ltr'>&amp;arrabone</span> <span class='ocrx_word' id='word_1_790' title='bbox 1368 5398 1506 5461; x_wconf 86' lang='lat' dir='ltr'>pensare,</span> <span class='ocrx_word' id='word_1_791' title='bbox 1522 5383 1648 5460; x_wconf 91' lang='lat' dir='ltr'>quando</span> <span class='ocrx_word' id='word_1_792' title='bbox 1671 5388 1701 5445; x_wconf 90' lang='lat' dir='ltr'>et</span> 
     </span>
     <span class='ocr_line' id='line_1_61' title="bbox 81 5469 1701 5557; baseline -0.004 -17"><span class='ocrx_word' id='word_1_793' title='bbox 81 5482 184 5552; x_wconf 89' lang='lat' dir='ltr'>ruitur,</span> <span class='ocrx_word' id='word_1_794' title='bbox 199 5483 326 5542; x_wconf 88' lang='lat' dir='ltr'>alterum</span> <span class='ocrx_word' id='word_1_795' title='bbox 340 5483 497 5552; x_wconf 90' lang='lat' dir='ltr'>desiderio,</span> <span class='ocrx_word' id='word_1_796' title='bbox 522 5498 584 5557; x_wconf 91' lang='lat' dir='ltr'>quo</span> <span class='ocrx_word' id='word_1_797' title='bbox 599 5481 758 5557; x_wconf 89' lang='lat' dir='ltr'>concupita</span> <span class='ocrx_word' id='word_1_798' title='bbox 771 5498 816 5540; x_wconf 86' lang='lat' dir='ltr'>rc·</span> <span class='ocrx_word' id='word_1_799' title='bbox 870 5481 1054 5540; x_wconf 82' lang='lat' dir='ltr'>fatiscentem</span> <span class='ocrx_word' id='word_1_800' title='bbox 1077 5483 1216 5538; x_wconf 79' lang='lat' dir='ltr'>nanuum</span> <span class='ocrx_word' id='word_1_801' title='bbox 1242 5493 1296 5552; x_wconf 90' lang='lat' dir='ltr'>per</span> <span class='ocrx_word' id='word_1_802' title='bbox 1328 5469 1582 5552; x_wconf 38' lang='lat' dir='ltr'>compassionem*</span> <span class='ocrx_word' id='word_1_803' title='bbox 1600 5476 1701 5537; x_wconf 83' lang='lat' dir='ltr'>lovere</span> 
     </span>
     <span class='ocr_line' id='line_1_62' title="bbox 81 5563 1701 5646; baseline -0.004 -13"><span class='ocrx_word' id='word_1_804' title='bbox 81 5578 162 5634; x_wconf 89' lang='lat' dir='ltr'>ntur.</span> <span class='ocrx_word' id='word_1_805' title='bbox 182 5574 314 5633; x_wconf 72' lang='lat' dir='ltr'>Posthac</span> <span class='ocrx_word' id='word_1_806' title='bbox 334 5573 467 5632; x_wconf 86' lang='lat' dir='ltr'>succedit</span> <span class='ocrx_word' id='word_1_807' title='bbox 488 5572 573 5632; x_wconf 89' lang='lat' dir='ltr'>iilum</span> <span class='ocrx_word' id='word_1_808' title='bbox 587 5571 720 5634; x_wconf 88' lang='lat' dir='ltr'>amoris:</span> <span class='ocrx_word' id='word_1_809' title='bbox 753 5587 816 5646; x_wconf 88' lang='lat' dir='ltr'>quo</span> <span class='ocrx_word' id='word_1_810' title='bbox 870 5569 1045 5638; x_wconf 82' lang='lat' dir='ltr'>debeamus,</span> <span class='ocrx_word' id='word_1_811' title='bbox 1060 5583 1099 5629; x_wconf 90' lang='lat' dir='ltr'>ne</span> <span class='ocrx_word' id='word_1_812' title='bbox 1110 5565 1257 5637; x_wconf 88' lang='lat' dir='ltr'>concidat,</span> <span class='ocrx_word' id='word_1_813' title='bbox 1273 5571 1302 5625; x_wconf 87' lang='lat' dir='ltr'>et</span> <span class='ocrx_word' id='word_1_814' title='bbox 1311 5563 1436 5641; x_wconf 88' lang='lat' dir='ltr'>quando</span> <span class='ocrx_word' id='word_1_815' title='bbox 1445 5581 1568 5629; x_wconf 87' lang='lat' dir='ltr'>rursum</span> <span class='ocrx_word' id='word_1_816' title='bbox 1577 5582 1701 5641; x_wconf 83' lang='lat' dir='ltr'>surgan-</span> 
     </span>
    </p>

    <p class='ocr_par' dir='ltr' id='par_1_5' title="bbox 149 5661 1506 5723">
     <span class='ocr_line' id='line_1_63' title="bbox 188 5661 1506 5723; baseline -0.001 -5.057"><span class='ocrx_word' id='word_1_817' title='bbox 188 5665 309 5723; x_wconf 79' lang='lat' dir='ltr'>Parnon.</span> <span class='ocrx_word' id='word_1_818' title='bbox 320 5665 438 5723; x_wconf 80' lang='lat' dir='ltr'>CLXXV.</span> <span class='ocrx_word' id='word_1_819' title='bbox 1488 5661 1506 5716; x_wconf 83' lang='lat'><em>8</em></span> 
     </span>
    </p>
   </div>
   <div class='ocr_carea' id='block_1_3' title="bbox 0 0 1923 6044">
    <p class='ocr_par' dir='ltr' id='par_1_6' title="bbox 0 0 1923 6044">
     <span class='ocr_line' id='line_1_64' title="bbox 0 0 1923 6044; baseline 0 0"><span class='ocrx_word' id='word_1_820' title='bbox 0 0 1923 6044; x_wconf 95' lang='lat' dir='ltr'> </span> 
     </span>
    </p>
   </div>
  </div>
 </body>
</html>
