3832 6044
181 125 233 178 alu
516 116 667 172 HUGONlS
683 114 729 170 DE
745 114 773 168 S.
789 110 867 167 vlc'l
869 109 937 164 ORE
953 109 1028 166 OPP.
1043 109 1132 165 PARS
1146 111 1166 164 1.
1182 141 1216 148 -
1229 111 1421 169 Exnunrlca
1439 113 1555 168 unuln.
1843 104 1891 172 tii

179 243 411 319 predicatorum
421 238 474 313 qui
487 237 665 318 babitabant
680 252 783 292 coram
800 235 905 303 Eliseo,
920 235 951 290 id
969 240 1050 292 estu
1068 233 1178 291 scribae
1192 239 1220 292 et
1231 235 1371 293 Pharisaei
1381 240 1509 293 rectores
1520 239 1534 292 J
1538 236 1693 293 eduorum
1706 235 1893 295 consideran

181 333 295 391 Christo
303 329 460 387 velsancto
468 326 600 400 praelato,
614 325 716 382 inloco
726 325 831 382 Christi
839 325 1013 398 positossol-
1066 323 1256 398 tesuudique
1279 323 1382 398 plebes
1411 325 1450 382 ad
1475 325 1702 398 Redemptorem
1725 327 1894 397 convenire}

181 422 251 494 legit
262 423 363 478 autem
373 417 404 474 iu
417 415 509 473 ollam
524 413 760 488 aolocputhidas,
777 413 865 470 idest
881 418 1012 483 agrestes
1065 412 1153 485 quasi
1167 413 1390 487 blasphemiam
1403 414 1616 471 existimantes,
1628 415 1895 474 scindebantvesu

180 504 1012 581 coneurbitas,quilitteraelegisintentus,relpbiloseplris
1065 506 1176 569 menta,
1193 502 1269 560 sicut
1297 503 1328 559 in
1355 503 1514 574 Evangelio
1536 503 1675 577 princeps
1703 504 1895 564 sacerdotafi

180 599 342 666 studiosus,
353 593 638 653 velamaritudmem
650 591 768 663 delego,
784 596 812 649 et
826 592 1012 648 mortiferum
1065 590 1133 646 lecit
1148 592 1269 659 (Macra.
1286 596 1374 660 xxii).
1391 592 1493 649 Veniat
1507 593 1546 649 ad
1560 609 1619 661 me,
1634 597 1662 649 et
1676 592 1751 651 sciat
1770 594 1896 669 prophe

179 682 733 763 dephilosophissumensintermiseet
744 680 922 753 evangelicae
937 681 1012 737 veri·
1067 682 1096 735 ta
1110 695 1174 735 csse
1189 679 1220 736 iu
1234 680 1342 750 lsrael;
1358 685 1387 737 et
1399 680 1542 738 Dominus
1566 697 1639 754 quor
1657 685 1827 753 prescivit,
1848 683 1896 741 ltu

180 777 242 836 tati.
252 776 321 834 Etin
334 774 660 845 ollaeordisconquens
670 770 727 828 tale
745 771 944 844 pulmentum,
954 771 1012 827 lroc
1066 775 1093 825 ct
1108 770 1222 826 uocauit
1239 772 1334 838 (Rem.
1351 775 1420 837 rm).
1434 771 1559 827 Veniens
1574 771 1690 842 gentilis
1704 772 1839 846 populus
1858 768 1895 831 a

180 866 449 925 estdoeumentum
469 865 620 935 praeparat
640 860 827 917 auditoribus
851 861 922 916 suis.
939 859 1012 916 Dicit
1066 856 1193 914 demum
1217 857 1302 914 Elisei
1323 864 1468 928 sanctam,
1499 859 1608 917 seilicet
1640 861 1815 931 Ecclesiam,
1845 860 1895 936 pce

181 949 1011 1028 enimApostelus:Litteraeccictil(lICor·.r).Prudeutia
1065 946 1197 1015 nuntios,
1209 947 1239 1003 id
1251 951 1295 1004 est
1312 963 1366 1020 per
1380 948 1568 1019 evangelicos
1593 949 1806 1022 predicatores
1816 959 1895 1009 aecor

181 1044 292 1110 carues,
314 1058 394 1098 mors
413 1047 477 1112 est,·
493 1040 660 1111 prudentia
681 1040 815 1109 spiritus,
837 1040 898 1096 uita
914 1041 1009 1107 (Iloua
1065 1035 1108 1109 pit
1123 1041 1155 1093 ut
1169 1052 1200 1092 se
1222 1037 1253 1093 iu
1277 1039 1404 1095 iordane
1433 1039 1540 1112 septies
1560 1039 1682 1108 lavaret,
1709 1045 1834 1098 renatus
1860 1054 1895 1098 en

181 1137 252 1203 surr).
268 1135 328 1189 lloe
343 1131 468 1188 seientes
482 1129 586 1186 fideles
600 1133 727 1185 mortem
742 1128 773 1185 in
789 1128 848 1184 olla
869 1128 1009 1185 clamant.
1065 1141 1145 1198 aqua
1161 1130 1189 1182 et
1202 1125 1311 1199 Spiritu
1325 1132 1439 1184 sancto.
1454 1128 1590 1184 iordanis
1604 1128 1758 1201 baptisma
1785 1129 1895 1201 signifi*¹

183 1222 240 1282 Sed
252 1221 349 1280 farina
358 1220 391 1276 in
404 1219 463 1276 olla
476 1219 610 1288 mittitur,
623 1235 693 1275 cum
706 1217 829 1275 seientia
849 1218 1011 1291 spiritualis
1065 1220 1122 1284 cat,
1147 1215 1220 1288 quia
1245 1215 1275 1271 in
1301 1232 1336 1271 co
1365 1217 1497 1274 Salvator
1523 1217 1676 1290 baptisma
1701 1217 1893 1277 (consecravit³

181 1311 213 1368 in
237 1311 293 1368 lale
321 1309 547 1367 condimentum
580 1308 794 1376 intromittitur,
824 1312 856 1362 ut
890 1307 1011 1364 exclusa

180 1398 370 1458 multitudine
389 1396 597 1455 amaritudinis
620 1401 724 1470 pastus
738 1397 790 1453 fiat
818 1396 947 1453 saluber.

182 1528 249 1583 Cir.
265 1526 364 1581 lillVll.
380 1525 423 1581 De
437 1538 469 1580 eo
484 1524 538 1594 qui
549 1523 613 1579 uiro
627 1523 687 1579 Dei
696 1538 792 1593 panes
805 1522 1009 1592 primiliarruu

558 1614 637 1669 tulit.

224 1721 455 1795 Vir-quidamde
470 1721 644 1778 Baalsatisa
668 1722 758 1793 verrit,
788 1721 925 1791 deferens
947 1719 1011 1776 ciro

182 1813 239 1871 Dei
249 1827 342 1883 panes
356 1810 574 1881 primitiarum,
598 1815 624 1866 et
644 1811 752 1881 vipirrti
765 1825 860 1880 paries
889 1807 1013 1865 liordea-

183 1901 495 1975 ceos,etsrumeutum
519 1915 626 1956 aevum
654 1899 685 1954 io
707 1914 869 1970 perarua.
898 1897 1012 1953 Atilia

183 1991 261 2050 dicit
271 1991 470 2062 :Depoputa
486 1995 520 2044 ut
534 1989 667 2046 eerucdat
679 1989 815 2060 (lVllep.
831 1991 881 2057 rr).
898 1986 946 2042 Vir
958 1985 1012 2042 iste

183 2085 277 2139 coetus
292 2085 336 2138 est
349 2083 478 2136 Patrum.
496 2077 552 2145 Qui
566 2078 603 2134 de
618 2076 778 2134 baalsalisa
792 2081 845 2146 cst,
866 2075 937 2150 quia
958 2080 1013 2131 ter-

106 2160 114 2171 *
182 2169 301 2226 narium
314 2168 347 2224 in
364 2166 548 2224 consessione
573 2164 719 2223 Trinitatis
740 2169 846 2233 serrat,
876 2162 1013 2220 Baalsali·

184 2274 218 2315 sa
231 2257 312 2315 enim
327 2255 438 2314 habens
453 2256 573 2312 tertium
588 2254 805 2327 interpretatur.
822 2251 872 2309 llic
882 2251 927 2307 vir
948 2249 1012 2308 vire

182 2347 332 2422 Deipanes
347 2345 545 2419 primitiarum
561 2344 655 2413 offert,
671 2361 741 2400 cum
756 2340 904 2398 (Tenditori
918 2339 1011 2412 gratia

182 2437 248 2511 'ejus
260 2435 432 2511 inspiratus,
449 2433 536 2492 offert
549 2433 640 2490 libros
656 2432 839 2506 compositos
864 2431 901 2488 de
925 2429 1011 2500 origi-

182 2543 221 2584 ne
234 2529 415 2584 creaturum.
432 2523 522 2580 Offert
536 2523 720 2579 frumentum
735 2537 849 2577 uorum
875 2519 906 2575 in
928 2535 1009 2593 pera,

182 2633 253 2674 uum
266 2618 381 2672 Novum
394 2616 616 2670 Testamentum
630 2611 661 2668 iu
676 2609 826 2680 Evangelii
841 2614 869 2665 et
894 2612 1012 2682 aposto·

182 2703 281 2764 lorum
296 2700 627 2774 seriptisproiert.tubet
636 2699 747 2755 Eliseus
756 2696 1008 2766 uesterministro,

182 2792 214 2849 id
227 2796 271 2848 est
283 2788 538 2865 praedicatoribus,
548 2792 581 2845 ut
596 2788 654 2845 hoc
680 2787 821 2843 fidelibus
847 2786 1008 2860 dispenset,

182 2882 212 2937 et
222 2878 260 2935 de
280 2879 419 2935 thesauro
439 2876 570 2951 proferat
591 2893 671 2933 nera
695 2880 723 2933 et
744 2882 852 2933 vetera.
877 2878 934 2947 Ila,
959 2875 1008 2944 ait,

178 2969 350 3040 populant
366 2967 501 3024 eoruedat
515 2966 613 3040 (dean.
630 2969 679 3035 rr).
696 2968 762 3022 llree
779 2965 858 3022 enim
872 2965 943 3022 dicit
956 2968 1010 3021 Do·
1026 2952 1046 3008 C

181 3057 283 3115 minus
298 3075 304 3114 ε
322 3056 492 3128 Comedeut,
508 3060 535 3111 et
547 3055 694 3124 supererat
706 3053 825 3126 (Malta.
842 3054 910 3127 rur).
923 3054 1010 3120 Quod

181 3144 358 3219 mysterium
372 3143 500 3215 legimus
513 3143 544 3199 in
559 3142 701 3200 fractione
711 3141 846 3215 quinque
856 3147 885 3198 et
895 3146 1008 3215 septem

179 3250 306 3310 panum,
322 3234 375 3292 ubi
389 3233 501 3291 satiatis
515 3232 609 3289 turbis
638 3231 820 3302 collegerunt
848 3231 1008 3288 duodecim

1065 1305 1199 1359 Naaman
1213 1302 1395 1361 lavationem
1410 1305 1572 1377 [lotionem]
1585 1305 1778 1364 Jordanlcum
1802 1306 1894 1381 despi-

1065 1392 1156 1460 ciens,
1173 1392 1392 1466 simplieitatem
1407 1394 1554 1464 signifieat
1572 1395 1704 1466 rudium,
1733 1396 1788 1470 qui
1815 1396 1893 1471 spur

1065 1481 1176 1538 tualem
1189 1497 1249 1537 non
1263 1488 1425 1555 potuerunt
1438 1484 1599 1556 intelligere
1621 1484 1799 1556 efficaciam,
1826 1486 1893 1561 qma

1026 1597 1046 1651 B
1065 1572 1206 1628 arrimatis
1217 1571 1303 1628 torno
1319 1589 1379 1629 uou
1390 1575 1518 1644 percipit
1531 1589 1577 1646 ea,
1590 1590 1656 1647 qua
1675 1582 1747 1633 sunt
1773 1577 1893 1648 spiram

1064 1661 1120 1716 Dei
1134 1661 1162 1732 (I
1171 1661 1239 1716 Cer.
1251 1665 1292 1729 u).
1311 1662 1392 1719 Servi
1403 1662 1519 1718 meliori
1531 1663 1655 1720 consilio
1665 1663 1704 1720 ad
1719 1664 1892 1722 mundaum

1066 1749 1276 1822 propheticmu
1299 1755 1522 1823 persuaserunt,
1544 1749 1616 1825 quia
1640 1768 1720 1827 saepe
1753 1752 1893 1811 nomina

1066 1837 1174 1894 minori
1187 1838 1299 1895 revelat
1313 1840 1396 1912 quod
1407 1840 1514 1897 urelius
1529 1845 1582 1909 est,
1598 1844 1740 1913 quereiam
1752 1843 1893 1901 uernum

1066 1933 1205 1997 acceptor
1211 1943 1412 1997 personarum
1424 1946 1484 1986 ueu
1499 1937 1540 1986 est
1552 1931 1630 2002 (Aet.
1645 1934 1685 2000 x),
1703 1934 1766 1989 tota
1790 1931 1893 2006 scplloe

1065 2016 1200 2073 restituta
1215 2033 1284 2073 earo
1300 2023 1344 2074 est
1358 2019 1422 2090 ujus
1438 2019 1513 2076 sicut
1525 2019 1617 2094 priuS,
1633 2019 1706 2094 quia
1733 2020 1894 2079 mundat!

1066 2104 1096 2161 iu
1112 2105 1291 2178 baptismale
1320 2124 1373 2180 per
1399 2107 1619 2166 invocationem
1643 2115 1754 2167 sanctae
1779 2110 1893 2168 Trinitu

1068 2192 1113 2260 tis,
1129 2193 1177 2250 vul
1191 2194 1314 2268 Spiritus
1330 2195 1520 2269 septiformis
1534 2196 1663 2271 quisque
1677 2197 1718 2254 ad
1731 2197 1896 2256 innocuus

1066 2282 1134 2338 vitae
1161 2282 1318 2341 iuluutiam
1352 2284 1504 2357 redigitur.
1534 2285 1609 2352 Quia
1648 2286 1679 2343 in
1716 2286 1897 2361 baptisma&

1067 2371 1280 2429 abrenuntiare
1309 2375 1435 2442 satanae,
1465 2391 1501 2431 ac
1524 2374 1616 2431 fidem
1641 2375 1745 2432 Christi
1765 2375 1898 2434 cantitari

1067 2461 1379 2535 p1·aecipimm·.Negat
1404 2467 1538 2520 Naaman
1565 2481 1595 2520 se
1622 2464 1700 2522 ultra
1725 2464 1784 2521 diis
1811 2464 1899 2523 saorlr‘

1065 2550 1437 2625 ficalu1·um,promittitse
1464 2557 1524 2610 lleo
1552 2553 1606 2610 soli
1629 2570 1683 2628 per
1708 2555 1814 2612 omnia
1841 2567 1902 2613 sust

1066 2640 1207 2698 siturum.
1224 2644 1341 2698 Partem
1354 2647 1437 2700 terrae
1454 2648 1564 2700 sanctae
1580 2643 1654 2713 tulit,
1669 2643 1741 2718 quia
1765 2644 1902 2719 baptiza-²

1066 2733 1234 2802 tosoportct
1247 2731 1393 2788 Dominici
1407 2732 1540 2806 corporis
1552 2732 1778 2806 participatione
1792 2733 1902 2792 confit*

1065 2834 1151 2875 marr.
1735 2875 1741 2880 .
1890 2832 1896 2867 ι’

1119 2910 1185 2964 Cur.
1201 2911 1343 2968 illiba
1357 2913 1440 2981 lepra
1455 2913 1606 2980 Naaman,
1628 2928 1694 2985 qua
1717 2913 1845 2971 adlusit
1885 2912 1901 2957 ···¹

1431 3002 1522 3058 Giezi.

1099 3088 1224 3146 Secutus
1240 3096 1282 3146 est
1291 3090 1375 3148 Giezi
1383 3096 1452 3161 post
1467 3097 1583 3163 terarum
1595 3092 1746 3150 Naaman.
1757 3093 1819 3162 Qui
1828 3108 1905 3150 ουκ·

1064 3177 1183 3236 uidisset
1193 3181 1281 3237 illum
1296 3187 1466 3238 currentem
1478 3182 1520 3238 aa
1533 3197 1573 3254 se,
1586 3183 1718 3240 desilivit
1734 3184 1766 3240 iu
1794 3169 1905 3241 eccaerii

84 3328 90 3344 '
180 3326 326 3401 cophinos
353 3324 412 3381 sive
426 3327 539 3397 septem
551 3328 666 3396 sportas
678 3323 914 3393 fragmentorum
937 3321 1008 3395 quia
1063 3283 1128 3324 sum
1144 3271 1209 3338 ejus
1223 3270 1259 3327 de
1275 3286 1378 3339 ΜΨ
1391 3273 1494 3328 aaa*
1508 3273 1712 3329 mmmm
1722 3275 1849 3332 07'1'250?
1857 3266 1904 3331 3³¹⁴

329 3368 336 3394 ’
389 3356 391 3362 ’
454 3367 456 3371 ’
917 3364 924 3391 r

1063 3358 1283 3416 ittesDaruiuus
1291 3362 1459 3417 rnercsmirit
1466 3361 1628 3430 eradicans
1636 3361 1741 3420 :Made
1749 3371 1895 3422 renuunt

178 3414 279 3470 nunus
294 3416 481 3470 smmum
496 3410 652 3484 ⁸⁰&meoe
667 3426 720 3483 P⁰¹²
739 3409 841 3466 munia
855 3409 896 3465 ⁸1⁰
917 3409 1006 3510 ΟΨ
1063 3448 1158 3504 odrae
1170 3448 1436 3507 diceudoleseeales
1446 3450 1590 3509 deuroute
1608 3451 1755 3522 Ephraim
1774 3453 1813 3510 de
1822 3454 1894 3523 fitia

178 3501 322 3576 qumiPSi
336 3502 440 3559 satim
456 3500 592 3574 SUP⁰r⁵it’
616 3501 701 3572 jma
729 3498 855 3555 *mmm
879 3499 1005 3555 mmm·
1060 3535 1672 3609 prophetarum·daeistateutumarpeati,
1696 3545 1904 3599 etcertum-'³

210 3611 278 3666 Car.
293 3611 405 3666 Xllvlll.
421 3609 466 3664 De
480 3609 600 3677 captiua
613 3607 727 3677 puella,
746 3612 773 3662 et
786 3606 822 3663 dc
835 3608 974 3664 libamen
1063 3625 1713 3701 5020,·,·a3d„ppoesppp39„‹),1110mm‚qui
1728 3626 1903 3702 spirituum:

547 3696 634 3767 Syro.
1061 3711 1257 3781 dona‚sacr0s
1267 3715 1504 3773 seilicetordines
1513 3717 1629 3774 elbona
1644 3716 1781 3773 Ecclesiae
1789 3720 1903 3775 emunt·

212 3804 482 3880 DeSpriaepressi
501 3808 570 3859 suut
600 3803 778 3873 latrunculi,
803 3807 831 3859 et
857 3803 1006 3873 captivam
1059 3800 1107 3856 rel
1137 3803 1278 3872 venduut,
1305 3804 1366 3868 duo
1393 3805 1582 3878 reperiuntur
1607 3809 1754 3874 auctores,
1766 3822 1847 3863 unus
1860 3806 1903 3899 in}

177 3893 332 3952 duxeruut
351 3894 387 3951 dc
408 3897 491 3950 terra
514 3892 611 3948 lsrael
625 3891 774 3964 percitam,
797 3907 862 3962 qua>
885 3897 949 3948 erat
974 3893 1006 3948 iu
1059 3892 1155 3949 Veteri
1164 3897 1362 3965 Testamenta,
1379 3901 1407 3952 et
1419 3913 1498 3952 unus
1512 3896 1543 3953 in
1569 3899 1661 3954 Novo.
1687 3896 1764 3954 Giezi
1792 3897 1899 3972 itaquo

177 3984 313 4055 obsequie
328 3984 432 4039 uaeris
448 3983 589 4063 Naaman
619 3983 648 4051 (Ι
653 3981 755 4052 Vllep.
769 3984 806 4049 r).
837 3980 1005 4038 latrunculi
1059 3978 1090 4036 in
1103 3982 1197 4039 Veteri
1207 3986 1394 4042 Testamenta
1405 3990 1509 4043 auctor
1519 3985 1665 4060 probatur
1677 4002 1742 4043 csse
1758 3977 1897 4044 vendent

176 4069 214 4129 de
230 4070 315 4145 Syria
328 4071 423 4145 (quod
438 4075 482 4128 cst
500 4070 678 4139 sublimitas)
696 4069 806 4141 egressi
829 4074 908 4137 sunt,
936 4087 1005 4127 eum
1059 4068 1145 4140 tium,
1160 4077 1189 4128 et
1200 4072 1302 4129 Simon
1313 4077 1415 4145 llagus
1427 4075 1458 4131 in
1479 4079 1561 4132 Novo
1581 4078 1770 4133 Testamenta
1787 4075 1898 4148 dignm

146 4219 149 4224 ,
176 4159 336 4235 cupiditate
351 4165 380 4217 et
393 4159 515 4217 diversis
529 4160 654 4232 negotiis
668 4159 802 4233 impliciti
816 4159 938 4230 gentiles
952 4176 1005 4233 per
1059 4159 1149 4217 scitur
1161 4178 1225 4218 esse
1239 4168 1342 4220 auctor
1352 4165 1526 4234 ementium,
1542 4181 1673 4238 quorum
1688 4181 1834 4240 sequaces
1849 4164 1899 4224 ab

176 4254 270 4309 totam
283 4254 392 4309 terram
406 4250 605 4322 vagabantur.
621 4250 653 4306 lli
667 4250 705 4306 de
721 4253 799 4307 terra
812 4249 901 4306 lsrael
913 4249 1004 4323 capti·
1059 4250 1188 4308 Ecclesia
1198 4257 1384 4325 separantur,
1396 4253 1513 4310 aeternis
1523 4253 1643 4325 ignibus
1652 4254 1818 4314 cruciandi.
1873 4244 1900 4294 '²¹‘

174 4357 244 4400 vam
257 4341 417 4411 duxerunt,
430 4356 498 4415 quse
513 4340 550 4397 de
560 4340 707 4414 propheta
728 4338 902 4407 testabatur,
931 4339 1004 4413 quia
1124 4343 1191 4398 Cir.
1207 4343 1281 4398 lillli.
1297 4343 1341 4398 De
1353 4342 1514 4411 cosmiana,
1530 4343 1650 4414 etfama
1663 4343 1822 4404 surnaria.
1872 4354 1898 4428 rs*

175 4429 259 4490 fama
286 4430 323 4488 de
352 4430 441 4488 lsrael
465 4447 518 4503 per
545 4429 744 4500 negotiatores
770 4426 903 4499 gentium
925 4432 1004 4484 tran-
1094 4429 1295 4501 Conprcpauit
1330 4430 1479 4488 Beuadad
1519 4446 1575 4488 rea
1593 4430 1693 4503 Syria
1716 4434 1901 4492 uniuersuw

175 4520 261 4589 slata,
277 4520 308 4576 in
336 4524 397 4576 toto
424 4518 496 4576 orbe
525 4518 686 4575 curiositati
713 4516 872 4573 homiuum
896 4520 1002 4591 (quam
1057 4521 1220 4576 exercitum
1246 4536 1343 4592 siriam,
1361 4527 1389 4577 et
1416 4522 1561 4590 ascendit,
1588 4528 1615 4578 et
1651 4522 1805 4580 obtinebat
1834 4523 1900 4581 Sir-'¹

174 4626 251 4667 uxor
275 4612 409 4665 Naaman
439 4607 595 4677 siguificat)
624 4623 730 4663 verum
754 4607 942 4678 proplietam,
975 4612 1003 4663 et
1057 4610 1584 4682 arteriacaFactaestfaruesruapua
1610 4613 1641 4668 iu
1665 4612 1812 4671 Samaria
1834 4610 1899 4682 uu

176 4697 359 4754 salvatorem
373 4695 403 4752 in
430 4695 533 4753 Judoea
547 4712 669 4753 manere
695 4695 843 4769 patefacit.
871 4695 1001 4752 Audiens
1056 4700 1127 4769 Rea.
1144 4702 1192 4768 u).
1208 4698 1350 4755 benadad
1377 4703 1406 4756 et
1431 4700 1588 4769 exereitus,
1613 4706 1657 4758 est
1682 4700 1833 4772 diabolus,
1858 4689 1900 4760 ei*

174 4785 232 4842 hoc
246 4788 391 4852 Naaman,
406 4784 530 4843 domino
549 4802 604 4842 suo
630 4784 785 4851 nuntiavit,
812 4801 881 4840 eum
906 4784 940 4840 iis
962 4785 1002 4841 ad
1056 4784 1150 4859 iniqui
1165 4786 1294 4858 spiritus,
1310 4787 1431 4858 Paguui,
1453 4787 1557 4857 ludaei,
1582 4788 1721 4859 baeretici,
1737 4789 1792 4864 qui
1818 4778 1901 4849 senil

174 4889 252 4948 quos
263 4873 367 4931 notitia
380 4873 464 4931 verbi
476 4875 629 4948 pervenit3
643 4873 698 4941 bis,
715 4872 767 4946 qui
782 4878 915 4945 praesunt
934 4873 1000 4942 sibi,
1057 4878 1101 4932 tra
1116 4875 1277 4932 Ecclesiam
1291 4875 1405 4932 bellum
1416 4891 1518 4947 gerere
1530 4877 1668 4945 excitant,
1683 4882 1712 4936 et
1734 4895 1791 4953 per
1814 4879 1901 4938 talev-

174 4966 339 5036 suggerunt
348 4963 476 5021 scientia
488 4962 649 5037 spiritualis
670 4962 920 5033 magnitudinem.
943 4961 1002 5020 llit·
1056 4962 1196 5035 affligitur
1209 4963 1340 5039 populus
1353 4965 1413 5032 llei,
1429 4966 1482 5039 qui
1495 4966 1579 5023 estin
1597 4966 1733 5024 Samaria
1760 4968 1900 5042 positura*⁵

172 5051 207 5112 tit
219 5053 373 5127 rchyriee
385 5053 496 5111 litteras
526 5052 565 5109 ad
592 5067 694 5122 regem
719 5052 809 5108 lsrael
831 5067 887 5125 pro
906 5050 1000 5107 salute
1055 5052 1086 5110 id
1100 5054 1187 5112 estin
1199 5054 1309 5111 divinia
1327 5055 1401 5127 legis
1414 5055 1559 5114 custodia.
1574 5057 1676 5131 litque
1691 5056 1797 5128 tames,
1818 5063 1901 5116 cumi

172 5142 257 5210 servi,
274 5159 343 5199 eum
358 5141 504 5215 primatus
525 5140 659 5212 gentium
687 5140 813 5197 audieus
839 5139 1000 5196 nominum
1055 5159 1118 5200 non
1143 5143 1321 5218 permittitur
1351 5144 1523 5200 doctoribus
1559 5145 1723 5218 predicare
1758 5140 1900 5206 raboni

172 5231 391 5300 esseinlsrael‚
406 5230 532 5288 salutem
560 5247 684 5287 suorum
713 5229 893 5303 previdens,
921 5228 1000 5298 lega·
1056 5232 1116 5289 llei.
1134 5231 1201 5301 Sed,
1214 5232 1478 5303 Eliseorevelaute,
1495 5233 1526 5290 id
1548 5239 1593 5291 est
1611 5234 1812 5310 Redemptore
1833 5251 1886 5311 per

77 5392 80 5397 .
171 5321 282 5377 tionem
297 5320 386 5377 mittit
408 5320 593 5389 iuludream,
617 5318 923 5393 utperapostolicam
948 5317 1000 5372 do·
1056 5319 1252 5389 Esaugelium
1261 5320 1421 5392 indicantia
1436 5324 1529 5394 satius,
1545 5339 1613 5394 quoe
1636 5340 1655 5381 a
1676 5317 1901 5394 percucurrerat

170 5409 297 5464 utrinam
313 5407 724 5483 salvatorisllllemacoipiat.
743 5407 824 5463 Unde
849 5406 1000 5463 Cornelius
1058 5411 1194 5479 loupeest
1219 5412 1312 5477 (Psoi.
1343 5416 1449 5480 (tarra),
1479 5412 1650 5469 timentibus
1674 5415 1772 5471 Deum
1791 5424 1902 5490 μηριρΙ

171 5495 209 5550 de
222 5500 355 5556 Caesarea
367 5501 398 5556 in
411 5502 526 5573 ioppen
536 5501 576 5557 ad
589 5503 707 5556 Petrum
722 5497 811 5555 misit.
823 5499 887 5554 Iter
904 5497 1000 5554 Israel
1055 5512 1119 5552 esso
1134 5496 1233 5552 scitur.
1250 5497 1324 5552 llicit
1336 5497 1416 5553 eninr
1431 5499 1594 5556 Dominus:
1612 5500 1687 5556 Cras
1708 5501 1830 5561 medius
1848 5503 1902 5560 sid

170 5586 258 5644 ecidit
285 5591 457 5647 uestimenta
481 5606 537 5647 sica
563 5589 641 5658 (Act.
663 5594 703 5658 x),
732 5588 804 5663 quia
829 5584 998 5646 sacerdotes
1056 5588 1401 5657 ruitauuostatereerit,
1416 5589 1514 5646 etdua
1527 5589 1619 5648 modii
1646 5589 1753 5648 hordei
1775 5596 1903 5654 scama
