3832 6044
66 111 135 164 {017
345 146 353 155 .
427 111 603 169 Elll'OSll'lO
623 113 658 169 ut
679 114 862 170 uluuauclt.
884 113 1032 171 COELEST
1052 116 1080 172 S.
1101 115 1264 173 prouisa.
1285 147 1319 156 -
1339 117 1403 173 lla.
1424 117 1456 172 V.
1708 122 1776 176 lore

64 233 202 289 videmus
216 249 270 306 per
292 234 414 304 angelos
430 235 486 291 sub
506 236 636 307 paternis
655 235 926 307 legislationibusd
946 238 1008 294 sinc
1034 238 1219 296 dubitatione
1249 244 1391 313 patescat,
1425 243 1573 314 quantum
1605 241 1776 300 humanitas

64 321 245 376 ordinatum.
260 345 273 371 »
285 325 385 395 ipsum
401 323 537 380 videmus
551 324 723 380 oulinatum
739 341 793 398 por
806 341 895 395 ange·
949 328 1114 384 seeundum
1130 328 1262 385 divinam
1278 330 1495 386 ordinationem
1505 329 1646 399 angelice
1659 330 1777 404 dispen-

63 405 118 475 loS,
135 407 191 463 hoc
206 413 259 475 est,
275 409 464 483 dispositum,
486 434 499 460 κ
517 412 573 467 sub
588 413 719 485 paternis
736 412 895 482 legislatio·
950 417 1053 473 sationi
1069 417 1203 488 subjecta
1217 418 1253 474 sit
1263 435 1330 492 quie
1342 419 1503 475 inhomine
1515 419 1552 476 de
1566 424 1700 492 tempore
1710 436 1777 493 pas-

63 494 163 561 nihus,
178 520 191 546 »
203 497 233 553 id
246 504 289 554 est
304 499 360 554 sub
384 500 535 556 mandatis
550 500 707 569 legalibus,
731 519 799 575 quie
812 519 896 558 man·
950 506 1040 561 sionis
1051 506 1089 561 ab
1100 507 1207 576 angelo
1222 507 1381 565 confortari
1391 507 1485 565 voluit
1497 526 1503 577 ;
1515 525 1576 564 non
1589 512 1690 565 tamen
1697 525 1778 583 qute-

63 584 135 641 data
149 584 178 653 ii,
204 602 281 658 quos
297 588 465 643 seeundum
486 604 607 644 carnem
627 595 725 662 patres
749 591 855 647 babuit
868 595 896 647 et
949 612 1017 651 rens
1039 595 1194 663 auxilium,
1215 596 1267 652 sed
1282 597 1416 653 formans
1430 597 1620 671 exemplum;
1641 613 1703 654 non
1726 599 1778 654 ha·

63 676 894 752 antecessores,aceeperantobservandasubirisitaque
949 686 1023 741 lions
1038 686 1254 758 nenessitatem,
1270 691 1298 743 nt
1319 692 1419 744 inme-n
1442 691 1612 743 monstrans
1636 686 1778 743 conditio-

64 763 214 820 mandatis
240 764 386 835 legalibus
405 766 591 823 ortlinattbus
616 773 659 824 esi
683 785 736 842 pel*
759 770 892 840 angelos,
948 791 1029 831 nem,
1045 778 1201 847 Propterea
1216 791 1287 845 ergo
1315 798 1327 824 a
1344 775 1421 831 insto
1438 799 1450 824 a
1475 774 1528 830 tibi
1549 775 1681 843 «dicere,
1697 775 1777 830 etde

64 851 187 920 quando
203 852 369 908 seeundum
388 852 461 922 legis
476 859 607 927 paternae
630 862 778 930 praecepta
800 857 895 913 etcir·
949 863 1056 933 nngelo
1071 863 1170 935 ipsum
1185 867 1285 918 lesum
1300 864 1520 919 confortante.»
1540 867 1598 919 nul
1618 863 1707 920 etiam
1719 864 1776 921 hoc
1820 932 1824 942 ἱ

64 940 215 996 eumcisus
230 946 274 997 est
292 941 339 996 die
355 948 471 1007 octava,
496 949 525 1000 et
547 945 781 1017 quadragesima
801 946 848 1001 die
863 946 893 1002 in
949 976 963 1002 u
979 953 1057 1008 insto
1074 975 1086 1001 u
1100 951 1152 1007 tibi
1167 974 1181 1001 «
1191 951 1299 1017 dicare,
1314 951 1397 1024 qnod
1411 952 1474 1023 ipse
1485 954 1568 1007 lesus
1580 964 1633 1023 per
1643 956 1777 1007 nostram

66 1027 177 1100 ttfflPtO
201 1046 270 1085 cum
292 1030 479 1098 miltiibus,
505 1036 534 1088 tt
557 1033 661 1089 hostiis
684 1039 892 1107 Ρΐῑθὲθΰῒῢῑὶῑὸ,
949 1042 1109 1099 salutarem
1124 1040 1301 1108 beneficam,
1323 1045 1352 1096 et
1369 1039 1634 1097 manifestatoriam
1656 1039 1777 1095 veniens

63 1116 163 1186 legem
176 1135 229 1190 per
243 1118 365 1190 angelos
380 1120 483 1176 elatam
501 1122 665 1177 observans
686 1122 829 1179 Dominus
843 1140 894 1179 an·
949 1130 1317 1202 ordinationemangelus
1332 1131 1434 1201 magni
1449 1129 1563 1186 consilii
1573 1127 1750 1201 appellatur.
1761 1151 1776 1199 a

65 1207 212 1275 gthI'Uffl·
949 1223 1008 1276 Hoc
1019 1224 1063 1275 est
1076 1218 1159 1292 quod
1172 1219 1235 1294 ipse
1245 1222 1329 1276 lesus
1341 1219 1508 1292 appellatur
1523 1241 1537 1268 α
1549 1217 1653 1288 magni
1663 1214 1776 1273 consilii

103 1296 255 1370 Sequitur:
284 1302 363 1354 lusto
378 1298 460 1355 enim
484 1301 592 1368 (licere,
610 1304 641 1356 ut
660 1301 762 1357 scienti
785 1301 894 1357 nostris
948 1309 1083 1379 nngnlns,
1098 1309 1229 1376 veniens,
1243 1331 1257 1358 n
1271 1310 1329 1365 hoe
1350 1312 1402 1379 est,
1426 1309 1456 1364 in
1477 1325 1511 1364 eo
1534 1306 1618 1380 quod
1637 1304 1716 1363 venit
1738 1305 1777 1362 ad

64 1386 299 1442 sacerdotalibus
314 1387 521 1444 traditionibus
536 1394 719 1463 expressaet
733 1391 770 1447 de
786 1391 894 1461 angelo
948 1416 1013 1467 nnn,
1031 1414 1083 1472 pen
1097 1403 1231 1455 nostram
1253 1399 1481 1466 ordinationem,
1497 1397 1587 1453 idest
1610 1394 1776 1452 secundum

64 1473 165 1545 ipsum
192 1477 292 1530 lesum
316 1476 510 1533 confortante.
541 1499 554 1526 »ι
574 1481 681 1534 Parum
706 1483 758 1546 est,
785 1479 891 1551 inquit,
947 1486 1030 1559 qnod
1041 1486 1240 1554 ordinaverat,
1253 1487 1477 1544 velordinalum
1488 1482 1696 1542 oratvenirein
1707 1499 1777 1539 nos-

62 1564 146 1636 qnod
161 1564 324 1637 dico,quod
335 1565 458 1623 lesusin
468 1567 653 1625 humanitate
663 1569 702 1625 ab
714 1568 893 1640 angelissub
909 1594 928 1647 Β
949 1577 992 1629 tra
1007 1579 1114 1631 natura
1129 1592 1136 1630 τ
1153 1591 1220 1647 quie
1231 1576 1378 1632 ordinatio
1394 1575 1531 1631 salutaris
1550 1576 1622 1640 crat,
1636 1577 1665 1628 ct
1687 1571 1777 1628 bene·

64 1654 195 1727 paternis
210 1654 325 1724 legibus
345 1656 500 1713 ordinatus
515 1663 576 1714 cst:
602 1659 699 1731 quiin
719 1659 825 1715 eadem
840 1660 893 1715 hu·
946 1664 1013 1730 fica,
1030 1666 1058 1719 et
1070 1662 1312 1721 manifestatoria.
1339 1663 1480 1721 Salutaris
1505 1664 1535 1719 in
1559 1659 1774 1734 redemptione,

63 1743 206 1800 munitate
232 1744 271 1799 ab
294 1744 401 1815 angelo
420 1746 553 1818 passioni
576 1748 784 1821 propinquans
803 1749 892 1804 etiam
946 1749 1081 1805 benefica
1096 1750 1127 1806 ia
1142 1751 1242 1821 gratiae
1257 1752 1421 1822 largitione,
1431 1749 1664 1808 manifestatoria
1673 1750 1704 1805 in
1715 1748 1777 1819 glo

63 1837 108 1888 est
136 1831 329 1889 confortatus.
364 1839 442 1890 lusto
470 1836 577 1902 dicere,
606 1838 689 1909 quod
717 1837 840 1894 fortasse
868 1838 892 1893 si
946 1838 1119 1894 ritieatione.
1137 1838 1287 1902 Salutaris.
1304 1840 1374 1913 quia
1390 1856 1407 1896 a
1421 1845 1515 1896 morte
1533 1838 1672 1906 redemit3
1687 1837 1775 1893 bene-

63 1921 147 1994 prius
173 1921 286 1978 dictum
305 1938 365 1979 non
395 1928 482 1992 esset,
508 1924 647 1980 credibile
676 1927 800 1982 omnino
830 1944 890 1984 non
946 1927 1012 1995 fica,
1029 1927 1100 1999 quia
1114 1927 1275 2000 redemptis
1290 1927 1330 1983 ad
1350 1927 1591 1998 justificationem
1616 1925 1696 1981 dona
1711 1940 1776 1995 gra-

63 2015 150 2067 esset.
180 2015 258 2067 tusto
283 2012 381 2068 dicere
410 2018 438 2069 ct
460 2014 498 2069 de
536 2013 643 2084 angelo
665 2014 765 2087 ipsum
791 2020 891 2074 lesum
945 2014 1054 2070 tiarum
1069 2013 1191 2071 contulit
1207 2033 1214 2083 3
1230 2014 1473 2081 manifestatoria,
1487 2013 1559 2086 quia
1573 2010 1776 2099 primumjus-

63 2099 259 2156 confortante.
285 2105 362 2157 insto
380 2101 488 2169 dicere,
510 2103 593 2176 quod
608 2108 652 2159 est
676 2107 737 2176 ipse
753 2121 809 2175 ego
829 2106 891 2162 siue
945 2102 1094 2159 iitieandis
1108 2106 1202 2160 Deum
1217 2103 1247 2159 in
1257 2102 1442 2160 humanitate
1451 2101 1600 2158 visibiliter
1609 2098 1775 2155 videndum

63 2187 260 2244 admiratione
289 2189 420 2261 proferro
448 2206 509 2246 non
533 2207 670 2263 possunt,
695 2193 778 2265 qarod
802 2195 891 2252 credo
945 2192 1110 2265 proposuit,
1126 2197 1270 2265 etpostea
1280 2193 1456 2264 justificatos
1477 2207 1530 2265 per
1550 2189 1696 2245 visionem
1721 2187 1776 2242 hu·

64 2282 152 2351 ecrtc,
168 2283 196 2334 et
211 2278 333 2335 studeo:
348 2279 431 2353 quod
447 2280 470 2335 si
483 2279 617 2336 inscienti
636 2279 768 2338 dicturus
784 2299 890 2354 essem,
946 2280 1096 2337 latinitatis
1107 2280 1145 2337 ad
1160 2280 1443 2353 contemplationem
1457 2277 1618 2335 divinitatis
1628 2275 1773 2350 perducit.

63 2366 161 2422 (licere
189 2367 313 2424 omnino
336 2384 398 2424 non
426 2385 649 2442 pr‘srsumerem.
680 2375 758 2427 insto
783 2372 891 2445 dicere,
948 2369 1118 2426 Secundum
1133 2370 1211 2426 hanc
1224 2385 1295 2439 ergo
1306 2391 1319 2419 «
1336 2367 1602 2425 manifestatoriam
1614 2364 1775 2452 ordinatio-

63 2454 221 2531 quodiam
241 2472 388 2527 magnum
403 2461 456 2524 cst,
481 2462 546 2513 uta
570 2459 670 2530 parvis
691 2459 750 2515 tide
771 2460 892 2518 scientia
946 2475 1016 2515 nem
1031 2459 1154 2515 veniens
1176 2461 1260 2514 lesus
1275 2457 1400 2528 angelus
1420 2456 1524 2527 magni
1542 2454 1655 2512 consilii
1675 2453 1776 2528 appel·

62 2544 277 2616 comprehendi
292 2560 352 2600 non
368 2546 471 2618 possit,
485 2550 546 2602 tam
560 2547 706 2616 mirabile,
716 2553 748 2604 ut
761 2565 779 2604 a
793 2548 892 2621 parvis
945 2548 1033 2605 latur.
1051 2571 1064 2597 n
1081 2550 1165 2615 Quia,
1181 2570 1194 2597 ι(
1210 2553 1243 2603 ut
1259 2548 1321 2620 ipse
1337 2547 1461 2617 angelus
1484 2546 1563 2613 dicit,
1586 2559 1775 2619 quacunque

63 2631 124 2687 fide
139 2649 200 2689 non
213 2633 307 2706 possit
321 2634 453 2702 credide
463 2635 570 2705 angelo
586 2638 685 2709 ipsum
696 2637 891 2694 confortante.
946 2637 1090 2693 audivita
1109 2640 1202 2700 Patre,
1229 2635 1416 2693 annuntiavit
1429 2635 1527 2692 nobis.
1546 2658 1559 2684 »
1582 2634 1611 2691 Si
1633 2648 1704 2704 ergo
1723 2648 1775 2690 aa·

64 2725 143 2778 lusto
157 2722 264 2791 dicere,
281 2723 364 2796 quod
385 2724 410 2779 si
424 2741 442 2780 a
456 2741 504 2781 me
525 2725 639 2782 dictum
653 2731 816 2799 putaretur,
830 2743 892 2782 non
947 2725 1031 2794 gelus
1045 2725 1167 2781 nuntius
1179 2726 1295 2793 dieitur,
1312 2725 1417 2781 merito
1432 2724 1536 2796 etipse
1552 2723 1686 2780 Salvator
1699 2736 1776 2777 nuu-

64 2811 242 2869 crederetur.
258 2812 321 2869 Tibi
337 2818 437 2869 autem
452 2815 554 2871 scienti
575 2832 643 2888 quer
656 2832 797 2888 expressa
812 2821 890 2883 sunt,
947 2815 1003 2870 tius
1018 2820 1150 2872 vocatur.
1170 2816 1225 2881 Qui
1239 2815 1423 2872 voluntatem
1440 2815 1489 2870 liei
1512 2813 1603 2869 Patris
1623 2811 1711 2868 nobis
1725 2826 1776 2867 au·

63 2899 95 2954 id
116 2905 160 2956 est
181 2901 368 2958 manifestate
384 2902 501 2975 prolata
521 2903 662 2959 anostris
683 2903 891 2960 traditionibus
907 2945 926 2996 f
949 2903 1073 2972 nuntiat,
1090 2907 1117 2960 ct
1131 2903 1246 2960 iuterna
1265 2903 1348 2960 bona
1368 2919 1422 2976 per
1437 2901 1577 2975 Spiritum
1598 2916 1688 2956 suum
1707 2915 1777 2955 nos·

64 2989 310 3058 sacerdotalibus,
330 2991 360 3047 id
375 2997 448 3048 esta
464 2992 713 3066 scripturisque
733 2992 821 3051 nobis
835 2998 893 3049 tra·
920 2978 927 2994 ¹
947 2995 999 3049 tris
1013 2992 1163 3049 mentibus
1179 2992 1341 3066 aspirando
1362 2992 1481 3048 revelat.
1498 2996 1530 3047 ln
1545 3006 1606 3063 quo
1631 2989 1720 3046 ctiam
1734 2987 1777 3044 di-

65 3076 134 3132 ditrc
151 3082 219 3134 sunt
234 3095 252 3135 a
274 3080 517 3149 sacerdotalibus,
541 3087 569 3137 et
593 3096 678 3137 saera
701 3081 893 3137 ministranti·
948 3082 1044 3150 gnitas
1060 3081 1194 3150 angelica
1209 3080 1364 3136 manifeste
1384 3079 1558 3145 ostenditur,
1574 3077 1658 3150 quod
1671 3076 1777 3148 etipse

65 3165 123 3219 bus
139 3181 173 3222 ae
189 3167 375 3225 sanctificatis
390 3168 471 3238 viris,
487 3169 539 3225 tibi
552 3170 693 3226 audacter
705 3169 783 3225 insto
795 3170 893 3226 dicere
950 3171 1081 3227 Salvator
1097 3169 1137 3225 ad
1156 3185 1211 3225 uos
1226 3169 1369 3224 mandata
1384 3171 1475 3224 Patris
1495 3166 1631 3221 deferens
1652 3163 1777 3233 angelus

63 3253 219 3311 veritatem
243 3256 314 3312 uilril
337 3257 478 3314 haesitans
506 3259 542 3314 de
558 3263 610 3315 tua
630 3258 700 3324 fide,
716 3274 784 3330 quse
806 3258 894 3316 firma
948 3259 1187 3329 cognominatur.
1202 3261 1286 3325 Nam,
1301 3273 1371 3313 cum
1386 3271 1505 3312 summa
1520 3258 1629 3310 nosue
1644 3251 1777 3309 salutatis
1845 3262 1855 3277 ·

64 3348 118 3410 est,
154 3347 182 3398 et
216 3345 393 3402 scandalum
420 3363 480 3402 non
506 3346 620 3419 recipit.
651 3346 767 3402 habens
788 3346 894 3402 disere·
947 3365 1001 3422 per
1013 3347 1249 3420 redemptionem
1263 3363 1325 3403 non
1345 3345 1407 3401 sine
1428 3343 1563 3414 angelica
1584 3340 1777 3413 cognomina-

65 3432 176 3489 tionem
191 3434 265 3507 quid
281 3435 402 3501 factum,
428 3436 501 3508 quid
516 3435 629 3492 dictum
645 3436 690 3492 sit.
704 3435 765 3492 Tibi
778 3452 860 3506 ergo,
876 3454 894 3492 o
948 3440 1026 3494 tione
1037 3436 1198 3510 perficitur,
1219 3434 1392 3509 patetquod
1403 3439 1430 3491 et
1444 3439 1551 3491 caemra
1563 3447 1695 3506 quoque,
1708 3446 1777 3504 quoe

64 3521 236 3578 Tirimothec
257 3523 309 3591 srli,
339 3529 371 3580 ut
403 3524 505 3581 scienti
530 3525 638 3581 uostris
659 3524 895 3581 sacerdotalibus
948 3527 987 3582 ad
1002 3525 1141 3583 eamdem
1155 3525 1282 3582 salutem
1296 3524 1453 3598 pertinent,
1472 3522 1617 3595 angelica,
1636 3519 1778 3579 adminis-

66 3608 274 3667 lraditionibus
304 3628 454 3684 expressa,
487 3612 540 3670 tibi
576 3612 752 3668 fiducialiter
778 3635 792 3662 u
817 3612 894 3669 insto
948 3615 1072 3671 tratione
1085 3613 1307 3687 dispensantur.
1324 3613 1432 3669 Ethiec
1445 3611 1568 3684 quidem
1583 3611 1620 3666 de
1642 3607 1777 3679 angelica

64 3697 162 3755 dicere
177 3704 206 3754 et
220 3699 257 3755 de
273 3701 379 3771 angelo
391 3703 492 3778 lesum
507 3703 701 3771 confortante,
720 3724 733 3751 »
747 3706 780 3759 ut
792 3701 823 3758 in
836 3702 894 3758 hoo
948 3702 1209 3773 cognominatione
1224 3701 1302 3757 dicta
1317 3706 1395 3758 sunt.

729 3916 874 3972 Titulus
893 3917 1051 3974 capituli
1065 3919 1088 3972 V

67 4036 271 4102 (iraareamnes
282 4041 754 4097 scelestesessentiecommnniler
765 4041 869 4112 anpeli
877 4041 1030 4115 dicantur,
1047 4049 1074 4098 et
1084 4043 1254 4112 specialiter
1263 4055 1417 4111 proprias,
1434 4047 1636 4111 preterquam
1647 4036 1743 4107 primi
1750 4039 1777 4094 ct

581 4139 704 4195 secundi
718 4138 858 4194 ordinum
872 4139 981 4197 babent
996 4141 1251 4210 denominationes

407 4256 563 4310 Lll'lEliA.
907 4271 989 4329 nse,
1015 4260 1084 4311 sunl
1107 4255 1216 4311 ultimi.
1238 4253 1320 4324 Erpa
1344 4252 1543 4309 sanctissimos
1567 4249 1779 4306 eccellentissi-
1840 4288 1843 4298 .

101 4342 176 4399 Haec
190 4343 308 4413 quidem
323 4350 375 4411 est,
396 4349 541 4416 qnantum
564 4345 604 4400 ad
615 4360 678 4415 nos,
702 4359 793 4402 causa
807 4358 895 4414 anae·
949 4360 1067 4401 maram
1083 4344 1277 4400 essentiarum
1299 4341 1418 4396 ordines
1436 4340 1558 4409 angelos
1578 4341 1686 4393 vocant
1702 4335 1780 4390 llice

67 4433 133 4486 lirae
144 4433 176 4487 iu
191 4434 315 4503 eloquiis
336 4435 613 4504 consommationis.
629 4434 771 4490 Scrutari
785 4439 894 4497 aulem,
952 4430 1505 4506 lopi;elenimsantmanifestatoreset
1517 4427 1575 4496 ipsi
1588 4424 1697 4481 divina
1708 4424 1780 4479 illa·

66 4527 99 4575 ut
120 4523 265 4588 eeislimo,
290 4528 416 4591 oportet,
445 4523 480 4578 olr
509 4538 599 4594 quam
626 4538 746 4578 earrsam
767 4522 898 4591 tdeclopi
949 4524 1122 4580 minationis
1137 4521 1239 4587 (Hebe.
1256 4520 1285 4592 r).
1299 4518 1438 4575 Ordinem
1451 4530 1520 4573 uero
1535 4518 1701 4571 extremum
1715 4512 1780 4568 ani-

65 4624 165 4665 omnes
182 4610 301 4680 quidem
316 4611 406 4666 siruul
418 4613 547 4669 celestes
560 4613 701 4668 essentias
715 4613 837 4682 annelas
849 4626 896 4667 ro·
950 4630 1065 4670 rnorem
1090 4612 1252 4668 celestium
1269 4625 1330 4666 non
1357 4608 1467 4664 tabent
1486 4606 1631 4662 rationein
1657 4602 1779 4673 arcias,

66 4705 137 4754 eant
147 4714 159 4756 .·
173 4699 214 4755 ad
234 4699 506 4767 manifestationem
521 4708 621 4758 aulem
637 4702 785 4757 venientes
795 4715 896 4769 super·
951 4709 1004 4760 aar
1037 4701 1170 4771 tironos,
1207 4703 1260 4777 aad
1290 4697 1441 4767 seraptim
1467 4693 1652 4753 nominandi.
1678 4693 1781 4765 Neque

64 4789 398 4859 mundaliumipsarum
407 4790 897 4861 disposilionemordinemanpeii-
951 4792 1028 4848 cuim
1043 4796 1071 4846 et
1088 4791 1120 4844 in
1142 4786 1376 4858 participatione
1396 4785 1663 4842 eccelsissimarum
1686 4783 1780 4839 virta-

66 4893 134 4932 earn
143 4879 313 4947 specialiter
322 4883 490 4951 nominant,
504 4881 677 4950 saraptenae
688 4880 896 4936 terminantem
952 4886 1024 4934 luni.
1040 4878 1100 4935 Sed
1113 4878 1191 4932 sieut
1214 4877 1286 4947 ipse,
1308 4880 1424 4932 nostros
1449 4875 1564 4930 dininas
1583 4887 1712 4928 summos
1734 4885 1781 4927 sa·

66 4966 196 5037 diuinas,
209 4972 238 5023 et
248 4969 378 5024 coelestes
395 4984 441 5025 res
457 4985 467 5024 .·
479 4975 549 5026 arete
563 4970 659 5038 ipsum
674 4984 743 5025 vero
757 4982 898 5038 superpo-
951 4968 1082 5025 ecrdoles
1096 4967 1211 5023 reducit
1230 4967 1270 5023 ad
1286 4968 1418 5037 canadas
1444 4965 1471 5022 ei
1493 4963 1660 5021 diuinitatis
1678 4961 1780 5032 salpa-

64 5055 371 5128 sitrearcllanpelicos
385 5057 895 5128 ordinantornatesprincipespue,
952 5073 1008 5126 res,
1029 5057 1070 5113 sic
1085 5062 1114 5113 et
1126 5057 1222 5126 ipsam
1245 5061 1315 5112 ante
1336 5072 1366 5113 se
1384 5055 1579 5112 essentiarum
1603 5049 1714 5120 [adduc
1727 5047 1782 5101 im-

66 5148 95 5199 el
108 5149 278 5215 potestates,
294 5150 321 5203 et
335 5147 469 5216 virtutes,
486 5152 514 5202 et
526 5161 720 5217 enusquisque
736 5145 781 5201 ftis
796 5158 898 5213 snper·
951 5146 1081 5218 meander]
1097 5147 1216 5203 omnino
1228 5161 1321 5202 sacrae
1335 5146 1460 5201 virtutes
1470 5141 1628 5231 reducunt,
1642 5140 1670 5191 et
1684 5133 1725 5189 ad
1737 5133 1781 5228 di·

64 5235 897 5309 fimatasessentiaseloquiorumcognoscuntmanisesla-
951 5233 1054 5288 einaim
1077 5236 1146 5288 sunl
1168 5228 1389 5286 consummanti
1415 5224 1567 5293 angelieas
1594 5215 1780 5318 larnai-alias

67 5326 152 5378 toria
160 5327 345 5383 traditiones.
361 5328 493 5382 Dicimus
505 5331 614 5395 aulem,
626 5325 705 5396 quod
716 5340 771 5395 per
783 5341 897 5381 ornnem
951 5320 1147 5390 dispositioni.
1163 5318 1231 5373 Nisi
1243 5314 1361 5386 quidem
1375 5312 1441 5383 qais
1458 5314 1486 5365 ct
1500 5310 1555 5408 dac
1569 5306 1692 5407 dreerd,
1705 5320 1781 5361 eom·

65 5419 202 5471 sanctam
221 5417 440 5486 dispositionem
452 5416 629 5472 excellentes
647 5417 764 5486 peridem
778 5415 898 5472 ordines
951 5425 1054 5466 nrrrnes
1076 5421 1135 5464 esse
1152 5419 1250 5460 omnes
1269 5401 1422 5472 angelicas
1446 5401 1662 5498 nominationes
1679 5409 1781 5451 secun·
1799 5451 1803 5457 ,

66 5502 177 5559 baberet
187 5505 367 5575 inferiorum
378 5505 603 5574 dispositionum
612 5510 639 5560 et
650 5504 896 5572 illuminationes,
952 5499 1023 5554 dam
1035 5497 1166 5553 omnium
1186 5491 1345 5547 celestium
1367 5492 1512 5587 uirtutum
1532 5502 1562 5541 nr
1585 5484 1781 5585 deiformem

66 5597 95 5647 el
110 5592 247 5662 virtutes,
266 5609 326 5650 non
341 5601 439 5652 autem
459 5595 676 5664 participantes
689 5590 898 5649 excellentiam
953 5602 990 5643 es
1003 5588 1064 5643 Deo
1087 5583 1191 5639 datum
1212 5582 1312 5637 lernen
1332 5577 1553 5648 subjectionem,
1574 5580 1602 5632 el
1621 5588 1781 5645 superemi-
