3832 6044
152 144 204 197 635

460 144 610 200 HUGONlS
629 145 675 199 DE
695 144 724 200 S.
743 141 893 200 vtatnttn
910 143 987 199 OPP.
1007 140 1095 197 PARS
1114 142 1135 196 l.
1156 169 1190 180 -
1210 139 1401 195 exacuatas
1421 131 1536 193 nanta.

1802 136 1856 190 636

187 266 342 324 Secundus
358 272 469 324 tractat
480 268 517 324 de
530 269 679 338 mysteriis
690 283 790 325 rerum
802 274 952 339 pestarum
968 266 1006 324 ob
1019 265 1175 323 Atratum
1190 279 1283 336 usque
1292 264 1334 322 ud
1342 264 1474 333 Moysen,
1487 261 1641 319 continens
1657 260 1856 317 novemdecim

60 428 64 436 ,
154 365 299 435 capitula.

194 463 309 519 Tertius
323 466 434 519 tractat
448 462 645 539 de'mysteriis
659 478 759 519 restem
770 469 920 534 gestarum
932 479 950 520 a
962 462 1063 533 ittoyse
1075 477 1168 533 sisque
1181 461 1222 517 od
1234 462 1332 531 losue,
1347 460 1500 515 continens
1514 457 1623 528 uiginti
1635 456 1694 512 duo
1709 457 1856 530 capitula,

191 559 321 626 Quartus
336 564 448 616 tractat
461 560 498 617 de
512 562 765 630 tupsteriisrcrum
773 567 924 631 postorum
939 574 957 617 α
970 561 1059 616 losue
1073 575 1164 632 cisque
1178 559 1520 629 adHelconom,potrem
1535 555 1690 622 Samuelis,
1703 557 1858 610 continens

154 656 251 714 decem
265 662 294 713 et
309 661 373 713 octo
384 658 527 728 capitula.

191 754 318 822 Quintus
331 761 441 812 tractat
457 756 493 812 de
503 759 649 826 mysteriis
666 762 931 828 rerumgestarum
948 755 985 813 ub
1000 756 1137 812 Helcttno
1152 754 1297 825 usquead
1319 753 1427 820 Dauid,
1443 753 1496 808 tubi
1522 753 1666 822 scriptum
1682 756 1725 807 est
1738 766 1749 807 .·
1763 749 1858 832 Scidit

154 853 299 910 Dominus
317 869 442 924 reustum.
454 860 537 910 testem
553 861 610 912 nte
620 855 715 922 bodie,
731 861 759 911 et
775 854 901 911 tradidit
910 855 989 910 iilud
999 855 1118 911 meliori
1132 859 1168 921 te,
1185 854 1338 908 continens
1352 852 1449 908 decem
1461 857 1487 906 et
1502 865 1605 906 tenvem
1621 850 1767 918 capitula.

189 950 298 1007 Sextus
314 957 424 1007 tractat
439 953 475 1008 de
493 954 642 1021 ascysteriis
651 969 752 1009 rerum
767 958 918 1024 pestutum.
934 952 1060 1008 oltuvid
1068 965 1159 1023 usque
1173 950 1213 1006 ud
1225 950 1423 1020 Soloutouem,
1440 950 1592 1004 continens
1607 947 1858 1018 vigintiquinque

155 1050 300 1120 capitula.

190 1147 339 1216 Septimus
352 1153 462 1204 tractat
474 1149 509 1205 de
524 1150 672 1218 srsystuits
686 1165 788 1205 rerum
802 1154 953 1219 pestutum
980 1147 1173 1204 oSulomoue
1194 1146 1341 1217 usquead
1368 1145 1661 1214 transmigrationem
1680 1143 1857 1213 Babylonis,

156 1245 309 1301 continens
323 1247 599 1317 quadragintatria
613 1249 758 1316 capitulo.

194 1342 321 1399 Octavus
336 1349 449 1401 tractat
462 1345 500 1402 de
513 1346 663 1415 mysteriis
676 1360 776 1403 rerum
790 1349 951 1416 aestatum,
960 1342 1381 1414 quecmstiueuturiullsdru,
1394 1340 1702 1397 corstiueussecdecim
1713 1339 1857 1408 capitula.

192 1441 295 1497 Nonus
311 1447 421 1499 tractat
434 1443 637 1513 corripuerim,
651 1458 715 1514 qiua
726 1444 918 1499 continentur
930 1444 961 1497 iu
977 1440 1062 1497 libris
1073 1440 1193 1511 Estlter,
1211 1440 1315 1510 Tabite,
1336 1438 1442 1494 luditis
1456 1443 1483 1494 el
1498 1437 1752 1502 Mocbolueorum,
1768 1438 1860 1492 couti·

157 1553 229 1594 ucus
242 1546 373 1611 quotuor
387 1542 531 1611 capitulo.

318 1810 751 1929 ALLEGORIAE
790 1809 864 1926 IN
899 1806 1132 1928 VETUS
1160 1805 1698 1927 TESTAMENTUM

797 2206 967 2293 LIBER
997 2204 1226 2294 Pettius,

425 2442 458 2495 tu
479 2441 607 2496 tinnula
626 2441 815 2496 uenustus,
843 2472 877 2479 -
897 2441 941 2495 AB
961 2440 1065 2495 lNlTIO
1085 2440 1194 2496 MUNDI
1215 2439 1330 2504 USQUE
1350 2439 1396 2492 tn
1417 2438 1593 2492 ΛΒΗΛΗΛΜ.

910 2571 1085 2590 μ--ρ

127 2659 130 2666 ’
230 2672 296 2724 llnr.
313 2673 383 2724 l.—
400 2672 442 2725 De
460 2671 799 2739 significationecoeliel
815 2677 910 2727 terrm.
1002 2674 1107 2727 Acir.
1124 2671 1358 2739 lt.—Decoelo,
1375 2667 1861 2736 terro,etoperitusseadierum.

194 2760 250 2823 (st)
266 2758 302 2811 lu
313 2759 463 2827 principio
479 2761 589 2814 creavit
604 2761 682 2814 Deus
697 2761 802 2815 coelttm
818 2766 845 2815 et
862 2765 983 2816 terram.

160 2843 272 2900 Cinium
287 2844 423 2915 designat
436 2861 565 2914 summa,
581 2850 657 2901 terra
672 2846 748 2914 ima;
766 2848 874 2902 ctutum
888 2847 986 2903 invisi-

158 2931 240 3000 bilia,
257 2938 333 2989 terra
347 2934 489 3001 visibilia3
518 2934 626 2990 eodum
653 2935 784 3004 angelos,
802 2941 877 2992 terra
891 2937 986 2992 homi-

156 3022 231 3090 'nes;
256 3022 365 3078 eoelum
379 3022 552 3095 spiritualia,
569 3028 645 3079 terra
665 3024 846 3096 corporalia;
877 3025 985 3080 ctelunt

159 3111 281 3181 angelos
296 3112 474 3168 sublimitate
488 3112 641 3185 positionis
657 3116 686 3167 et
698 3112 871 3170 excellentia
885 3113 985 3169 eondi-

159 3197 444 3268 tionis,sublimitate
457 3200 622 3273 positionis,
635 3200 707 3274 quia
719 3206 841 3258 cunetas
855 3200 985 3258 visibiles

159 3293 188 3346 et
197 3289 365 3346 materiales
373 3294 524 3346 creatmus
535 3289 688 3348 altitudine
700 3291 875 3364 supercellit.
888 3290 986 3347 Excel-

158 3379 248 3435 lentia
261 3383 361 3436 antem
376 3379 563 3449 conditioniS,
578 3380 651 3454 quia
660 3397 707 3436 res
718 3386 839 3438 steteras
851 3398 906 3438 sua
920 3380 986 3437 soli-

158 3467 258 3535 ditate,
274 3471 302 3524 st
316 3469 450 3540 quadam
477 3469 671 3543 perpetuitate
697 3471 846 3543 praecedit.
864 3471 908 3528 Sic
935 3471 986 3528 illa

159 3553 323 3610 caelestium
347 3556 504 3627 spirituum
532 3557 668 3626 angelica
689 3562 805 3625 natura,
835 3563 985 3616 creaturas

159 3643 324 3711 universas,
335 3649 363 3700 et
375 3645 501 3700 coelestis
511 3647 614 3717 patries
629 3645 797 3714 mansione,
811 3648 986 3705 eteonditio-

157 3733 281 3790 nissum
296 3734 438 3804 dignitate
454 3739 583 3807 superat,
599 3739 628 3791 et
641 3734 683 3790 eis
698 3737 904 3807 superemicet.
921 3740 986 3792 Ter-

158 3840 192 3881 ra
207 3822 354 3894 significat
371 3822 536 3890 hominem,
549 3826 578 3878 et
591 3821 648 3878 loci
664 3822 820 3895 positione,
844 3829 873 3880 et
885 3825 985 3880 condi·

159 3912 246 3969 tionis
258 3911 368 3968 minori
381 3910 533 3981 dignitate.
551 3911 619 3967 Loci
639 3911 882 3985 positioneque
911 3914 985 3971 eoelo

1074 2757 1110 2810 lu
1121 2758 1273 2826 prrirteipio
1289 2758 1401 2813 creauit
1416 2758 1494 2812 Deus
1510 2758 1616 2812 calciun
1632 2761 1783 2812 ellectum
1801 2756 1864 2822 (Ge-

1039 2845 1271 2910 nes.1).Coelum
1294 2846 1423 2916 spiritus
1449 2850 1525 2902 terra
1548 2862 1675 2918 corpus3
1691 2846 1762 2918 quia
1790 2845 1865 2900 sieut

1039 2933 1148 2989 coelum
1162 2939 1239 2990 terra
1251 2935 1407 2990 sublimius
1421 2940 1449 2991 et
1464 2935 1596 3002 solidius,
1611 2935 1652 2991 sic
1677 2934 1864 2989 excellentior

1039 3027 1082 3077 est
1097 3027 1125 3078 et
1138 3022 1256 3094 dignior
1270 3040 1394 3096 corpore
1415 3024 1543 3096 spiritns,
1574 3023 1699 3079 blundus
1722 3024 1753 3078 in
1768 3023 1864 3095 prima

1039 3110 1222 3180 confusione,
1263 3117 1307 3168 est
1330 3113 1421 3167 homo
1447 3112 1476 3167 in
1509 3112 1662 3186 iniquitate
1691 3127 1755 3167 sua.
1786 3110 1865 3167 Sicut

1039 3199 1119 3255 enim
1131 3200 1246 3256 mundo
1261 3200 1445 3274 primordiali
1461 3200 1585 3256 contuso
1613 3216 1674 3256 non
1689 3199 1793 3255 inierat
1814 3198 1865 3254 lux

1039 3294 1090 3347 aut
1103 3289 1219 3346 futurus
1245 3291 1330 3359 orda,
1347 3290 1388 3346 sio
1402 3290 1516 3346 homini
1544 3289 1678 3361 subjecto
1706 3288 1863 3362 iniquitati,

1038 3395 1094 3436 nec
1103 3379 1154 3435 lux
1166 3378 1245 3436 lucet
1258 3395 1312 3452 per
1326 3379 1526 3450 cognitionem
1553 3378 1691 3444 veritatis,
1711 3394 1767 3434 nec
1790 3377 1865 3433 ordo

1038 3468 1177 3541 inestper
1190 3468 1417 3542 dispositionem
1444 3467 1600 3541 inquitatis.
1617 3471 1650 3523 nt
1677 3471 1754 3522 Deus
1778 3466 1865 3539 quasi

1039 3557 1070 3613 in
1081 3557 1181 3614 media
1190 3556 1364 3636 contusione
1373 3557 1472 3612 lucem
1483 3556 1658 3629 primariam
1670 3560 1759 3624 creat,
1770 3571 1865 3628 quan-

1039 3645 1078 3702 do
1093 3649 1280 3717 peccatorem
1294 3645 1418 3702 diversis
1433 3645 1593 3702 sceleribus
1607 3645 1766 3701 contusum
1792 3643 1865 3700 lucis

1039 3733 1150 3792 intimae
1164 3733 1255 3790 radiis
1267 3733 1402 3802 illustrat,
1417 3739 1450 3789 ut
1464 3734 1537 3806 quid
1551 3749 1615 3789 essa
1629 3733 1737 3789 debeat
1759 3748 1865 3803 agnos·

1040 3827 1095 3889 eat,
1112 3826 1140 3878 et
1154 3822 1193 3878 ad
1207 3822 1342 3878 notitiam
1353 3827 1432 3879 recte
1459 3823 1577 3878 vivendi
1592 3822 1785 3896 semetipsum
1809 3821 1865 3877 dis-

1039 3915 1141 3986 ponat.
1159 3910 1310 3981 Significat
1321 3910 1422 3983 itaque
1435 3911 1488 3967 lun
1512 3910 1663 3983 primaria,
1692 3911 1807 3983 peccati
1819 3926 1866 3967 co·

159 4006 203 4059 est
214 4000 335 4057 inlerior
345 4019 352 4070 ;
364 4000 541 4057 conditionis
556 4001 663 4057 minori
679 4001 831 4076 dignitate,
848 4005 919 4077 qiua
930 4021 986 4060 eoe-
1004 4026 1025 4081 B
1040 4000 1213 4072 gallionem.
1229 4000 1461 4057 Firmamentum
1488 4000 1563 4055 inter
1577 4015 1672 4073 aquas
1699 3999 1865 4073 superiores

157 4087 187 4144 lo
202 4087 429 4161 corruptibilior.
441 4089 485 4146 Sic
496 4089 642 4157 homines
654 4094 791 4164 respectu
798 4092 984 4162 angelorum,

158 4180 187 4232 et
200 4176 356 4233 mansione
371 4182 440 4234 sunt
454 4177 615 4251 inferiores,
632 4183 661 4235 et
686 4179 854 4237 conditione
881 4198 986 4255 corpo·

158 4265 228 4322 ralis
242 4270 356 4323 natura
381 4267 482 4324 minus
496 4268 589 4340 digni.
616 4268 786 4326 Secundum
811 4270 986 4343 praedictam

158 4370 280 4428 quoquo
294 4354 517 4424 institutionem,
533 4358 641 4413 eoelum
665 4357 812 4427 significat
837 4357 984 4430 proelatos,

157 4443 312 4515 perlectos,
329 4442 585 4518 contemplativos.
602 4449 689 4502 terra
713 4450 813 4501 autem
840 4446 987 4515 signifieat

158 4530 303 4599 subditos,
332 4533 531 4606 imperfectos,
561 4534 680 4591 activos.
703 4533 817 4591 Praelati
841 4550 984 4607 namque,

158 4619 288 4689 perlecti,
306 4622 537 4693 contemplativi,
554 4622 613 4678 sive
642 4623 814 4680 anctoritate
842 4624 983 4691 muneris,

159 4705 220 4760 sive
235 4705 400 4763 differentia
413 4709 573 4778 dignitatis,
590 4709 648 4764 sive
663 4710 768 4765 merito
778 4709 902 4774 virtutis,
916 4707 985 4763 sub-

156 4793 251 4866 jectis,
266 4794 456 4867 importastis,
472 4796 573 4853 activis
588 4803 658 4854 sunt
670 4799 846 4871 superiores.
858 4796 986 4869 subjecti

156 4898 237 4950 vero,
251 4882 424 4958 imperfecti,
440 4884 528 4942 activi
542 4885 680 4958 prelatis,
695 4886 841 4959 perlectis,
856 4891 986 4943 oontem-

157 4971 276 5048 plativis
289 4972 451 5030 interiores.

195 5060 309 5121 Coelum
323 5061 527 5135 igiturangeli,
539 5068 617 5119 terra
626 5063 777 5121 homines:
793 5063 902 5121 ateium
912 5080 986 5138 pras·

157 5150 218 5218 lali,
234 5155 313 5208 terra
327 5150 451 5223 subjecti
461 5169 468 5220 ;
480 5150 589 5208 eoelurn
612 5151 741 5225 perlecti,
759 5156 836 5208 terra
850 5151 986 5225 imperie-

158 5239 196 5296 eti
212 5257 219 5296 ε
236 5240 345 5296 eoelum
362 5239 592 5314 contemplativi,
609 5245 686 5297 terra
700 5239 794 5296 activi.

194 5414 249 5485 (stt
266 5418 339 5471 Nota
351 5417 432 5489 quod
446 5417 593 5474 invenitur
620 5433 740 5473 summa
751 5415 892 5489 quendam
918 5433 985 5489 quse

157 5503 581 5576 vocaturSummuallegomeo
591 5506 699 5561 Bittius
709 5506 850 5576 magistri
862 5504 987 5561 Richar-

158 5589 199 5662 di,
211 5588 241 5644 in
256 5604 318 5676 qua
329 5589 418 5648 nimis
432 5591 559 5661 breviter
573 5592 751 5662 colligimtm
762 5592 842 5650 dicta
855 5593 986 5663 lingonis

1039 4094 1067 4146 el
1080 4105 1175 4163 aquas
1185 4087 1347 4157 hilariores,
1372 4088 1580 4145 discretionem
1604 4089 1679 4144 inter
1702 4089 1824 4145 virtutes
1838 4093 1865 4144 et

1038 4178 1117 4235 vitia.
1133 4181 1226 4251 Aquae
1238 4193 1370 4250 namque
1381 4177 1533 4233 inferiores
1548 4177 1706 4248 designant
1715 4177 1803 4246 vitia;
1819 4194 1866 4232 su·

1039 4267 1170 4340 periores
1181 4282 1278 4338 aquus,
1294 4266 1423 4323 virtutes.
1439 4269 1471 4321 Et
1483 4265 1570 4338 quasi
1584 4265 1810 4322 firmamentum
1824 4265 1866 4321 in-

1040 4361 1083 4411 ter
1097 4359 1238 4428 utrasque
1254 4370 1349 4427 aquas
1363 4354 1492 4427 ponitur,
1509 4353 1700 4427 quandoper
1727 4354 1865 4410 virtutem

1039 4444 1234 4512 discretionis,
1251 4444 1372 4500 virtutes
1388 4461 1406 4500 a
1430 4443 1516 4511 vitiis,
1532 4447 1560 4498 et
1573 4443 1643 4500 sitia
1667 4460 1684 4499 n
1709 4443 1865 4499 virtutibus

1039 4534 1230 4590 dirimuntur.

1075 4623 1332 4698 Deindesequitur:
1343 4623 1865 4694 Congrepntiooquortuuuuseeraut

1038 4711 1282 4780 stttfirmomeuto
1292 4710 1865 4782 Congregatinaquarum,oohibitionem

1038 4799 1176 4873 exprimit
1190 4799 1339 4855 vitiorum.
1355 4797 1429 4854 Vitia
1443 4814 1585 4871 namque,
1601 4799 1673 4871 quia
1687 4799 1807 4872 penitus
1835 4800 1865 4855 in

1038 4889 1176 4963 prasenti
1187 4888 1255 4956 vita,
1265 4887 1302 4944 de
1311 4891 1424 4945 naturae
1437 4889 1579 4945 humanm
1590 4888 1792 4961 penetralibus
1802 4906 1866 4947 eva-

1039 4977 1120 5035 cuari
1132 4976 1178 5034 vel
1192 4976 1337 5034 eliminari
1350 4993 1409 5035 non
1430 4983 1565 5051 possunt,
1574 4982 1695 5052 propter
1711 4994 1816 5036 eorum
1826 4978 1866 5035 lo-

1039 5064 1124 5122 mites
1137 5064 1224 5121 nobis
1249 5064 1430 5137 originaliter
1450 5064 1563 5135 insitos
1591 5065 1701 5122 debent
1723 5065 1867 5123 coarctari

1038 5158 1186 5226 quantum
1200 5168 1254 5226 per
1267 5153 1401 5210 divinam
1417 5154 1543 5224 gratiam
1550 5153 1691 5227 possibile
1699 5157 1743 5210 est
1752 5156 1867 5212 cleobi-

1037 5239 1112 5314 beri,
1122 5240 1289 5298 etinunum
1304 5242 1406 5314 redigi,
1416 5258 1512 5317 nepes
1522 5248 1616 5299 totum
1629 5241 1761 5312 effluant,
1771 5248 1867 5301 tolum

1039 5417 1148 5484 nostri;
1164 5421 1192 5473 et
1207 5416 1283 5480 ideo,
1299 5417 1399 5474 relicta
1413 5435 1458 5486 ea,
1475 5420 1620 5485 attendas,
1637 5421 1752 5477 curiose
1763 5420 1865 5489 lector,

1039 5506 1108 5562 huic
1122 5505 1259 5562 omnium
1278 5505 1487 5576 allegoriarum
1502 5508 1688 5582 amplissimo
1712 5507 1865 5576 viridario,

1039 5611 1094 5654 uec
1109 5598 1136 5653 te
1148 5595 1223 5653 tanti
1231 5595 1331 5668 operis
1344 5595 1467 5660 forsitan
1477 5596 1641 5670 penitebit.
