3832 6044
523 133 695 191 tuantur.
717 134 897 192 eructuat.
918 137 952 190 tu
973 135 1007 190 Ill
1027 135 1104 192 REG.
1620 146 1669 200 tto

81 256 139 328 lligi
152 262 258 332 potest,
269 257 354 330 quod
368 257 434 330 ipsa
442 257 581 330 capitella
590 257 721 331 desuper
730 273 792 315 non
810 259 834 312 t
848 263 891 315 ter
903 259 1059 329 juncturas
1072 257 1204 314 similiter
1216 256 1355 333 desuper,
1369 260 1422 319 ubi
1434 262 1563 336 desuper
1578 266 1592 319 ‘t
1607 268 1674 322 For-

81 346 384 404 radsimilitudinem
396 346 609 403 columnarum
622 346 733 419 quibus
746 364 793 403 su·
847 348 934 406 tussis
946 348 1004 405 hoc
1027 348 1125 404 dicere
1143 347 1216 417 vrdt,
1238 349 1323 422 quod
1343 351 1494 423 ejusmodi
1514 352 1673 428 seulpturae

83 441 115 497 ta
128 440 224 506 erant,
240 437 294 493 sed
307 437 456 511 quadrata
470 436 590 493 fuerunt
608 436 750 494 habentia
761 436 792 493 in
846 453 908 494 nou
922 453 976 511 per
990 441 1086 495 totum
1109 438 1193 495 tacte
1216 444 1294 508 suut,
1323 441 1376 496 sed
1391 457 1521 510 sursum,
1536 448 1565 501 et
1587 444 1674 502 deor-

81 525 247 583 rlateribus
262 530 392 599 quatuor
407 525 532 583 cubitos.
550 526 637 593 Quod
649 542 721 596 ergo
735 525 790 582 ait:
848 543 916 583 sum
937 525 968 582 in
992 526 1134 584 lateribus
1154 527 1274 585 basium
1294 529 1383 602 quasi
1405 547 1466 587 orte
1489 524 1632 606 quaedam
1646 539 1676 591 et

81 616 128 674 ieu
149 619 279 689 quatuor
298 616 488 683 cubitorum
505 618 619 674 nonsic
630 616 793 686 legendum
848 614 1017 688 sculptura.
1034 617 1074 673 Et
1088 616 1189 673 subter
1204 619 1310 689 bones,
1325 625 1354 676 et
1365 620 1448 677 lones
1463 624 1624 692 numitore
1636 639 1675 680 eu

88 705 224 779 portiom
242 711 352 779 quator
367 704 482 762 cubitos
503 705 646 763 habuisse
654 706 791 774 dicatur3
848 720 908 762 tere
921 706 1129 776 dependentia.
1145 708 1185 762 Et
1198 713 1329 778 quatuor
1346 716 1422 767 rote
1440 726 1499 780 per
1518 712 1599 770 bases
1616 716 1675 770 sina

81 795 131 852 ius
145 795 213 869 ipsa
226 795 365 869 capitella
373 800 505 871 quatuor
518 795 635 852 cubitos
651 795 794 864 habentia
848 797 946 867 gulas,
971 800 999 852 et
1014 811 1087 853 oses
1102 797 1184 868 oeret,
1206 799 1236 852 et
1249 795 1428 855 humerulis
1440 804 1570 873 quatuor
1584 805 1674 876 parti·

81 890 107 943 ta
130 885 223 943 luisse
245 885 279 942 in
291 886 416 959 porticu.
441 885 482 942 Et
502 901 624 942 rursum
638 887 702 944 ulau
713 886 794 955 copi·
847 883 905 941 bus
922 884 1020 951 erecti,
1032 885 1119 957 quasi
1134 884 1173 942 ad
1188 884 1385 943 continendas
1396 887 1485 945 besee
1495 890 1675 965 rotissuper-

81 992 92 1032 r
115 977 291 1033 summitate
316 977 525 1033 columnarum
554 974 684 1046 desuper
699 978 793 1046 jueta
847 972 969 1046 positas,
983 976 1013 1030 et
1026 972 1153 1031 luterem
1167 972 1291 1031 basibus
1305 974 1489 1048 impositum.
1509 980 1546 1036 Os
1560 995 1675 1054 quoque

81 1079 137 1122 um
152 1065 299 1121 columne
311 1069 419 1122 eontra
436 1064 596 1121 retiaculo.
615 1066 718 1120 Utrum
729 1064 794 1120 bac
849 1065 953 1120 tuteris
964 1064 1145 1122 intrinsecus
1169 1069 1243 1121 erut.
1265 1063 1311 1122 Sic
1330 1065 1429 1122 dicere
1449 1066 1576 1139 ridetur,
1592 1072 1675 1144 quod

81 1153 248 1227 aespiteila
262 1153 412 1227 prioribus
423 1153 611 1227 superposita
623 1152 742 1225 tuerint,
754 1167 794 1209 au
848 1152 973 1210 aiundo
986 1151 1088 1209 luteris
1112 1152 1290 1211 intrinsecus
1313 1157 1399 1228 quasi
1423 1157 1523 1215 fistula
1546 1161 1676 1220 rotunda

81 1243 434 1312 osita,uonsatislittera
443 1242 795 1313 manifestatFeettquo
848 1256 974 1313 surgens
995 1241 1025 1298 in
1049 1241 1153 1311 altum,
1171 1241 1282 1311 cubito,
1304 1248 1334 1301 et
1354 1245 1480 1304 dimidio
1508 1249 1673 1320 tenebatur,

81 1332 232 1403 referite.
250 1334 385 1389 luterem
401 1348 548 1403 magnum
565 1330 795 1402 significatiusi·
848 1332 935 1403 eujus
957 1329 1119 1389 altitudinis
1142 1332 1260 1390 cubitus
1279 1333 1405 1406 quidam
1429 1352 1521 1410 supra
1550 1337 1675 1397 luterem

82 1440 147 1482 aare
162 1422 326 1481 rotundum
342 1422 515 1496 desuperin
538 1421 663 1478 euenitn
675 1417 796 1492 triginta
848 1420 1008 1478 eminebat.
1031 1419 1176 1477 Dimidius
1195 1426 1297 1479 autem
1320 1422 1438 1481 cubitus
1461 1425 1539 1484 intra
1552 1429 1675 1502 protum

81 1529 147 1582 um,
172 1527 227 1587 per
247 1517 454 1570 uansversum
477 1510 592 1568 decem.
618 1510 705 1577 Quod
723 1509 795 1566 dicit
848 1511 922 1568 dnm
939 1509 1041 1568 luteris
1058 1515 1132 1567 erat.
1158 1514 1190 1568 tn
1210 1513 1298 1584 eujus
1320 1512 1427 1570 finale
1448 1517 1619 1576 summitate
1640 1535 1675 1578 os

81 1605 137 1661 aas
163 1604 290 1674 triptota
312 1599 482 1658 cubitorum
497 1599 629 1658 cinxisse
649 1599 792 1665 luterem
812 1603 910 1670 gerat
923 1598 1017 1672 ipsius
1033 1598 1143 1666 luteris,
1166 1614 1220 1672 per
1233 1601 1316 1674 quod
1331 1617 1417 1677 aquae
1435 1605 1673 1677 egrediebantur.

81 1691 291 1765 recipiendum
299 1695 352 1760 est,
363 1691 447 1765 quod
457 1689 630 1764 simpliciter
641 1688 793 1762 quantitm
846 1689 883 1745 In
896 1688 1017 1760 annulis
1030 1693 1128 1745 nutem
1157 1690 1377 1765 columnarum,
1403 1691 1435 1749 id
1470 1699 1515 1752 est
1543 1696 1674 1770 basium,

81 1780 281 1852 asigniiioata
301 1780 348 1848 sit,
364 1778 518 1843 cuminus
531 1783 620 1835 tante
634 1776 793 1849 longitudi-
847 1779 939 1836 curru
956 1777 1108 1836 ceinture
1131 1783 1240 1851 erant,·
1264 1784 1293 1835 et
1313 1780 1412 1840 media
1431 1784 1674 1858 intercolumnia,

81 1875 136 1929 sset
157 1869 350 1939 ambiri;vel
372 1874 481 1926 restem
501 1868 630 1938 intellige
655 1872 794 1941 torquem
847 1867 952 1937 idest,
977 1882 1046 1941 quae
1066 1867 1143 1924 inter
1157 1867 1284 1939 angium
1297 1874 1391 1938 erant,
1411 1873 1562 1943 quadratu
1577 1881 1675 1950 erant,

81 1978 124 2020 ex
138 1961 207 2034 ipso
220 1959 455 2033 opereiusamin
469 1958 694 2015 similitudinem
709 1956 794 2014 restis
847 1962 875 2013 et
898 1972 959 2014 non
976 1957 1118 2014 rotunda.
1144 1959 1210 2012 ilaec
1230 1961 1300 2014 sunt
1315 1957 1409 2015 latera
1429 1959 1549 2019 basium
1570 1963 1673 2038 plana,

81 2065 162 2108 nare
178 2048 370 2106 ambientem.
384 2047 551 2118 sculptura
565 2047 666 2105 subter
681 2046 793 2104 lutiam
847 2061 916 2120 que
933 2045 1163 2102 intercolumnia
1185 2051 1273 2104 vocat
1294 2048 1459 2122 quadrata3
1488 2052 1560 2125 quia
1584 2069 1676 2128 super

81 2139 142 2199 tbut
160 2138 242 2196 illud
256 2139 354 2195 decem
377 2136 494 2194 melltta.
513 2136 672 2203 Quomodo
689 2135 793 2192 decem
848 2138 978 2209 quatuor
998 2135 1175 2193 numerulos
1200 2135 1231 2192 in
1255 2142 1387 2210 quatuor
1421 2139 1539 2210 angulis
1564 2149 1677 2201 erectos

81 2229 345 2302 eireuirepoterat,
355 2244 425 2285 cum
440 2227 553 2284 dietum
570 2227 607 2284 sit
620 2226 721 2300 ipsum
732 2241 794 2282 am·
849 2223 1045 2298 apparebant.
1062 2225 1385 2285 Insumrnttateautem
1401 2228 1489 2303 besu,
1503 2228 1599 2300 idest,
1611 2233 1678 2306 ipsa

81 2319 196 2392 riginta
206 2318 297 2375 tuisse
306 2317 497 2374 cubitorum?
511 2321 618 2373 Annon
629 2319 725 2372 totum
740 2314 795 2371 cir·
848 2313 930 2371 basis
940 2313 971 2370 in
983 2313 1153 2371 summitate
1162 2330 1217 2370 sna
1228 2321 1293 2373 erat
1305 2319 1394 2374 tintus
1405 2319 1498 2376 eutttt
1506 2325 1535 2377 et
1548 2321 1676 2394 dunidtt,

82 2407 145 2465 sed
164 2406 271 2463 decem
284 2409 402 2463 tautum
425 2404 532 2462 oubids
553 2403 648 2477 ipsius
662 2401 794 2459 ambitus
848 2407 881 2459 ut
912 2402 1121 2460 convenienter
1135 2402 1259 2460 luterem
1285 2406 1507 2478 superpositum
1534 2414 1675 2483 portaret.

81 2496 217 2555 inertrut.
242 2499 287 2551 Au
305 2495 448 2551 deorsum
471 2493 602 2551 ambitus
623 2490 795 2549 arctabatur
848 2493 980 2563 Seutpstt
1003 2507 1119 2564 qaoque
1142 2493 1173 2548 tn
1199 2492 1342 2550 tubrtlutts
1368 2496 1430 2552 illis
1449 2512 1514 2570 quar
1537 2505 1678 2557 erentes

81 2585 203 2653 ebium,
212 2583 472 2641 utdeoemcubitis
490 2583 591 2640 subter
600 2581 717 2640 labium
727 2597 795 2655 pos·
849 2597 917 2653 sere,
931 2586 960 2637 et
974 2582 1006 2637 in
1017 2582 1138 2652 ungulis
1150 2596 1162 2652 ,·
1175 2579 1308 2638 fortassis
1329 2583 1504 2642 humerulos
1519 2585 1676 2662 significat,

81 2674 137 2743 tri,
152 2673 206 2729 ubi
219 2672 483 2747 sculpturaeratin
498 2670 662 2728 eireuituin
675 2670 795 2727 duobus
848 2671 902 2744 qui
914 2671 946 2726 in
961 2669 1080 2741 angulis
1094 2670 1409 2742 eranteolumnarum,
1424 2673 1454 2731 in
1474 2673 1587 2748 quibus
1599 2675 1682 2736 simi-²

81 2780 117 2823 us
130 2762 212 2820 cirea
220 2762 392 2820 interiorem
403 2760 637 2835 partemluteris,
654 2759 707 2816 ubi
722 2759 796 2816 duo·
848 2759 914 2816 liter
929 2759 1088 2833 sculpturae
1117 2760 1201 2817 iaotoe
1217 2765 1295 2818 suut.
1311 2761 1398 2820 Mare
1410 2768 1511 2821 nutem
1521 2768 1625 2836 posuit
1638 2767 1679 2825 ad

81 2866 210 2911 oveeex
219 2851 369 2908 eretusos
378 2867 554 2924 superquos
564 2848 679 2924 positus
688 2848 794 2914 tuerat,
849 2850 1005 2906 deuterum
1016 2855 1135 2920 purtem
1152 2852 1258 2920 templi
1267 2857 1374 2908 eontra
1389 2854 1532 2912 orientem
1541 2855 1582 2913 ad
1590 2860 1678 2914 mert-

81 2941 166 3001 ebat
183 2939 230 2998 Sie
248 2940 329 2997 euim
351 2939 478 3007 videtur,
500 2939 585 3012 quod
599 2937 680 2994 basis
694 2936 796 2995 luteris
815 2939 938 3034 Cetiarn,
952 2938 984 2994 id
997 2942 1042 2995 est
1056 2938 1178 3009 angulo,
1195 2938 1247 2996 ubi
1260 2940 1411 2998 orientalis
1427 2947 1455 2999 et
1474 2944 1678 3003 meridionalis

81 3034 132 3089 ala
154 3029 194 3086 sit
211 3029 360 3102 quadrata
379 3029 484 3086 decem
500 3027 670 3085 cubitorum
688 3025 796 3082 insin
849 3027 947 3101 paries
960 3026 1069 3085 domm
1081 3028 1272 3100 jungebatur.
1289 3030 1453 3089 Columnas
1465 3033 1550 3105 duas,
1561 3036 1679 3104 elfuui-

81 3118 209 3186 ten'bus,
224 3119 256 3175 in
276 3135 339 3192 qua
353 3123 440 3175 erant
452 3118 514 3175 duo
528 3117 649 3175 ordines
661 3115 796 3189 sculptu·
850 3118 933 3174 rulos
949 3118 1158 3188 capitellorum
1184 3133 1274 3188 super
1302 3120 1446 3188 capitella
1467 3123 1677 3180 columnarum

81 3207 295 3268 histriamm
315 3207 415 3265 bobus
439 3207 596 3280 supposita
615 3205 795 3273 duodecim
850 3207 934 3264 duos.
951 3209 982 3262 ln
997 3206 1119 3262 Hebraeo
1135 3206 1176 3262 sie
1190 3211 1256 3262 est:
1280 3205 1441 3264 Columnas
1454 3207 1531 3266 duas
1545 3215 1574 3267 et
1597 3227 1678 3269 eoro-

81 3314 170 3374 [um
191 3298 293 3373 ipsum
317 3314 401 3355 mare
418 3297 578 3354 fundatum
596 3300 667 3352 erat.
684 3295 801 3352 Crassi·
851 3311 906 3352 nas
922 3310 1012 3368 super
1024 3293 1121 3367 capita
1136 3294 1356 3362 columnarum,
1382 3301 1409 3352 et
1435 3299 1584 3355 retincula
1608 3300 1676 3357 duo.

81 3394 151 3446 dem
177 3389 293 3445 tutem's.
315 3387 347 3443 id
369 3391 413 3444 est
434 3386 595 3460 spissitudo
618 3391 684 3442 erat
706 3386 798 3440 trium
851 3387 904 3441 Per
918 3382 1256 3456 coronassupercapita
1271 3383 1482 3442 columnarum
1497 3387 1604 3460 aliquis
1620 3388 1679 3445 tor-

81 3494 127 3535 um
142 3492 157 3536 :
178 3477 238 3534 duo
264 3478 364 3534 mittin
380 3476 461 3533 batos
485 3475 623 3546 raplebat
649 3475 749 3543 tuter‚·
770 3478 799 3530 et
852 3471 1189 3544 tessisintelligat‚nihil
1203 3472 1285 3530 aliud
1300 3472 1460 3545 significari
1474 3476 1531 3533 nisi
1546 3477 1612 3551 ipsa
1633 3496 1680 3536 aa·
1793 3509 1795 3513 <

82 3567 160 3627 ill&
181 3570 333 3624 metretas.
353 3568 408 3622 Par
431 3564 583 3638 quantitas
605 3564 637 3619 in
664 3560 799 3618 dissimili
853 3562 953 3637 pilella
966 3561 1105 3629 rotunda,
1121 3561 1478 3637 columnissuperposita.
1491 3566 1566 3634 Quia
1579 3573 1679 3626 autem

81 3673 102 3716 ι.
132 3654 217 3713 idem
249 3655 330 3712 enim
356 3654 466 3722 vdent,
500 3654 548 3711 vel
572 3653 598 3709 si
624 3652 662 3709 de
687 3650 797 3708 eadem
853 3650 1002 3708 funiculos
1021 3649 1198 3720 nominavit,
1216 3650 1299 3708 aliud
1312 3651 1443 3710 voluisse
1457 3654 1584 3725 videtur,
1597 3658 1680 3731 quod
1797 3649 1799 3653 ’

81 3762 109 3806 ι
133 3745 253 3816 legium
276 3749 392 3803 tantuma
413 3749 484 3802 sunt
511 3744 572 3801 duo
592 3743 674 3800 milia
692 3741 799 3800 batiin
854 3744 954 3797 tamen
978 3755 1040 3797 uon
1062 3739 1132 3797 satis
1153 3743 1235 3814 patet
1251 3740 1351 3799 uisiin
1365 3742 1438 3816 ipsis
1448 3744 1592 3819 capitellis
1605 3747 1681 3802 s'eul-

81 3851 132 3912 μοι
148 3833 324 3902 οιιιιιιιιιιιιι;
347 3838 496 3906 quantum
520 3833 575 3891 tria
596 3832 690 3890 millia
710 3831 741 3887 in
766 3830 799 3886 li·
853 3834 974 3905 pturam
986 3828 1097 3887 facem
1110 3828 1200 3886 irrisae
1214 3829 1351 3888 dicamus
1364 3831 1396 3889 in
1408 3833 1534 3891 modum
1550 3849 1678 3905 coronae,

81 3940 137 4001 per
149 3923 287 3999 monum.
311 3924 471 3982 cumulata
490 3923 570 3980 enim
593 3937 724 3988 mesura,
737 3919 800 3992 pla-
852 3919 989 3977 vettonia
1003 3917 1198 3976 circumducti
1209 3924 1239 3977 et
1252 3920 1421 3979 ambientis.

81 4014 184 4075 ntinet
196 4017 290 4071 totam
307 4019 335 4071 et
348 4013 508 4071 dimidium
520 4013 595 4084 ejus.
609 4014 650 4069 Et
663 4011 736 4081 serit
750 4011 799 4067 de-
889 4011 934 4082 (lll
949 4012 1016 4067 ileo.
1033 4011 1113 4083 vul.)
1127 4010 1289 4068 Cherubim
1302 4012 1513 4083 expandebant
1530 4015 1596 4073 ulna
1610 4031 1681 4075 suns

81 4118 132 4162 uer
156 4118 259 4161 meus.
282 4107 347 4160 tetre
367 4101 457 4160 bases
474 4117 537 4160 non
557 4101 596 4158 nd
624 4116 719 4169 mere,
745 4099 800 4156 sed
852 4115 943 4170 super
957 4099 1055 4156 urum
1069 4114 1157 4172 arce,
1169 4101 1403 4172 etprotenebanl
1417 4119 1531 4177 arram,
1547 4111 1576 4163 et
1588 4112 1683 4165 vectes

81 4196 176 4251 uteres
194 4196 415 4266 preparantur,
439 4190 551 4264 quibus
571 4188 680 4261 singuli
696 4204 799 4262 super·
852 4191 917 4260 eJ'us
927 4189 1062 4259 desuper.
1076 4189 1209 4260 Cumque
1220 4193 1384 4249 erntnereut
1394 4199 1497 4262 certes,
1512 4200 1540 4251 et
1556 4211 1682 4267 appare·

81 4281 268 4351 melpum
282 4296 356 4352 opus
379 4280 493 4341 tastum
517 4280 690 4337 interrasile
711 4281 799 4348 erut;
855 4284 922 4336 rent
941 4280 1126 4336 summitates
1147 4294 1249 4337 eorum
1270 4272 1358 4338 entra
1372 4282 1586 4339 Sanetuaru'am
1613 4292 1683 4342 orele

81 4368 238 4428 nunaut
259 4386 350 4444 opere
365 4369 450 4427 iactae
473 4368 653 4425 sunthuses.
668 4368 708 4423 Et
720 4367 798 4424 scul-
817 4336 1022 4436 ”oraculum
1037 4383 1097 4426 non
1119 4368 1307 4439 apparebunt
1328 4371 1409 4427 ultra
1434 4373 1628 4439 eatmnsecus,
1651 4373 1683 4428 id

87 4460 174 4517 irater
203 4461 378 4532 juncturas,
411 4464 440 4516 et
473 4459 553 4514 tuter
575 4458 746 4527 coronulas,
773 4460 801 4512 et
855 4461 899 4514 est
912 4473 983 4515 eum
995 4461 1113 4514 tantum
1128 4456 1349 4530 porrigerentur
1363 4456 1564 4525 inanteriora‚
1587 4464 1620 4516 ut
1635 4476 1682 4515 us·
1782 4504 1785 4509 .

81 4548 220 4620 :taenea
234 4553 262 4604 et
273 4547 368 4616 lones,
378 4553 406 4605 et
414 4546 577 4617 cherubim,
589 4550 616 4602 et
623 4547 704 4601 inter
711 4547 801 4615 june—
854 4563 914 4621 que
928 4546 968 4604 ad
981 4546 1083 4603 velum
1097 4546 1303 4619 pervenientes
1320 4546 1421 4619 ipsum
1442 4546 1542 4603 velum
1571 4548 1684 4606 eontin-

81 4638 216 4710 amaru,
230 4643 257 4694 el
266 4638 367 4696 subter
381 4638 489 4707 teones,
503 4641 532 4692 et
543 4635 626 4693 loves
636 4636 724 4706 quusi
734 4635 801 4692 lorn
855 4639 966 4707 gerent,
983 4633 1203 4708 aliquamulum
1217 4634 1248 4691 in
1260 4633 1360 4708 ipsum
1370 4634 1578 4710 impingerent,
1591 4642 1685 4714 utper

81 4744 88 4786 r
111 4727 325 4799 dependentia.
347 4727 480 4784 Obscura
494 4730 538 4783 est
564 4724 722 4798 descriptio
746 4740 802 4781 nec
854 4725 956 4782 velum
970 4723 1009 4781 ab
1024 4723 1068 4792 iis,
1085 4721 1139 4797 qui
1158 4724 1341 4781 extrinsecus
1362 4725 1492 4795 stabant,
1515 4742 1620 4785 eorum
1637 4746 1685 4788 ea-

81 4816 158 4893 quid
171 4816 400 4888 intelligendum
416 4816 461 4884 sit,
479 4814 661 4887 agnoscitur.
683 4814 803 4871 Videtur
855 4814 917 4888 pita
935 4813 1032 4871 notari
1054 4817 1194 4886 possent;
1219 4829 1281 4872 non
1302 4817 1404 4872 umen
1426 4816 1529 4876 velum
1549 4823 1685 4895 penetra-

88 4905 261 4978 signiiiearc
284 4906 369 4980 quod
391 4906 422 4964 iu
440 4905 516 4979 ipsis
534 4904 658 4962 basibus
680 4920 733 4979 per
745 4903 802 4962 sin-
854 4904 938 4972 bant,
976 4918 1074 4978 noque
1114 4903 1297 4962 extrinsecus
1329 4908 1413 4963 extra
1444 4907 1547 4964 velum
1575 4909 1685 4981 promi-

81 5002 150 5056 tera
162 4996 272 5054 diversi
296 4996 406 5054 tuerint
423 4995 545 5052 ordines
569 4995 800 5068 sculpturarum,
854 4994 977 5051 nebant.
1002 4993 1035 5051 St
1054 4996 1225 5065 peccauerit
1248 4994 1334 5053 tomo
1358 4997 1390 5053 tn
1401 4999 1576 5068 proximum
1587 5014 1684 5070 autent,

85 5086 133 5149 itti
151 5087 274 5146 ordines
298 5087 360 5144 sive
385 5102 489 5143 versus
511 5084 718 5158 jungebantur
728 5085 802 5143 seul-
855 5082 1684 5158 hoomodoscilieet,silubuerituliquodjurnmentum,

83 5177 181 5237 wie
202 5178 235 5234 in
257 5177 370 5234 lineam
392 5176 500 5243 duem,
523 5175 600 5233 iuter
620 5190 752 5244 versum,
775 5180 803 5232 et
855 5174 935 5246 quod
950 5179 1087 5230 terremur
1111 5175 1276 5248 astrictum
1298 5175 1329 5232 id
1354 5180 1408 5241 est,
1438 5175 1463 5230 si
1491 5175 1626 5230 asu-intus
1641 5176 1686 5228 est

81 5284 89 5327 ι
129 5265 373 5326 ιιικιοιιιιιοιιοιιι
411 5265 563 5323 iacientes.
600 5263 661 5337 ipsi
702 5267 802 5321 autem
856 5262 1001 5320 adversus
1015 5263 1188 5336 proximum
1204 5264 1305 5336 aliquo
1324 5265 1495 5336 juramento
1515 5266 1542 5317 et
1561 5274 1623 5316 nou
1646 5264 1685 5316 te-

95 5356 193 5432 quasi
210 5356 318 5416 areolae
341 5355 484 5430 quaedam
504 5353 694 5412 interlineas
718 5357 748 5410 et
769 5352 803 5409 li·
856 5357 925 5410 neat
938 5352 1023 5426 quod
1035 5353 1165 5423 jnravit:
1182 5355 1363 5424 coactusque
1378 5351 1417 5407 eb
1432 5350 1482 5406 illo
1496 5348 1545 5404 cui
1557 5348 1684 5420 juravit:

81 5443 669 5517 muehsbebanroireulosinsculptos
679 5441 710 5500 in
724 5442 804 5499 simi-
857 5443 956 5499 veniat
971 5457 1072 5499 eoram
1086 5443 1183 5500 altari
1196 5446 1246 5495 luo
1258 5442 1290 5494 tn
1301 5440 1420 5494 domum
1436 5442 1529 5505 tunm,
1544 5440 1687 5497 uttcstiti·

81 5552 128 5598 rm
151 5550 334 5595 coronarum
358 5540 387 5593 et
412 5535 578 5609 plectarum
600 5549 731 5607 quorum
754 5531 803 5590 ulii
858 5530 973 5588 catione
987 5531 1142 5605 presentis
1156 5527 1319 5584 trininitatis
1334 5526 1531 5596 seabsolvat3
1552 5528 1577 5585 si
1596 5545 1686 5603 nega-

94 5625 266 5698 ntiiboves,
280 5625 330 5689 alii
342 5621 804 5685 cherubimeontiuebaututin-
857 5619 931 5680 verit
945 5635 1047 5683 eoram
1069 5623 1095 5679 le
1115 5620 1330 5690 juramentum,
1352 5616 1436 5690 quod
1458 5617 1526 5679 tecit
1549 5619 1687 5694 proximo
