3832 6044
51 112 104 169 itt
470 109 677 169 iitreounu
698 114 732 169 lh
752 112 861 170 VETUS
881 112 1143 197 restauraturi.
1158 144 1192 155 ·-
1208 116 1272 174 LiB.
1293 116 1334 175 lx.
1713 130 1764 184 738

52 239 174 292 Noctem
188 250 241 290 rex
256 234 341 291 drmit
353 234 533 304 insomnem,
547 236 683 309 quianon
699 237 882 311 concitabit,
902 245 926 296 Α
975 239 1045 298 Cum
1062 241 1136 299 irent
1146 256 1239 300 enices
1248 245 1286 301 ud
1299 245 1406 303 vituios
1416 260 1528 313 aureos,
1540 248 1766 318 quosiereteem

55 340 150 396 raeque
163 323 290 380 detrectet
303 326 355 396 qni
370 326 498 381 custodit
510 326 608 383 Israel
622 325 716 392 (Prot.
728 328 886 393 scribens
939 345 990 386 rea
1004 333 1095 388 israel
1119 334 1234 404 sereret,
1264 334 1313 391 hic
1339 336 1417 392 sotus
1443 336 1567 407 inputet
1593 338 1767 396 consortium

53 411 133 469 enim
149 411 180 469 in
195 428 225 467 se
240 411 403 468 immobilis
414 429 550 479 manens,
571 429 676 469 cursus
704 417 884 487 temporum,
939 420 1075 486 omniurn,
1090 432 1114 477 et
1124 423 1258 494 pergebat
1277 425 1457 481 Hierusalem
1472 427 1512 483 ed
1525 425 1658 498 temptum
1670 426 1768 496 behet

53 507 83 558 et
97 506 182 558 actus
196 501 356 557 hominum
369 501 598 575 contemplatur,
615 506 644 558 ct
657 501 820 559 habacum
846 503 887 560 la·
938 509 1127 569 thioderabat
1149 515 1308 571 Dominum
1327 518 1421 572 ileum
1443 515 1546 572 lsrael.
1572 517 1643 575 Cum
1670 523 1768 576 autem

53 595 94 649 tet
108 590 257 662 cogitatio,
274 589 321 647 eui
336 590 438 647 omnia
461 589 629 665 praesentia.
656 592 738 648 Unde
761 597 885 666 Aposto·
939 599 1028 671 [oetan
1040 607 1111 659 esset
1123 602 1180 668 vit,
1194 604 1305 676 <reecpit
1313 606 1556 662 excrementum
1570 606 1603 663 de
1613 606 1691 665 tritu
1701 623 1766 674 tue,

52 679 119 736 lus:
134 680 201 736 it'on
216 681 347 736 catores!
359 681 389 736 in
401 681 464 748 itio,
476 685 529 750 est,
541 681 809 752 cicumsedente
820 683 884 755 iiio,
940 690 1078 762 etpeuuit
1092 706 1127 748 ea
1141 708 1172 748 ea
1196 692 1289 763 Nicen
1309 703 1334 749 et
1357 709 1440 750 raum
1461 710 1559 752 aetiten
1586 695 1723 769 imposuit
1744 695 1769 756 et

51 770 114 840 suit
129 769 173 842 (II
181 770 250 826 Cor.
262 772 293 837 ι).
310 771 396 826 Gesta
410 768 586 826 iiacdocbaei
604 787 706 827 coram
734 787 803 843 rege
824 788 886 829 me·
942 780 1017 847 (reb.
1044 785 1075 849 ι).
1100 780 1145 838 Sic
1167 781 1299 854 populus
1323 783 1411 839 israel
1437 784 1637 858 amplificatus
1669 783 1767 842 estin

55 857 303 931 morantur,quia
316 857 397 915 bona
415 874 507 932 opera
529 863 700 916 sanctorum
729 861 886 918 doctorum
940 871 1077 941 AEgppto
1093 872 1121 924 et
1133 870 1247 942 accepit
1268 873 1459 943 synagogam
1483 873 1668 929 ceremoniis
1688 873 1768 946 lega·

54 965 212 1022 nunquam
225 948 307 1021 apud
323 951 417 1004 iterun
432 948 576 1005 oblivioni
588 949 764 1020 traduntur;
787 951 840 1008 sed
855 953 886 1008 in
940 955 1018 1012 libus
1027 972 1081 1029 per
1096 959 1216 1030 Moysen
1231 956 1405 1026 institutam,
1419 964 1447 1015 et
1462 960 1650 1029 genuitexea
1660 960 1766 1030 hlium,

55 1039 197 1096 retortorio
221 1043 333 1095 aeterna
361 1040 418 1095 erit
439 1040 544 1109 justus
567 1039 669 1121 Ι(Ρειιί.
695 1044 761 1108 (tn).
805 1042 887 1097 Tulit
940 1044 1012 1118 quia
1028 1045 1175 1103 Christum
1190 1047 1374 1118 reguariter
1385 1063 1556 1118 generesuo
1571 1048 1767 1119 gignendum.

54 1129 166 1195 Amen,
177 1127 303 1197 jubente
315 1143 392 1197 repe,
406 1129 525 1195 stolam,
541 1134 567 1185 et
583 1129 809 1187 hardericum
826 1129 885 1199 (cui
943 1135 1024 1192 Unde
1050 1136 1194 1209 scriptum
1219 1141 1284 1193 est:
1310 1139 1487 1211 trophaeam
1515 1139 1663 1196 suscitato
1693 1139 1769 1197 eoois

53 1217 119 1290 ipse
146 1233 183 1272 ex
211 1215 344 1288 nequitia
368 1232 487 1273 erucem
513 1223 682 1291 paraverat)
716 1219 886 1290 ienpositum
940 1226 1016 1280 Dens
1029 1224 1061 1281 de
1074 1226 1214 1295 frutribus
1228 1227 1327 1283 cestris
1339 1231 1432 1294 (Dent.
1445 1232 1542 1297 xrrrrt;
1563 1227 1705 1285 etitem:
1729 1231 1769 1286 De

55 1322 130 1378 equo
138 1305 330 1377 precedebat
347 1325 354 1362 ι
368 1307 434 1362 Hoe
445 1306 556 1363 itenere
566 1308 779 1379 condignusest
789 1325 887 1380 quern·
941 1313 1040 1385 piretu
1053 1315 1162 1371 centris
1174 1316 1339 1388 luiponem
1352 1331 1445 1389 super
1471 1317 1558 1375 sedem
1580 1321 1661 1374 tuem
1679 1318 1768 1385 (i’sei.

56 1410 173 1468 cuteque
185 1411 240 1453 ree
255 1397 385 1453 cotelerii
396 1396 555 1454 honorare.
572 1396 617 1455 Sic
633 1398 768 1469 magistri
791 1399 888 1456 Eccle-
942 1405 1013 1469 rur).
1031 1402 1082 1460 Cui
1106 1419 1218 1460 nomen
1230 1420 1320 1461 sunm
1342 1404 1485 1478 imposuit
1504 1406 1663 1474 eredendo,
1678 1405 1769 1464 conii-

56 1483 107 1539 siae
122 1483 259 1540 omnium
274 1483 416 1541 virtutum
434 1484 524 1551 cuitu,
549 1489 578 1543 et
600 1485 706 1543 decore
735 1487 887 1560 sapientire
943 1489 1032 1546 tendo
1047 1491 1130 1563 quod
1144 1494 1228 1547 Pater
1242 1491 1280 1548 dc
1294 1492 1343 1548 iiio
1356 1493 1426 1551 dicit
1441 1512 1448 1549 :
1464 1495 1523 1567 ligo
1536 1494 1770 1566 primogenitum

56 1572 203 1641 illustrati,
219 1573 405 1630 honorantur
417 1573 585 1631 diademate
606 1574 694 1644 regine
718 1575 886 1647 dignitaiis;
904 1597 924 1651 p
941 1577 1235 1646 praemittunrti’set.
1247 1582 1393 1646 nrxxrnr).
1410 1581 1469 1634 iioc
1492 1583 1536 1635 est
1554 1578 1634 1636 enirn
1657 1594 1768 1636 nomen

56 1665 206 1736 tanquam
218 1662 356 1720 membra
372 1666 483 1720 summi
506 1664 584 1734 regis
608 1664 775 1722 ascendunt
798 1683 888 1740 super
941 1661 1035 1736 ipsius
1052 1663 1148 1720 lsrael.
1163 1665 1244 1721 Unde
1260 1665 1462 1740 scriptumest
1478 1686 1485 1724 ι
1500 1668 1596 1726 Filius
1620 1682 1696 1725 mens
1714 1666 1770 1740 pri·

57 1768 172 1825 equum
184 1751 310 1822 regium,
322 1751 352 1808 id
367 1758 411 1809 cst
423 1769 513 1827 super
523 1753 671 1827 populum
686 1753 830 1826 fidelium,
856 1755 887 1812 in
942 1762 1093 1823 magenerus
1108 1755 1199 1811 israel
1209 1757 1314 1823 (deod.
1334 1757 1380 1829 rr).
1397 1758 1464 1814 Cum
1475 1758 1654 1829 pervenisset
1666 1757 1697 1813 in
1708 1762 1767 1816 aa·

57 1858 189 1915 quorum
209 1841 351 1898 cordibus
376 1842 485 1899 residet
504 1860 556 1899 rex
584 1843 774 1913 angeiortun.
804 1845 887 1901 Unde
941 1842 1144 1913 pescioiiatem
1159 1847 1312 1914 litatorum,
1327 1847 1588 1925 destinantibus
1617 1848 1771 1905 honorum

58 1930 380 2005 iiabaeucpropbeta:
396 1932 567 1989 decendens
587 1949 678 2004 super
701 1949 789 2004 equos
811 1940 886 2003 tuos,
940 1932 1155 2004 [nerotarega
1180 1934 1326 1991 habuisset
1350 1935 1443 1992 decem
1471 1938 1577 1993 talento
1599 1936 1723 2006 argenti,
1746 1939 1771 1990 et

58 2027 86 2078 et
101 2021 260 2093 quadrigae
275 2028 332 2078 tna
346 2022 475 2079 sotretio
495 2022 621 2091 (Hebae.
642 2027 693 2092 ιιι).
721 2023 770 2080 iiis
791 2029 887 2080 mnan
942 2037 1005 2077 cum
1019 2023 1047 2077 in
1060 2023 1153 2079 ceretto
1178 2023 1264 2080 turbe
1288 2023 1397 2094 generis
1419 2026 1465 2080 sai
1489 2024 1624 2081 Cebetem
1647 2026 1772 2096 egeatem

58 2111 219 2185 spiritualis
231 2111 324 2169 hostis
338 2111 444 2186 popuii
455 2113 505 2169 Dei
517 2113 584 2170 licet
597 2113 889 2189 inrituspraebetob-
943 2111 1064 2181 videret,
1078 2113 1132 2184 qai
1145 2117 1206 2170 erat
1221 2128 1254 2170 ee
1267 2112 1349 2170 tritu
1360 2128 1426 2178 aaa,
1441 2113 1494 2170 sub
1508 2112 1703 2186 chirographo
1724 2113 1772 2170 rie·

59 2198 208 2272 sequium,
224 2216 295 2256 cum
306 2204 509 2272 persecutores
520 2200 655 2258 Ecclesiae
664 2207 811 2274 eoguntur
825 2203 890 2258 red·
943 2201 984 2258 dit
996 2201 1040 2258 itti
1050 2206 1236 2260 numeratum
1247 2204 1351 2274 pondus
1363 2203 1488 2275 argenti.
1505 2202 1551 2261 Sic
1565 2202 1697 2278 populus
1720 2201 1771 2259 itei

59 2288 129 2345 dere
143 2288 355 2358 testimonium,
378 2306 440 2346 non
465 2289 596 2347 valentes
623 2290 781 2364 occultare,
806 2293 890 2365 qnod
944 2305 997 2363 per
1010 2289 1198 2364 septuaginta
1221 2295 1396 2365 interpretes
1417 2291 1570 2349 scientiam
1591 2290 1674 2364 legis,
1702 2307 1771 2365 quae

59 2377 253 2434 manifestum
264 2382 317 2435 est.
331 2380 476 2436 Reversus
491 2386 533 2436 est
558 2380 767 2438 ilardoeha‘us
785 2382 826 2439 ad
839 2384 890 2452 jo·
944 2377 975 2436 in
985 2377 1133 2449 Deeaiogo
1147 2378 1325 2453 continetur,
1338 2381 1476 2451 gentibus
1497 2380 1654 2450 commisit,
1683 2384 1715 2437 ut
1740 2379 1773 2436 ii-

62 2482 155 2524 neam
169 2468 290 2536 palatii.
306 2468 457 2525 EtAman
468 2469 624 2540 festinavit
648 2471 693 2527 tre
716 2471 746 2526 in
770 2470 889 2527 donem
945 2465 1062 2522 beraret
1077 2481 1160 2523 easa
1183 2466 1262 2523 lame
1284 2467 1368 2524 verbi
1395 2467 1456 2525 Dei.
1485 2467 1545 2526 Sub
1573 2466 1772 2540 chirographo

60 2573 146 2613 secam
162 2558 266 2627 tegens
282 2563 420 2628 cooperto
435 2559 627 2629 capitaliter
644 2561 772 2616 scrutatio
790 2560 890 2618 dente·
945 2554 1036 2623 dedit,
1050 2554 1082 2611 id
1096 2559 1140 2613 est
1154 2555 1211 2613 sub
1225 2557 1394 2614 conditione
1404 2557 1560 2626 reddendi,
1572 2572 1641 2613 eum
1665 2555 1713 2613 iiie
1729 2554 1772 2612 di-

61 2661 106 2703 ree
119 2646 243 2703 Excelsa·
255 2646 349 2719 (Prot.
366 2651 472 2715 naxia).
489 2647 544 2714 Qui
555 2647 611 2704 sibi
623 2647 781 2706 ridebatur
802 2665 891 2723 super
945 2659 995 2699 res
1010 2651 1096 2713 esset,
1111 2644 1157 2701 rel
1172 2645 1307 2719 quando,
1323 2645 1376 2720 qui
1390 2646 1523 2714 dederat,
1543 2647 1697 2719 repeteret.
1721 2647 1774 2699 Ac·

61 2734 136 2791 alios
151 2734 307 2813 gloriosior
320 2739 348 2792 et
360 2735 518 2808 potentior,
533 2735 612 2793 inira
626 2736 700 2793 alios
715 2743 841 2811 apparet
850 2739 891 2795 ri·
946 2737 1089 2806 ceperunt
1103 2739 1204 2805 gentes
1219 2734 1345 2791 verbum
1360 2735 1421 2803 itei,
1437 2740 1464 2792 et
1487 2732 1574 2808 quasi
1592 2731 1773 2804 negotiando

60 2823 117 2880 lior
144 2828 173 2881 et
197 2824 329 2894 interior,
346 2824 512 2882 seeundum
534 2825 624 2883 iilud:
638 2827 780 2897 Deposuit
787 2833 893 2898 poten·
946 2826 1093 2891 exercent,
1109 2822 1197 2880 etiam
1212 2828 1281 2897 post
1296 2823 1401 2881 Christi
1413 2823 1585 2890 adrentum,
1601 2838 1670 2879 eum
1691 2819 1775 2895 spiri·

61 2920 104 2970 tes
119 2915 244 2988 desecte,
260 2916 443 2973 eteeattevtt
457 2914 676 2989 treenitesaec.
692 2921 723 2985 r).
753 2917 891 2975 Similiter
907 2952 929 3008 C
946 2912 1058 2969 tuaiem
1078 2911 1259 2969 intellectum
1273 2913 1438 2987 requirunt.
1461 2912 1596 2969 Reddent
1616 2909 1775 2968 feneratori

61 3002 893 3078 etisaiasait:Conrertetariibanase'ucharoneiaciter·
947 3018 1017 3058 eum
1033 3001 1185 3058 credentes
1194 3002 1311 3059 iudaeos
1324 3001 1355 3058 in
1369 3002 1429 3058 iine
1444 2999 1544 3058 sectili
1567 2999 1727 3074 suscipient
1747 3002 1776 3055 et

62 3091 158 3147 thetin
173 3091 711 3162 seltenerepotatitue·(isat,xrrx).Sic
726 3096 893 3166 synagogae
948 3090 1100 3147 salvandis
1116 3090 1221 3147 Christi
1235 3095 1423 3148 sacramenta
1436 3089 1631 3156 committent,
1658 3092 1688 3144 et
1701 3086 1775 3145 Seri·

63 3179 208 3252 snperbia
221 3184 264 3237 est
277 3195 430 3255 oppressa,
445 3181 623 3238 etEeclesiae
643 3183 795 3240 humilitas
816 3184 895 3242 eral-
949 3184 1044 3253 pturae
1068 3195 1179 3236 areana
1205 3180 1348 3252 pandent.
1374 3181 1443 3237 Cum
1464 3177 1663 3236 Sennacherib
1682 3176 1776 3232 iratus

65 3273 147 3336 tata;
164 3268 205 3325 sie
219 3274 422 3342 persecutores
437 3270 573 3327 Ecclesia
595 3275 623 3327 et
637 3270 895 3330 iideiadnihilum
949 3268 1048 3325 multos
1064 3269 1200 3326 meideret
1223 3284 1257 3326 ee
1282 3268 1355 3340 filiis
1379 3266 1483 3332 isreel,
1510 3266 1605 3324 Tobiae
1630 3261 1776 3338 sepeliebat

63 3362 134 3414 sunt
149 3357 270 3425 redacti,
287 3363 315 3415 ei
337 3359 522 3416 confessores
550 3360 654 3418 Christi
677 3360 708 3418 in
738 3365 799 3419 toto
822 3362 894 3419 orbe
949 3373 1073 3432 corporo
1086 3373 1196 3415 eorum.
1214 3362 1248 3415 it
1267 3356 1318 3413 uti
1341 3358 1511 3413 vicariatum
1535 3364 1574 3412 est
1595 3354 1667 3426 regi,
1687 3351 1777 3425 iacent

62 3446 193 3504 exaltati.
210 3451 305 3520 Caput
319 3447 350 3503 in
365 3447 505 3517 caudam,
522 3454 550 3505 et
564 3449 662 3506 cauda
676 3450 707 3506 in
718 3454 809 3524 caput
826 3467 895 3507 con·
950 3464 1014 3506 eunt
1027 3446 1127 3515 aeddi,
1144 3453 1171 3504 et
1184 3447 1250 3504 tutti
1262 3460 1371 3503 emnem
1384 3444 1576 3502 suostantiam
1590 3443 1661 3516 ejus.
1676 3442 1776 3501 roan

64 3552 150 3593 versa
164 3538 298 3610 estquis
312 3538 411 3606 omnis,
434 3539 483 3610 qai
497 3554 524 3596 se
552 3539 696 3608 inmittat,
722 3540 896 3598 excitabitur
949 3553 1018 3595 cero
1027 3552 1092 3595 eum
1106 3552 1206 3605 unere,
1221 3541 1246 3594 et
1260 3536 1333 3609 fitio,
1347 3536 1462 3608 [uptun
1476 3535 1572 3592 aedes
1585 3535 1681 3601 ieron,
1704 3533 1776 3606 quta

65 3626 133 3697 (tue
158 3630 227 3695 nr).
243 3631 298 3684 ete.
949 3627 1034 3684 multi
1045 3625 1201 3698 diligebant
1212 3640 1287 3683 eum.
1317 3624 1362 3682 Sic
1392 3623 1531 3681 diabolus
1553 3621 1702 3697 populirm
1726 3619 1778 3679 nei

100 3716 226 3773 t’rocidit
239 3717 342 3774 Esther
355 3717 395 3774 od
407 3718 494 3791 pedes
503 3719 590 3790 regis,
602 3724 628 3775 ct
645 3720 738 3776 oravit
762 3724 796 3777 ut
812 3721 896 3778 niati·
951 3731 1005 3789 per
1016 3715 1216 3774 idololatriam
1231 3713 1354 3789 spiritali
1363 3717 1458 3770 morte
1473 3712 1618 3786 perimere
1631 3710 1734 3780 voluit,
1750 3712 1779 3768 ct

65 3806 141 3864 tiam
154 3806 254 3864 Amen
263 3813 291 3865 et
302 3808 527 3866 inuehiaettouea
541 3806 603 3880 ejus
610 3809 756 3881 pessimas,
767 3825 898 3883 quatec-
951 3809 1074 3863 cunctas
1088 3822 1161 3879 opes
1174 3805 1318 3863 virtutum
1333 3804 1449 3862 auterre
1463 3818 1525 3859 non
1539 3799 1642 3869 valuit,
1660 3799 1732 3873 quia
1746 3799 1779 3857 in

64 3897 234 3967 condeceret
247 3905 345 3955 entire
357 3898 488 3968 taneos,
503 3898 617 3969 heberet
630 3900 733 3956 irritet
749 3898 816 3972 lteri
830 3900 895 3971 (ds·
951 3912 986 3953 eo
1001 3898 1086 3952 erant
1099 3893 1185 3952 multi
1199 3893 1302 3963 sancti,
1319 3892 1371 3968 qui
1385 3893 1450 3965 ejus
1460 3890 1650 3965 providerent
1669 3887 1736 3945 ritae
1751 3891 1780 3947 et

66 3986 133 4044 tter
146 3986 213 4058 rur).
238 3985 284 4044 Sic
302 3992 406 4044 saneta
426 3986 556 4045 Ecclesia
570 4003 626 4061 pro
645 3987 796 4062 ereptione
820 3988 896 4045 iiiio-
951 3983 1048 4043 saluti.
1064 3984 1147 4055 Fugit
1162 3987 1263 4042 autem
1277 4000 1347 4040 cum
1370 3982 1432 4039 filio
1452 3985 1481 4038 et
1494 3997 1605 4038 uxore:
1630 3977 1704 4054 quia
1723 3993 1781 4035 neo

64 4092 135 4132 rum
150 4091 285 4144 suorum,
300 4075 433 4150 quotidie
448 4079 543 4133 iteum
557 4076 792 4151 omnipotentem
803 4094 856 4150 per
863 4076 897 4133 ii-
951 4074 1043 4131 fidem
1055 4072 1268 4130 incarnationis
1279 4071 1449 4140 bominieoe,
1468 4088 1524 4128 nee
1552 4075 1662 4129 statum
1688 4070 1781 4144 Syna·

66 4164 138 4221 dem
152 4168 181 4220 et
193 4164 336 4237 mysteria
347 4164 559 4223 incarnationis
572 4164 711 4223 obsecrat
720 4169 752 4224 ut
764 4166 897 4224 hostium
953 4179 1035 4235 gogae
1050 4160 1190 4228 deseruit,
1206 4160 1288 4234 quod
1313 4160 1344 4215 in
1366 4159 1606 4217 tiaebabaeorum
1632 4157 1780 4230 agonibus

66 4252 284 4326 comprimatur
294 4253 431 4323 audacia,
446 4257 475 4312 et
495 4253 630 4311 fidelium
654 4254 794 4312 liberetur
813 4254 898 4313 inno·
951 4249 1137 4308 lueeciarius
1152 4246 1301 4321 apparuit.
1318 4247 1512 4318 Occisorcgc,
1526 4262 1544 4304 a
1558 4245 1626 4301 filiis
1654 4245 1715 4302 suis
1736 4261 1782 4302 re·

67 4340 174 4399 centia.
186 4341 390 4399 liardochaeus
403 4343 504 4416 itaque
514 4343 660 4402 exaltatus
679 4349 732 4413 est,
755 4348 784 4401 et
802 4360 897 4415 genus
914 4309 937 4364 Β
952 4342 1084 4397 staurata
1098 4341 1167 4394 sunt
1181 4333 1283 4393 omnia
1297 4333 1405 4403 Tobioe,
1418 4333 1491 4407 quia
1501 4336 1640 4407 superato
1659 4348 1678 4390 a
1692 4331 1782 4389 sceie-

68 4431 144 4502 ejus,
160 4429 233 4504 quia
246 4430 330 4488 eiecti
341 4432 518 4501 exaltantur,
532 4435 561 4490 et
572 4431 603 4488 in
615 4433 755 4506 praesenti
768 4449 898 4507 pergra-
953 4428 1036 4485 ribus
1060 4425 1121 4483 suis
1150 4424 1256 4499 saepius
1285 4422 1416 4490 diabolo,
1445 4421 1498 4494 qni
1517 4419 1598 4477 velut
1617 4419 1783 4493 pessimam

67 4520 151 4589 iiam,
166 4519 234 4577 etin
248 4519 347 4578 tuturo
362 4538 416 4595 per
430 4521 566 4593 gloriam.
588 4526 685 4579 riman
699 4521 822 4595 punitus
843 4526 897 4592 est,
953 4516 1069 4592 prolem
1088 4513 1200 4586 gignit;
1215 4511 1355 4568 redibant
1366 4525 1509 4584 prospera
1518 4506 1632 4582 populo
1642 4507 1703 4576 Dei,
1717 4506 1783 4583 qrri·

68 4614 97 4666 et
110 4624 205 4681 genus
220 4609 295 4683 ejus,
310 4609 382 4684 quia
395 4609 467 4668 maii
481 4611 594 4685 quique
606 4610 637 4668 in
650 4610 787 4685 praesenti
800 4626 900 4685 repro-
953 4606 1011 4663 bus
1025 4605 1125 4661 adhue
1137 4599 1381 4660 alternationibus
1396 4597 1530 4657 Ecclesiae
1540 4601 1651 4656 statum
1660 4597 1785 4656 fluctua-

68 4698 180 4756 bantnr
194 4714 247 4773 por
260 4699 391 4772 cuipam,
403 4705 432 4758 et
444 4700 472 4756 in
484 4700 583 4759 tuturo
593 4701 756 4775 punientur
767 4716 821 4775 per
836 4716 901 4774 poe-
955 4711 986 4753 te
1001 4692 1148 4751 videmus·

68 4804 152 4844 nam.
183 4788 331 4845 Gaudium
356 4789 457 4863 itaque
482 4791 654 4849 iudaeorum
682 4795 710 4849 et
743 4789 900 4849 exsultatio
991 4783 1161 4855 Conttfitut
1174 4780 1303 4856 quedam
1317 4780 1362 4838 die
1374 4782 1515 4854 fatigatus
1529 4782 1727 4852 eeseputture
1741 4796 1784 4839 oe·

69 4881 211 4935 aternam
226 4877 364 4951 designat
372 4879 504 4938 laetinam
518 4880 688 4939 hasprum,
956 4874 1032 4932 niens
1047 4873 1163 4930 domum
1172 4872 1307 4944 jactasset
1318 4872 1444 4943 seinata
1455 4869 1605 4943 parietem,
1627 4877 1656 4930 et
1679 4869 1783 4929 otior·

69 4970 138 5046 cir.
149 4971 182 5025 tt.
195 4971 231 5024 ne
244 4970 389 5042 mysteriis
403 4984 465 5042 pan
479 4972 659 5030 continemur
672 4972 701 5030 t„
717 4971 785 5030 gero
800 4971 899 5029 Tacta.
956 4964 1096 5023 attentet:
1111 4968 1139 5021 et
1150 4979 1186 5021 ee
1197 4962 1267 5020 aido
1278 4961 1484 5022 birundinum
1495 4959 1705 5019 dormientitttt
1716 4958 1786 5018 cott-

106 5056 193 5114 Liber
202 5057 301 5115 tobiae
322 5057 353 5116 in
382 5059 539 5133 superficie
562 5059 665 5118 litterae
691 5064 736 5119 est
763 5059 901 5118 salubris.
956 5053 1159 5113 deineiderent
1172 5046 1403 5126 stercere‘super
1425 5053 1519 5110 ocutos
1545 5048 1620 5121 eius,
1645 5050 1786 5122 fieretque

69 5144 197 5203 liaxime
210 5147 292 5204 enim
304 5148 373 5204 vitre
387 5148 521 5219 moralis,
543 5152 572 5204 et
589 5149 745 5222 exemplis,
768 5147 904 5206 abundat
958 5158 1050 5203 toene
1064 5143 1141 5212 (Yet.
1154 5146 1196 5213 ιι).
1214 5144 1346 5199 Caecatus
1360 5140 1476 5208 Tobias,
1492 5136 1641 5211 populum
1648 5131 1739 5190 lsrael
1748 5130 1786 5188 si-

70 5239 101 5293 et
112 5236 243 5295 monitis.
260 5238 318 5296 Sed
329 5243 477 5313 quantum
485 5255 578 5314 poma
585 5239 672 5308 loliis,
682 5242 798 5296 tantum
813 5237 904 5296 histo-
958 5233 1088 5305 gnificat.
1107 5234 1222 5292 decime
1237 5231 1317 5289 enim
1332 5245 1370 5288 ce
1386 5233 1475 5301 perte
1495 5224 1618 5294 contigit
1638 5222 1669 5278 ie
1694 5219 1786 5324 irrasi

69 5323 123 5382 n'is
137 5324 280 5397 allegoria
294 5326 444 5401 praecedit.
460 5329 586 5386 Maxima
600 5327 681 5386 enim
702 5326 838 5385 Ecclesia
860 5343 905 5385 sa·
959 5326 1047 5392 (Rom.
1064 5327 1115 5391 n).
1133 5322 1280 5394 Fatigatus
1295 5336 1313 5376 a
1335 5316 1487 5391 sepultura
1510 5315 1636 5369 caecatus
1649 5313 1702 5369 est.
1730 5312 1786 5378 Qut

70 5418 227 5471 eramenta
251 5416 391 5473 eontinet.
423 5421 487 5490 ipse
512 5417 592 5473 enim
620 5416 728 5474 Tobias
756 5415 905 5490 populum
958 5413 1039 5470 enim
1064 5410 1255 5482 infatigabilis
1270 5400 1701 5477 inbonisoperibuseonsistit,
1714 5401 1786 5459 fidei

70 5502 161 5559 israel
175 5503 332 5575 signifieat,
347 5506 520 5580 qnieoeteris
530 5505 704 5564 idololatriae
715 5505 831 5574 deditis,
846 5505 905 5561 ilde
959 5502 1060 5559 iumen
1075 5516 1136 5556 non
1151 5497 1266 5556 amittit.
1276 5500 1318 5553 ita
1332 5500 1361 5552 et
1375 5491 1564 5568 spiritualiter
1572 5489 1710 5563 fatigatus
1718 5491 1786 5549 dor·

69 5598 165 5664 recta,
181 5598 210 5653 et
223 5596 365 5670 operibus
379 5600 438 5655 Deo
453 5596 608 5654 serviebat.
624 5595 707 5654 Unde
721 5595 828 5654 dicitur
844 5613 850 5651 :
959 5592 1023 5663 mit,
1033 5590 1086 5667 qui
1096 5587 1326 5661 vigilarestare,
1337 5583 1457 5643 viriiiter
1470 5597 1559 5656 agere
1573 5584 1601 5640 et
1626 5581 1787 5641 contortari
