3832 6044
65 159 134 214 ross
397 159 576 219 amastrin
597 162 630 218 ru
650 161 835 220 manasen.
856 162 1015 224 cenasse.
1036 167 1065 225 s
1086 167 1248 228 nvomsu.
1269 180 1304 214 -·
1324 174 1387 231 un
1408 176 1449 232 u:
1703 170 1771 241 rost

63 283 231 352 Propterea,
242 282 349 353 inquit,
373 304 387 334 ι(
403 283 635 341 existimandum
660 289 704 342 est
726 286 890 344 nescientes
908 289 932 343 Α
947 291 1143 361 speculativas
1157 293 1400 354 intellectualium
1415 318 1421 368 ;
1442 315 1504 356 non
1516 303 1616 357 armen
1628 303 1715 376 quasi
1728 319 1772 361 re-

61 386 126 424 esse
142 371 355 429 contumeliam
369 372 399 429 in
413 374 570 446 subjectis3
586 375 638 431 sed
664 374 763 448 potius
778 376 891 432 baben·
946 376 1051 435 ductas
1063 380 1093 436 in
1108 382 1252 452 divinum,
1266 385 1323 441 hoc
1351 391 1395 443 est
1413 386 1443 444 in
1471 388 1606 446 divinam
1632 390 1772 462 cognitio

61 463 105 514 tes
118 459 344 518 collocationem
368 463 495 535 propriae
522 462 676 520 deiformis
703 464 890 537 specialitatis
945 470 1185 538 nem,varietate,
1202 471 1232 528 id
1247 478 1291 530 est
1304 474 1459 548 multiplici
1485 476 1621 535 doctrina
1640 477 1770 546 theoriae,

61 546 256 628 incasualem,
279 554 311 605 nt
334 554 364 605 et
377 550 678 610 intransmutabilem.
694 573 710 607 a
738 555 891 626 Propriam
944 555 975 612 id
990 560 1034 613 est
1047 557 1154 615 divina
1180 559 1356 636 Scripturae;
1385 564 1506 621 theoriae
1527 563 1594 621 dico
1619 566 1772 631 saccari·

61 636 239 693 deiformem
252 637 465 710 specialitatem
477 638 621 711 intelligit,
648 641 851 712 excellentem,
863 647 891 702 et
944 643 1057 715 beutis;
1072 647 1145 720 quia
1152 649 1262 707 scilieet
1271 651 1308 707 de
1316 651 1424 709 divinis
1433 657 1462 710 et
1471 653 1562 710 sacris
1570 653 1660 711 rebus
1671 653 1772 712 scribit

62 723 246 795 singularem
255 725 500 783 conformationis
506 727 614 785 divinis
621 729 887 804 palchritudinem:
944 737 973 789 et
986 734 1126 808 loquitur.
1143 740 1195 795 Per
1207 739 1316 796 divinoe
1331 743 1411 798 enim
1431 742 1691 817 contemplationis
1704 743 1772 801 sim-

61 830 130 885 qute
144 813 175 869 in
190 813 246 870 illis
260 815 386 871 summis
400 816 534 873 essentiis
548 821 607 901 estj
624 818 655 874 in
665 834 727 891 qua
739 819 780 876 ita
794 819 891 892 puris·
944 821 1052 894 Ilicem
1067 824 1325 896 illuminationem,
1339 845 1399 886 non
1413 846 1468 905 per
1488 832 1603 888 variam
1631 836 1660 889 et
1674 831 1772 889 multi·

62 902 145 958 simae
161 907 189 958 et
202 901 423 975 perfectissimae
444 903 596 962 collocatas
611 911 690 975 sunt,
706 910 734 963 et
747 906 888 977 tundata,
944 910 1052 982 plicam
1068 912 1287 986 scripturarum
1313 917 1480 975 doctrinam
1509 920 1642 988 erudite,
1665 935 1771 977 omnes

62 995 95 1047 ut
108 991 334 1049 collocationem
348 992 481 1051 habeant
502 994 685 1053 incasualem
698 1014 705 1064 ;
730 996 778 1052 cui
801 1012 889 1052 casus
944 1014 1044 1056 sacras
1058 1000 1262 1073 figurationes,
1278 1008 1306 1060 et
1319 1004 1470 1061 sensibilia
1484 1005 1579 1078 signa,
1593 1023 1661 1080 quoe
1679 1007 1727 1064 vel
1740 1008 1770 1064 in

61 1080 211 1138 dominari
225 1096 286 1138 non
299 1085 415 1153 potest;
430 1087 460 1140 et
472 1082 578 1140 merito
591 1079 890 1156 incasualem,utpote
943 1090 1047 1158 Veteri,
1062 1091 1149 1148 velia
1164 1094 1246 1149 Novo
1258 1097 1454 1163 Testamenta,
1470 1097 1572 1168 utpote
1597 1095 1771 1153 tabernacu-

61 1167 364 1237 intransmutabilem,
388 1169 436 1226 vel
448 1169 735 1229 incommutabilem.
766 1174 890 1229 Summa
944 1178 1007 1235 lum
1017 1179 1147 1248 foederis,
1161 1185 1190 1238 et
1202 1197 1303 1239 arcam
1318 1183 1496 1251 testamenti,
1513 1187 1540 1240 et
1551 1182 1771 1255 caeterahujus·

60 1273 133 1327 ergo
148 1257 238 1329 hujus
253 1257 375 1331 capituli
389 1259 453 1315 hac
469 1263 521 1328 est,
538 1260 621 1332 quod
636 1260 740 1333 prime
768 1265 797 1318 et
811 1260 890 1333 priu-
944 1267 1036 1335 modi,
1050 1284 1118 1340 quas
1133 1269 1171 1325 ad
1184 1269 1468 1328 demonstrationem
1492 1270 1684 1327 invisibilium
1699 1271 1773 1328 Seri·

62 1346 173 1420 ripales
187 1345 244 1401 illae
257 1347 390 1403 essentiae
405 1348 626 1419 purgationem,
640 1349 700 1406 sive
729 1350 890 1422 puritatem
944 1360 1032 1428 ptura
1044 1358 1206 1429 proponit:
1237 1359 1366 1416 visibiles
1381 1360 1471 1416 etiam
1486 1360 1599 1433 species
1623 1365 1771 1417 creatura-

61 1451 150 1491 suam
163 1435 225 1490 sine
240 1435 435 1492 diminutione
454 1435 642 1510 participant,
673 1437 736 1493 sine
764 1438 889 1495 clatione
944 1459 1022 1512 rum,
1036 1459 1090 1517 per
1102 1446 1346 1517 quasinvisibilia
1355 1448 1599 1505 demonstrantur
1610 1467 1617 1517 ;
1629 1448 1772 1522 mysticas

60 1522 301 1598 participandam
311 1522 455 1597 praebent,
471 1523 534 1580 sine
548 1525 743 1582 mutabilitate
757 1524 889 1582 incorru·
944 1547 1065 1605 quoque
1080 1533 1274 1590 revelationes
1285 1551 1338 1609 per
1357 1536 1511 1593 sensibiles
1525 1536 1717 1594 formationes
1729 1536 1771 1593 fa·

60 1617 144 1686 ptam
157 1611 321 1684 possident.
336 1615 368 1670 at
380 1612 444 1669 brec
458 1612 583 1686 quidem
590 1613 627 1670 de
636 1614 816 1687 purgatione
827 1614 890 1671 illo·
908 1635 929 1690 g
944 1621 1121 1689 ctas,0mnia
1133 1620 1242 1680 seilicet
1251 1623 1314 1678 lrrec
1326 1639 1411 1680 sacra
1420 1624 1558 1698 symbola
1568 1625 1771 1698 contemplan-

62 1718 130 1756 rum
146 1700 319 1758 dictasunt.
944 1714 1000 1766 tur.
1019 1712 1050 1766 Et
1070 1725 1130 1765 non
1146 1711 1243 1767 solum
1258 1712 1332 1780 lime,
1346 1729 1415 1785 ane
1441 1713 1512 1769 foris
1527 1719 1606 1786 sunt,
1622 1713 1675 1770 sed
1689 1712 1771 1769 intel-

943 1799 1081 1856 lectualia
1090 1815 1222 1873 quoque,
1237 1817 1304 1873 quin
1315 1818 1369 1874 per
1379 1817 1488 1874 puram
1499 1807 1528 1859 et
1541 1802 1656 1859 nudam
1667 1801 1771 1858 verita·

99 1885 202 1938 Postea
226 1882 264 1937 de
278 1880 494 1937 illuminatione
514 1881 614 1952 jungit
627 1881 730 1938 (licens
747 1901 754 1939 :
785 1906 798 1933 a
816 1887 889 1939 tlon·
944 1891 1004 1942 tem
1027 1888 1106 1943 intus
1132 1888 1240 1954 lucent,
1258 1889 1458 1960 speculantur.
1483 1891 1528 1946 ltd
1546 1892 1655 1947 horum
1670 1894 1771 1946 autem

62 1969 309 2044 templativasque
323 1969 430 2025 iterum
456 1968 641 2024 sensibilium
670 1969 888 2043 symbolorum,
943 1976 1080 2031 omnium
1096 1976 1341 2048 speculationem,
1358 1981 1386 2033 et
1411 1978 1544 2034 divinam
1571 1978 1771 2047 cognitionem

60 2065 113 2117 aut
126 2058 367 2116 intellectualium
380 2057 587 2132 speculativas,
597 2074 695 2131 neque
707 2064 739 2115 ut
749 2059 889 2116 varietate
943 2080 1004 2120 non
1020 2064 1251 2122 existimandum
1274 2069 1318 2122 est
1327 2081 1378 2122 cas
1392 2064 1530 2123 reductas
1544 2082 1608 2122 esse
1631 2066 1771 2122 varietate

61 2148 301 2206 sacrescribentis
316 2146 436 2204 theoriae
450 2147 480 2202 in
506 2147 640 2203 divinum
653 2148 809 2217 reductas3
824 2149 887 2218 sed,
944 2153 1183 2210 sacrescribentis
1190 2155 1385 2222 theorire‚hoe
1401 2158 1454 2222 est,
1468 2153 1623 2228 multiplici
1636 2153 1772 2211 doctrina

62 2239 202 2297 utomuis
216 2236 420 2294 immaterialis
445 2236 574 2293 scientiae
600 2236 695 2292 altiori
720 2237 832 2294 lumine
847 2254 890 2294 re·
943 2243 1112 2299 divinarum
1128 2243 1357 2317 seripturarum,
1374 2260 1442 2316 qnae
1467 2243 1506 2299 ad
1533 2244 1590 2300 hoc
1605 2242 1703 2300 solum
1721 2258 1771 2299 ne-

61 2329 167 2405 pletas‚
179 2333 208 2384 et
222 2326 375 2384 formificae
388 2329 417 2383 et
428 2325 601 2399 principalis
611 2325 851 2401 pulchritudinis,
862 2333 890 2385 et
944 2331 1072 2389 cessaria
1081 2336 1134 2399 est,
1147 2336 1180 2388 ut
1192 2336 1306 2388 mentes
1319 2332 1477 2389 hominum
1497 2331 1672 2389 abalienata
1683 2347 1701 2387 a
1712 2335 1771 2387 lieo

61 2417 325 2494 superessentialis
364 2421 393 2473 et
424 2416 592 2473 terlucentis
628 2417 888 2492 contemplatione,
944 2422 983 2480 ad
996 2421 1195 2493 cognitionem
1215 2421 1345 2478 veritatis
1359 2422 1549 2489 reducantur,
1563 2425 1591 2478 et
1608 2436 1663 2495 per
1688 2420 1771 2478 varia

61 2514 211 2585 quantum
225 2507 279 2577 fas,
294 2506 427 2576 refertas,
456 2506 669 2562 communione
693 2511 793 2563 autem
820 2511 889 2564 lesu
943 2511 1078 2584 dispersa
1091 2509 1268 2579 colligantur
1278 2510 1308 2566 in
1321 2527 1427 2567 uuum.
1440 2514 1503 2567 rlon
1516 2525 1587 2581 ergo
1602 2508 1771 2566 existiman-

62 2599 194 2656 similiter
208 2595 391 2667 dignefactas
407 2613 414 2651 :
429 2611 491 2651 non
506 2595 536 2650 in
551 2594 732 2665 imaginibus
755 2596 889 2652 sacredc·
943 2601 1027 2666 dum,
1042 2614 1177 2655 summas
1192 2598 1256 2655 illas
1271 2599 1413 2657 essentias
1428 2600 1537 2656 borum
1563 2597 1698 2655 omnium
1723 2613 1771 2654 co·

63 2689 99 2745 tis
112 2686 265 2743 formative
278 2683 556 2756 figurantdeitioam
571 2682 796 2741 similitudinem
813 2703 819 2754 ;
836 2685 889 2742 sed
944 2688 1107 2759 guidonem
1121 2688 1232 2744 habere
1246 2688 1333 2762 quasi
1348 2704 1400 2762 per
1414 2687 1581 2745 doctrinam
1610 2686 1771 2760 Scriptura-

61 2783 96 2836 ut
107 2794 175 2834 vere
189 2775 245 2851 ipsi
260 2773 543 2850 approximantesin
551 2772 649 2847 prima
661 2764 889 2848 participatione
944 2793 1011 2834 rum
1026 2777 1166 2846 eruditas,
1181 2776 1234 2833 sed
1247 2776 1346 2850 potius
1360 2781 1394 2833 ut
1407 2774 1770 2850 repletnsaltiorilumine,

62 2865 192 2923 scientiae
218 2864 359 2920 deifiemn
385 2866 450 2934 ejus
472 2861 621 2917 luminum
638 2879 644 2916 :
661 2866 690 2918 et
702 2861 806 2936 quiae
829 2865 890 2918 Deo
943 2865 974 2922 id
988 2869 1032 2921 est
1046 2865 1245 2922 excellentiori
1258 2864 1426 2935 cognitione
1442 2863 1540 2922 omnis
1554 2862 1769 2932 immaterialis,

61 2955 156 3011 simile
169 2953 241 3028 ipsis
258 2951 488 3009 substantialiter
502 2950 648 3006 donatum
671 2953 723 3006 est.
752 2953 890 3007 Commu·
908 2955 1000 3046 Clroc
1013 2958 1057 3011 est
1068 2953 1228 3027 spiritualis
1245 2954 1382 3010 scientie.
1393 2953 1485 3011 Altius
1495 2952 1771 3028 quippeetdignius

63 3049 134 3101 caut
147 3047 247 3100 autem
260 3039 444 3115 hujusmodi,
457 3044 490 3096 ut
504 3037 655 3112 possibile,
671 3037 702 3094 in
724 3054 890 3112 praeopera-

63 3135 133 3192 trice
147 3132 251 3188 virtutc
264 3129 375 3186 deificis
390 3128 493 3204 ipsius,
505 3126 680 3185 etbumanis
693 3126 860 3183 virtutibus.
875 3149 890 3178 o

63 3226 123 3279 lloc
138 3224 233 3277 totum
247 3217 284 3273 dc
298 3215 513 3274 illuminatione
527 3214 640 3270 dictum
655 3217 707 3271 est.
720 3218 759 3270 lle
775 3213 799 3269 si
814 3212 891 3271 dice·

62 3315 107 3367 ret
123 3327 129 3364 :
146 3313 208 3365 Nou
224 3307 321 3363 solum
335 3303 568 3362 existimandum
582 3306 627 3359 est
640 3303 753 3377 primas
764 3303 830 3360 illas
846 3322 890 3362 es·

62 3397 172 3452 sentias
196 3395 405 3468 purgationem
419 3392 529 3449 habere
554 3396 582 3448 et
608 3407 700 3465 puras
726 3407 809 3460 esse;
839 3393 891 3449 sed

62 3486 178 3552 iterum,
194 3485 250 3540 hoc
265 3485 318 3551 est,
330 3481 429 3539 adhuc
443 3479 676 3538 existimandum
705 3485 758 3554 est,
783 3480 891 3538 illumi-

61 3575 215 3631 nationem
238 3572 359 3640 habere,
376 3576 404 3629 et
418 3569 664 3643 contemplativas
679 3586 743 3627 esse
768 3571 891 3628 sensibi-

63 3663 138 3719 lium
153 3660 372 3734 symbolorum,
383 3665 413 3717 et
424 3658 621 3733 speculativas
635 3657 889 3715 intellectualium.

65 3750 222 3807 sensibilia
234 3749 374 3824 symbola
386 3748 551 3807 materialia
565 3752 633 3805 sunt
661 3747 757 3819 signa,
784 3748 845 3806 sive
860 3748 890 3804 in

64 3839 217 3908 creaturis,
242 3838 303 3894 sive
317 3839 349 3893 in
368 3837 535 3910 Scriptun's,
551 3836 613 3893 sive
638 3837 669 3892 in
696 3837 891 3894 sacramentis

64 3927 183 3994 divinis,
204 3927 243 3984 ad
268 3925 553 3982 demonstrationem
576 3924 768 3981 invisibilium
783 3942 891 4000 propo·

944 3049 988 3101 est
1001 3044 1104 3100 lumen
1118 3043 1303 3113 cognitionis,
1319 3043 1403 3114 quod
1417 3043 1497 3099 intus
1518 3058 1572 3114 per
1591 3041 1771 3097 invisibilem

945 3133 1157 3206 aspirationem
1171 3132 1346 3198 infunditur,
1362 3146 1456 3203 quam
1480 3130 1562 3203 quod
1590 3131 1772 3186 extrinsecus

944 3236 998 3295 per
1010 3220 1151 3276 doetrinae
1162 3218 1358 3275 cruditionem
1369 3217 1547 3291 possidetur.
1577 3221 1659 3290 ipsas
1671 3217 1772 3288 itaque

945 3324 1090 3375 summas,
1106 3306 1217 3362 scilicet
1230 3305 1372 3362 essentias
1387 3304 1620 3360 existimandum
1643 3308 1686 3360 est
1704 3303 1772 3359 visi·

944 3396 1050 3453 biliam
1066 3402 1095 3453 et
1105 3395 1297 3452 invisibilium
1317 3393 1518 3464 cognitionem
1533 3393 1653 3460 habere,
1670 3395 1771 3466 utpote

943 3484 1071 3557 repletas
1081 3483 1131 3539 tali
1146 3482 1258 3538 lumine
1274 3501 1281 3549 ;
1297 3485 1325 3537 et
1340 3486 1372 3538 ut
1386 3482 1475 3538 etiam
1503 3481 1626 3538 refertas
1641 3484 1772 3537 contem·

943 3573 1074 3647 piatione
1102 3571 1331 3645 pulchritudinis
1373 3571 1504 3627 formicae
1535 3570 1719 3644 principalis,
1744 3573 1773 3626 et

944 3660 1209 3737 superessentialis,
1221 3664 1249 3717 et
1264 3660 1574 3718 terlucentis.Rcfertns
1588 3660 1665 3728 dico,
1679 3675 1773 3734 quan-

944 3759 1008 3812 tum
1021 3754 1065 3811 fas
1077 3757 1129 3818 est,
1143 3751 1173 3808 id
1182 3756 1226 3808 est
1235 3750 1422 3825 possibilitati
1432 3754 1770 3806 creaturveconcessum.

945 3842 1097 3912 Significat
1106 3846 1206 3898 autem
1216 3841 1348 3898 divinam
1358 3838 1625 3914 pulchritudinem:
1638 3854 1705 3912 quae
1716 3837 1773 3893 for-

943 3932 1112 4000 minasset,
1127 3931 1377 4004 quiasecundum
1402 3946 1433 3985 se
1453 3927 1592 3985 formavit
1610 3943 1673 3983 ase
1695 3926 1773 3984 facta
1878 3990 1880 3995 ,

66 4016 122 4072 sita
136 4034 142 4071 τ
159 4031 288 4089 quorum
304 4014 462 4087 mysticam
489 4011 736 4082 significationem
752 4018 780 4069 et
793 4013 891 4069 invisi·
944 4020 1056 4086 omnia,
1068 4024 1096 4075 et
1109 4019 1281 4092 principalis
1303 4023 1356 4086 est,
1381 4018 1463 4091 quia,
1475 4035 1544 4074 cum
1556 4016 1699 4073 sitiorma
1709 4033 1772 4073 om-

65 4104 156 4160 bilem
182 4105 334 4161 veritatem
363 4101 474 4159 summi
499 4101 540 4157 illi
555 4100 680 4172 angelici
699 4100 819 4173 spiritus
838 4117 892 4174 per
944 4108 1039 4174 nium,
1053 4105 1119 4179 ipsa
1133 4109 1233 4161 tamen
1249 4106 1287 4161 ab
1303 4105 1361 4160 alio
1375 4105 1504 4161 formam
1518 4121 1580 4161 non
1595 4105 1729 4178 accepit3
1746 4109 1774 4160 et

64 4191 198 4248 divinam
213 4189 459 4247 illuminationem
470 4189 703 4262 contemplando
712 4193 890 4260 agnoscunt.
944 4192 1199 4266 superessentialis
1213 4195 1266 4259 est,
1281 4191 1353 4263 quia
1368 4206 1430 4245 non
1450 4191 1549 4246 solum
1564 4192 1706 4263 praecedit
1720 4208 1774 4263 per

66 4279 365 4352 Speculanfmetiam
397 4292 451 4350 per
479 4277 617 4333 eamdem
643 4276 891 4333 illuminationem
947 4281 1073 4336 formam
1089 4280 1118 4336 in
1144 4295 1189 4346 eo,
1214 4277 1297 4350 quod
1321 4277 1474 4349 exemplar
1488 4280 1532 4332 est
1550 4277 1696 4344 omnium,
1720 4279 1773 4333 sed

63 4368 282 4436 intellectualia,
297 4366 427 4424 subaudi
442 4365 591 4438 symbola,
614 4366 642 4421 id
659 4370 704 4422 est
723 4365 891 4438 spirituales
908 4337 930 4391 Β
946 4367 1128 4426 transcendit
1138 4383 1260 4440 quoque
1273 4383 1326 4439 per
1340 4365 1500 4421 essentiam
1525 4364 1555 4420 iu
1570 4379 1607 4420 eo
1633 4364 1715 4437 quod
1729 4368 1774 4421 est

64 4457 272 4530 theopbanias,
288 4456 378 4513 idest
404 4454 521 4512 divinas
545 4453 809 4522 manifestationes,
838 4470 892 4527 per
946 4456 1070 4513 creatrix
1083 4456 1299 4511 universorum.

64 4547 208 4619 quassis
235 4546 315 4601 intus
343 4545 477 4614 occulta,
504 4548 532 4600 et
553 4543 708 4600 invisibilis
730 4543 891 4599 divinitatis
1229 4591 1232 4596 .
1830 4615 1833 4618 Ι

64 4640 172 4691 natum
200 4633 416 4690 manifestatur.
446 4632 496 4689 Vel
522 4633 564 4688 sic
592 4631 649 4701 legi
677 4635 782 4704 potest.
815 4631 893 4687 Exis-
981 4635 1120 4708 Sequitur
1136 4653 1142 4690 ε
1156 4659 1170 4685 «
1184 4638 1216 4691 Et
1226 4633 1404 4699 terlucentis,
1419 4655 1432 4682 >i
1458 4632 1567 4689 seilicet
1581 4631 1774 4705 pulchritudi-

64 4724 232 4781 timandum
272 4728 316 4779 est
342 4738 404 4791 eas,
445 4721 556 4780 scilicet
590 4722 733 4778 essentias
761 4725 891 4779 contem-
945 4726 991 4782 nis
1003 4747 1016 4774 ι(
1033 4721 1283 4796 contemplatione
1302 4720 1423 4777 refertas
1434 4720 1667 4777 existimandum
1686 4725 1739 4777 est.
1759 4743 1773 4771 a

63 4813 191 4886 plativas
215 4828 280 4868 esse
304 4811 489 4871 sensibilium
523 4810 741 4884 symbolorum,
767 4815 796 4867 et
827 4827 891 4884 spe·

64 4902 208 4959 culativas
233 4900 486 4969 intellectualium,
511 4905 541 4956 et
560 4916 621 4957 non
650 4899 801 4973 (subaudi)
813 4915 893 4972 sym·

63 4990 214 5046 boiorum.
232 4989 311 5046 Foris
325 4989 405 5045 enim
420 4988 655 5047 insensibilibus
675 4988 727 5044 ubi
755 4988 892 5044 materia·

63 5081 199 5150 liasigna
210 5085 289 5147 sunt,
306 5079 444 5153 symbola
455 5084 542 5136 sunt:
558 5080 638 5136 intus
651 5082 751 5135 autem
764 5077 794 5133 in
809 5077 892 5134 intel·
945 5081 974 5132 et
997 5075 1122 5148 Spiritus
1141 5079 1262 5132 sanctus
1283 5080 1341 5132 tres
1362 5090 1498 5149 personis
1514 5074 1596 5138 sunt;
1621 5069 1675 5124 sed
1696 5071 1773 5124 fleus

64 5169 249 5239 lectualibus,
267 5169 319 5226 ubi
335 5169 420 5240 signa
433 5185 496 5225 non
511 5175 589 5238 sunt,
607 5169 659 5224 sed
673 5167 782 5224 veritas
811 5183 891 5240 sym·
945 5164 1140 5233 unusneias
1152 5169 1338 5232 una,natura
1349 5159 1554 5228 una,essentia
1564 5172 1634 5223 una,
1645 5155 1773 5229 pnlcbri-

63 5257 134 5312 bola
149 5274 210 5314 non
234 5263 312 5315 sunt.
343 5261 500 5330 Propterea
527 5258 557 5313 in
586 5255 776 5312 sensibilibus
799 5255 891 5312 sacris
946 5255 1099 5312 tudouna.
1120 5254 1206 5310 Vides
1221 5254 1347 5317 Patrem,
1360 5244 1773 5322 pulchritudinemillamlu-

64 5345 892 5421 symbolissignaveritatiscontemplantur,intusautem
945 5332 1772 5405 centemvidesinPatre3videsPilium,pulchritudinem

63 5437 94 5492 in
105 5435 353 5493 intellectualibus
375 5435 490 5508 absque
504 5435 595 5505 signis
609 5435 723 5491 nudam
738 5434 891 5491 veritatem
945 5430 1027 5490 issam
1037 5432 1185 5487 lucentem
1199 5425 1284 5482 vides
1294 5425 1324 5480 in
1339 5423 1427 5491 Pili03
1441 5421 1523 5478 vides
1535 5421 1676 5495 Spiritum
1689 5439 1773 5480 sanc·

64 5525 265 5597 speculantur.
277 5528 435 5597 Propterea
450 5523 681 5580 existimandum
696 5526 749 5590 est,
761 5527 892 5578 contem·
946 5526 1020 5586 tum,
1035 5513 1288 5589 pulchritudinem
1306 5512 1386 5568 illam
1400 5511 1548 5568 lucentem
1562 5510 1644 5568 vides
1663 5512 1693 5567 in
1710 5513 1773 5586 Spi-

63 5612 192 5684 platfvas
201 5629 266 5669 esse
289 5611 475 5677 sensibilium
486 5610 705 5684 symbolorum,
717 5614 745 5666 et
759 5607 892 5665 similiter
947 5609 1005 5665 ritu
1019 5607 1131 5687 sancto.
1142 5602 1231 5672 Quasi
1244 5617 1315 5674 ergo
1325 5600 1567 5687 terlucet,quiain
1577 5601 1672 5659 tribus
1682 5600 1770 5672 lueet,

945 4900 1144 4957 cbriludinem
1155 4897 1319 4969 siguificat:
1335 4913 1403 4971 quae
1427 4898 1457 4955 in
1470 4898 1564 4955 tribus
1591 4897 1678 4965 lucet,
1703 4909 1773 4951 eum

945 4989 1011 5062 ipsa
1026 4992 1126 5043 tamen
1141 4985 1247 5061 triplex
1261 5002 1322 5043 non
1338 4986 1384 5060 sit,
1395 4987 1448 5043 sed
1458 4989 1665 5053 una,Pater,et
1674 4981 1774 5053 lilius,

944 4806 1777 4883 Perlucentemprdcbritudinemeamdemdivinampul
1868 4831 1872 4834 ·
