3832 6044
156 117 208 172 923
341 112 494 169 HUGOMS
514 112 559 168 DE
579 111 608 169 S.
628 110 776 169 victoni.
799 108 874 165 OPP.
899 105 989 164 etus
1012 104 1033 162 h.
1053 134 1088 147 ·-
1106 102 1308 160 exedenda.
1325 130 1359 142 ·-
1373 100 1407 157 ii.
1419 99 1454 156 IN
1467 94 1675 154 annuenda.
1820 92 1874 149 924

158 254 176 295 a
207 240 230 306 t‚·
243 237 385 306 etagitur,
398 234 556 308 qtnlegem
571 235 669 291 miliae
683 232 849 290 seeundum
862 247 983 289 caruem
1001 242 1093 304 Apro
1107 233 1251 302 tempore,
1274 228 1347 284 sciat
1375 223 1593 298 eorreptionem
1621 224 1806 293 temperare,
1837 235 1873 274 ns
1912 192 1914 284 h

158 325 380 385 observandam
394 327 489 397 putat.
1039 317 1253 384 absorbeatur,
1273 319 1417 390 potestate
1432 318 1466 369 ut
1490 311 1584 384 judex
1597 324 1635 366 ex
1653 307 1751 365 officio
1783 307 1825 363 sit
1835 307 1874 363 ad

194 417 233 473 Et
248 416 427 486 inpromptu
442 412 876 471 hahentesutcisceudiomuem
890 410 987 468 iaude-
1039 407 1097 464 hoc
1121 406 1320 463 constitutus?
1356 402 1526 462 Notandum
1559 397 1705 472 estquod
1739 410 1874 470 persona

160 506 313 563 dantium.
327 501 531 576 promptitudo
550 501 712 561 ulciscendi
737 516 859 559 omnem
886 499 987 557 inobe
1039 494 1223 568 quaudoque
1232 493 1348 552 excedit
1361 493 1548 566 potestatem.
1564 489 1600 544 Ut
1620 484 1747 559 quando
1761 483 1873 557 aliquis

151 595 304 653 dientiam
328 594 360 650 in
387 593 480 651 tribus
506 593 647 662 consistit,
677 592 787 650 scilieet
804 592 835 648 in
861 589 987 673 vita,·in
1040 585 1156 640 exercet
1169 581 1369 656 tyrannidem,
1399 593 1521 650 smnens
1535 574 1725 633 occasionem
1740 589 1780 629 ex
1808 571 1874 645 ipsa

160 683 292 752 seientia
307 682 338 740 in
352 686 506 757 potestate.
525 681 585 739 Vita
604 680 780 738 inobediens
808 684 838 737 et
850 678 987 736 crimino·
1040 677 1184 748 potestate
1198 692 1205 742 ;
1220 672 1404 746 quandoque
1415 672 1546 744 potestas
1560 665 1676 724 excedit
1694 677 1872 738 personam,

159 790 222 842 sus,
237 772 393 846 quomodo
420 775 518 844 potest
543 769 662 827 ulterius
688 769 931 836 inobedientiam,
960 772 989 824 et
1041 769 1075 821 ut
1091 780 1162 821 oum
1176 762 1318 834 indignus
1327 761 1367 818 ad
1379 760 1499 817 ordines
1511 773 1612 816 sacros
1637 755 1783 813 initiatur.

162 861 425 934 crimenJ'ndieure,
437 860 569 928 scientia,
579 865 612 916 ut
621 875 677 932 pro
688 875 827 932 persona,
841 874 897 932 pro
910 858 986 927 ioco,

291 1096 1047 1245 nunanrraouuu
1114 988 1869 1240 anum

731 1354 917 1475 PARS
956 1351 1305 1475 SECUNDA.

860 1602 1226 1648 ψ-

623 1760 1409 1863 COMMENTARIORUM

1006 1985 1033 2025 iii

374 2155 690 2277 hihhhhihihh
744 2154 998 2275 Cthhhhihh
1036 2153 1075 2275 S.
1112 2153 1315 2273 ttittsti
1354 2149 1663 2270 ttttttttth

500 2393 737 2457 SECUNDUM
759 2389 1193 2454 INTURPRUTATIONUM
1214 2386 1393 2452 JOANNIS
1416 2385 1535 2450 scoti

794 2611 867 2697 AD
922 2605 1242 2697 LUDOVICUM

603 2842 720 2899 anona
740 2841 962 2909 reincoepit,
982 2843 1098 2899 niutan
1119 2820 1281 2898 innonat
1300 2841 1434 2908 cnossi,

525 2991 585 3066 (iai
602 2991 691 3052 erdem
715 2991 753 3052 D.
785 2989 910 3054 Victoris
934 2993 1115 3054 Parrsieusis
1143 2991 1351 3072 aedificandum
1381 3001 1508 3052 curaret.

855 3180 1056 3299 LlssRl
1113 3179 1178 3298 X.

807 3611 978 3700 LIBER
1020 3612 1234 3700 PRIMUS

207 3821 285 3883 Cae.
302 3820 327 3882 Ι.
343 3819 388 3880 De
402 3819 573 3899 differentia
585 3818 743 3878 mundane
754 3818 909 3898 theoloqiur
919 3830 1008 3960 cipue
1023 3821 1142 3898 arurae,
1159 3829 1187 3880 et
1200 3820 1236 3880 de
1250 3819 1552 3882 demonstrationibus
1567 3819 1750 3881 eorumdem.

207 3901 287 3962 Gur.
303 3901 342 3961 ll.
360 3900 431 3974 Oua·
445 3901 484 3958 sit
496 3899 623 3958 materia
635 3897 886 3973 hierarchiarum,
903 3909 931 3960 et

207 3979 287 4040 Gne.
302 3978 355 4040 111.
371 3978 417 4039 De
431 3977 526 4038 trihus
539 3976 728 4038 hierarchiis.

167 4056 355 4198 mazza..
367 4057 466 4133 Quare
480 4056 658 4138 theoloqiam
673 4061 831 4142 assumpsit
845 4061 1035 4123 tractandam
1045 4061 1207 4144 Dionysius
1216 4064 1424 4146 Arcopaqites,
1437 4072 1596 4144 postquam
1605 4073 1780 4143 susceperat
1789 4061 1877 4144 fidem

207 4215 286 4280 Gur.
302 4217 342 4282 V.
360 4216 440 4297 Ouid
451 4219 491 4280 sit
504 4217 687 4300 hierarchia,
706 4230 733 4282 et
748 4219 903 4304 dispositio
919 4221 1001 4283 illius
1016 4231 1043 4282 ct
1059 4222 1224 4284 exordium.

967 3903 1101 3982 r'spositio
1113 3919 1226 3962 aarum.

792 4485 1041 4555 GAPI'I'ULUM
1069 4490 1246 4555 PRIMUM

306 4619 351 4680 De
364 4620 535 4700 differentia
560 4621 718 4684 mundaum
733 4620 888 4702 theolom'u
910 4633 1001 4703 atque
1016 4621 1126 4685 diuina
1140 4635 1167 4684 et
1181 4622 1217 4684 de
1238 4621 1538 4685 demoustrau'ouihus
1553 4620 1733 4683 earumdem.

200 4779 303 4835 iudai·
307 4779 394 4848 siqua
402 4788 553 4854 quaeruut,
565 4788 592 4838 et
602 4782 879 4852 Grecisapieutiam
886 4783 914 4855 (I
919 4783 988 4840 Cor.
1009 4786 1029 4839 Β
1043 4783 1201 4841 manifesta
1213 4788 1298 4840 erant
1322 4783 1381 4852 Dei,
1396 4782 1434 4839 ad
1450 4778 1699 4838 illuminationem
1725 4795 1880 4853 processe-

167 4866 199 4940 1).
216 4865 371 4923 Fuiteuim
389 4867 531 4939 quedam
555 4870 710 4943 supientia,
746 4887 813 4944 qnae
849 4871 994 4944 supientia
1048 4876 1135 4940 risnt3
1151 4876 1180 4929 et
1192 4876 1264 4929 uota
1278 4871 1355 4928 faeta
1367 4876 1438 4928 sunt
1449 4874 1483 4927 ut
1496 4869 1695 4943 probarentur
1709 4868 1803 4926 eorde
1818 4884 1879 4926 non

165 4954 322 5014 videbatur
335 4953 380 5023 iis,
396 4953 448 5029 qui
462 4957 751 5031 veramsapientiam
761 4974 822 5015 non
836 4962 991 5019 noverant.
1047 4975 1134 5034 puro.
1144 4959 1284 5030 Namilla,
1294 4975 1362 5034 quae
1372 4959 1562 5026 videbantur,
1571 4959 1743 5025 notuerunt,
1755 4960 1786 5013 et
1796 4959 1882 5014 erant

166 5043 642 5118 Etinvenitmundussapientiam
649 5045 742 5116 iilam,
751 5047 884 5105 etintiari
893 5048 992 5122 coepit,
1048 5049 1107 5106 alia
1121 5064 1190 5123 qnae
1200 5053 1272 5106 nota
1285 5064 1346 5106 non
1361 5051 1455 5118 erent,
1471 5052 1500 5105 et
1513 5063 1567 5122 per
1579 5063 1615 5103 ea
1627 5061 1695 5121 quae
1718 5044 1881 5103 manitesta

166 5138 196 5192 et
209 5133 326 5204 tumuit,
336 5149 483 5205 magnum
493 5149 524 5192 se
533 5133 706 5192 existimans
716 5135 797 5194 inca.
807 5140 841 5193 lit
849 5153 994 5210 praesum·
1049 5142 1127 5205 sunt,
1140 5139 1320 5212 putaverunt
1326 5137 1367 5194 ire
1375 5137 1405 5193 in
1415 5136 1550 5210 illaque
1561 5132 1737 5193 abscondita
1748 5133 1879 5204 fuerunt,

165 5224 233 5296 psit,
249 5226 278 5280 et
290 5223 364 5281 dixit
377 5228 410 5281 ut
418 5222 495 5281 ultra
508 5229 645 5298 pergeret
658 5224 697 5282 ad
723 5225 899 5298 sapientiam
915 5244 995 5284 sum·
1049 5230 1077 5282 et
1091 5224 1463 5284 corrueruntmcnteultra
1477 5222 1650 5299 possibilem
1674 5222 1834 5279 veritatem
1851 5222 1880 5279 in

166 5328 250 5369 mam
263 5314 417 5371 confidens
431 5313 462 5370 in
479 5315 623 5389 sapientia
634 5331 698 5384 suu,
707 5314 795 5389 quasi
804 5315 854 5371 via
868 5331 931 5371 esse
941 5332 995 5388 po·
1049 5315 1208 5371 mendacia
1216 5314 1429 5385 figmentorum
1440 5329 1573 5381 suornm,
1585 5311 1637 5369 ubi
1650 5326 1712 5367 non
1720 5315 1766 5368 est
1776 5309 1882 5369 insen

167 5399 270 5463 tuisset
282 5401 322 5458 ad
336 5401 428 5460 illem.
443 5405 477 5459 Et
496 5403 639 5474 ascendit,
652 5408 680 5461 et
694 5403 826 5461 elevatus
845 5406 935 5459 estut
956 5404 996 5460 ad
1050 5406 1113 5460 tum
1128 5402 1268 5476 amplius,
1283 5402 1366 5475 qnod
1379 5401 1646 5477 apprehenderent.
1661 5399 1730 5456 ideo
1757 5399 1881 5458 stultam

168 5481 228 5540 alta
242 5486 332 5542 carde
344 5490 522 5562 perveniret.
534 5494 567 5548 Et
576 5483 645 5548 iecit
654 5491 710 5548 sibi
721 5491 844 5561 scalam,
866 5489 997 5564 speciem
1051 5491 1118 5550 iecit
1128 5495 1205 5548 Dens
1216 5491 1393 5566 sapientiam
1403 5488 1620 5566 hujusmundi,
1629 5489 1702 5564 quia
1711 5489 1743 5546 in
1753 5489 1805 5548 illa
1819 5506 1882 5550 non

172 5571 328 5651 ereaturn,
343 5576 440 5634 nitens
455 5578 492 5635 ad
503 5578 662 5639 invisibilia
672 5580 826 5659 creatoris.
842 5583 923 5639 itanc
932 5594 1001 5663 (1¹1oe
1051 5579 1281 5655 potuitinveuiri
1295 5580 1559 5657 sapientialie13et
1573 5579 1750 5639 monstravit
1764 5572 1883 5655 sapien·
