3832 6044
105 138 108 143 ⁴
120 118 174 170 sot

472 161 475 168 .
539 126 747 182 staminiae:
769 131 800 184 lb'
822 128 930 184 VETUS
949 130 1212 195 TESTAMENTUM.
1234 170 1268 178 —
1287 142 1351 198 tte.
1372 143 1415 198 vt.

1779 153 1831 207 698

119 236 236 293 lecitam
252 242 449 312 persequitur.
475 251 503 301 ct
519 248 652 305 funditus
676 251 845 319 exstrueret.
871 252 985 317 eunte
1005 255 1092 311 tionis
1113 262 1290 330 omittentes,
1315 269 1436 338 proprio
1451 284 1594 324 mucrone
1617 269 1831 342 desperationis

119 333 164 382 cst
181 328 263 400 quod
286 331 440 402 rileyptius
454 351 529 406 puer
540 338 709 393 ,tredecies
724 339 754 394 in
769 340 872 397 itinere
892 342 950 396 las·

119 421 211 482 satur,
226 417 284 473 nisi
297 420 380 491 quod
396 428 513 479 amator
539 427 692 497 praesentis
712 429 813 484 surculi
835 430 949 502 peccati

119 506 166 562 sui
179 506 333 576 nigredine
346 515 477 582 opertus,
495 531 573 587 saepe
593 516 753 574 abeodem
777 518 886 576 saeculo
908 520 950 575 in·

118 594 234 663 lirinus,
254 595 473 671 despectusque
492 602 676 676 relinquam,
692 611 725 662 ut
748 624 817 663 cunr
841 624 877 664 co
900 624 949 664 ne·

117 700 274 757 quaquam
295 702 412 743 currere
434 689 539 755 valeat,
566 695 618 747 scd
638 694 749 751 tractus
772 697 948 753 adversitate

119 774 257 846 torpeat?
274 775 329 831 Sed
344 776 424 832 hune
440 779 532 834 llavid
549 781 667 849 invenit,
684 785 755 856 qnia
771 786 949 855 Redemptor

92 900 95 907 .
116 867 219 918 noster
238 864 382 920 veraciter
403 883 495 923 mauu
510 868 602 935 torus,
619 887 850 946 nonnumquam
871 891 948 948 quos

117 950 273 1023 despectos
289 969 306 1008 a
322 956 436 1011 inundo
458 957 552 1024 gloria
574 961 690 1033 reperit,
706 962 734 1018 in
751 964 796 1018 sui
813 981 948 1019 amorem

115 1041 270 1098 convertit.
287 1043 358 1099 cibo
374 1046 476 1116 pascit,
502 1048 572 1120 quin
587 1050 670 1106 nerlii
692 1052 814 1108 scientia
837 1054 946 1123 reticit3

116 1129 226 1186 ‹lirccm
238 1131 348 1187 itineris
361 1133 450 1202 teligit,
464 1137 536 1208 quia
550 1139 596 1193 sui
610 1139 699 1196 etiam
721 1142 946 1214 predicatorem

116 1219 195 1275 tacit.
219 1222 251 1276 El
274 1221 326 1294 qui
347 1222 541 1281 amalecitam
568 1228 653 1301 sequi
673 1246 735 1286 non
759 1231 860 1298 valrrit,
885 1232 946 1287 slus

116 1308 210 1364 llarid
241 1308 375 1377 efficitur,
404 1312 476 1384 qiua
500 1315 534 1381 is,
557 1332 648 1390 quem
676 1319 833 1390 indignum
861 1336 948 1376 mun-

114 1397 174 1452 stirs
205 1397 343 1467 descruit,
378 1417 438 1458 non
471 1404 568 1460 solnm
605 1423 766 1464 conversus
799 1410 829 1465 in
860 1427 946 1466 suam

115 1491 247 1542 mentem
284 1491 377 1545 ileum
406 1492 518 1564 recipit,
553 1495 605 1549 sed
639 1498 831 1568 praedicando
866 1500 945 1555 bunc

1004 346 1117 416 seipsos
1132 348 1320 419 interficiunt,
1336 354 1410 410 sient
1432 356 1499 411 Sani
1519 357 1634 413 irruens
1659 373 1749 432 super
1771 359 1832 428 gla-

1003 434 1086 491 dium
1103 454 1201 495 suum.
1217 441 1375 498 Plilislhtei
1391 461 1472 509 vero,
1487 444 1517 498 id
1532 450 1576 501 est
1598 446 1761 514 daemones,
1779 445 1832 520 qui

1003 523 1040 578 de
1051 524 1208 584 interiectis
1223 530 1319 602 spolia
1338 531 1480 590 virtulum
1503 533 1679 600 auferentes
1702 535 1831 608 propriae

1004 612 1102 670 virtuti
1115 616 1161 671 rel
1175 617 1337 676 tortitudini
1355 621 1508 678 victoriam
1533 623 1701 691 ascribunt;
1719 623 1772 680 sed
1789 628 1833 682 ta·

1003 700 1041 757 lia
1053 703 1138 774 juxta
1158 707 1386 777 permissionem
1412 711 1461 766 lici
1484 712 1633 769 eveniunt.
1654 713 1710 769 Sed
1737 713 1831 769 [levid

1002 795 1102 846 noster
1125 793 1272 850 incientis
1294 797 1354 851 suis
1379 799 1579 854 corruentium
1600 815 1704 856 casum
1728 801 1829 870 gemit,

1002 884 1030 934 et
1043 879 1071 934 in
1089 881 1213 936 urbibus
1230 883 1457 957 allophylorum
1477 888 1612 958 prnlnbcl
1628 887 1784 957 divulgari,
1799 890 1831 945 id

1001 973 1045 1023 est
1072 971 1205 1042 praecipit
1238 972 1376 1028 fidelibus
1405 979 1437 1029 ut
1471 981 1556 1030 cante
1591 976 1760 1032 custodiant
1786 994 1828 1034 sc.

1000 1056 1123 1112 Scuta-ru
1135 1061 1215 1128 tldci,
1234 1061 1357 1117 loricam
1367 1064 1507 1134 iustitiae,
1522 1064 1640 1133 puteum
1664 1064 1781 1130 solertis,
1802 1070 1831 1120 et

1000 1147 1135 1214 uiridium
1148 1150 1280 1218 Spiritus
1295 1152 1387 1207 sancti
1402 1153 1543 1219 habeant,
1555 1154 1635 1224 quod
1648 1159 1691 1210 est
1707 1153 1829 1211 cerium

1000 1237 1055 1291 Ilei
1082 1237 1191 1309 (derbes
1226 1244 1289 1308 vn:
1329 1241 1440 1313 quibus
1471 1242 1649 1299 adversariis
1681 1241 1828 1311 resistant,

1001 1330 1099 1382 elnon
1114 1327 1310 1397 ignominiose
1325 1331 1456 1403 superati
1474 1332 1619 1401 gaudium
1639 1331 1766 1387 inimicis
1788 1331 1830 1390 ia·

1000 1413 1088 1471 ciant.

1062 1508 1128 1560 Car.
1145 1507 1209 1561 xvi.
1224 1507 1267 1562 Ile
1277 1508 1455 1564 escensione
1470 1510 1569 1565 necte
1587 1512 1618 1565 in
1629 1510 1760 1568 Hebron.

114 1575 204 1630 etiarm
220 1591 315 1649 usquo
331 1578 368 1633 nd
384 1579 482 1637 aliena
504 1583 595 1639 conia
617 1585 762 1656 perducit.
786 1588 850 1652 Quo
865 1587 945 1642 risle·
963 1605 981 1657 η
1035 1593 1174 1648 Ascendit
1189 1596 1288 1650 Dauid
1302 1598 1333 1652 in
1348 1598 1480 1666 Hebron,
1497 1605 1524 1653 et
1539 1600 1607 1654 tlara
1625 1615 1732 1656 errores
1753 1602 1826 1669 ejus.
1907 1586 1911 1591 ³

113 1662 181 1718 lieet
195 1663 271 1719 (llice
295 1666 387 1722 llavid
409 1669 586 1726 .tmalccitas
607 1673 798 1730 conduentes
822 1675 942 1741 invenit,

114 1755 143 1805 et
155 1751 332 1821 exstingue
355 1755 427 1826 quia
442 1756 582 1826 (linistus,
607 1759 679 1831 ipsis
701 1762 942 1834 praedicantibus,

114 1840 220 1894 mundi
247 1840 377 1898 laetitiam
402 1844 534 1908 destruit,
564 1864 641 1919 (quos
665 1850 797 1905 mundus
820 1852 943 1907 comites

114 1927 225 1983 lralrcre
251 1931 438 2004 contempsit.
467 1933 512 1990 Sic
534 1951 605 2004 ergo
627 1936 803 2012 plerumque
823 1941 943 1996 saecula-

84 2046 86 2050 .
112 2016 190 2071 rium
207 2023 321 2074 mentes
334 2019 389 2092 ipsi
412 2022 604 2092 praedicando
620 2033 771 2098 superant,
794 2028 846 2101 qni
860 2029 942 2102 prius

113 2122 182 2160 eum
199 2107 392 2163 steenlaribus
405 2110 433 2166 in
447 2111 503 2166 hoc
524 2114 639 2169 mundo
653 2131 772 2172 crnrere
788 2133 848 2173 non
865 2119 941 2174 valc-

112 2193 195 2251 balli.

277 2311 343 2364 tlsr.
358 2311 422 2366 xlv.
439 2313 482 2367 De
495 2314 644 2369 trientibus
660 2316 775 2373 Gelloe.

80 2400 82 2404 ⁴
106 2392 112 2402 ⁸
147 2414 261 2469 Montes
278 2415 394 2483 Gellroc,
411 2433 463 2473 uec
475 2435 532 2482 ros,
548 2436 601 2475 nec
615 2423 721 2490 {alectria
739 2427 838 2480 eeuuu
852 2442 942 2497 super

112 2498 162 2555 eos
174 2503 220 2565 (ΙΙ
232 2504 302 2572 [lep.
320 2507 349 2571 ι).
367 2505 442 2571 Ouid
455 2513 572 2562 montes
588 2510 706 2577 tlellroc,
720 2513 789 2568 Saul
798 2514 940 2571 moriente

112 2589 311 2662 deliquerunt,
327 2598 475 2664 quatenns
491 2595 519 2650 in
540 2597 582 2652 eis
606 2614 660 2653 nec
684 2617 743 2665 ros,
765 2618 819 2657 nec
841 2603 941 2676 pluvia

112 2679 254 2735 caderet?
270 2681 326 2737 Sed
342 2682 412 2754 quia
434 2684 542 2740 delirae
562 2686 769 2760 interpretatur
788 2692 943 2770 tlecrusus,

112 2784 166 2840 per
180 2768 363 2825 Saulantem
378 2777 500 2829 arietum
515 2779 543 2830 el
560 2780 723 2845 mortuum,
749 2797 830 2834 mors
848 2782 941 2838 nostri

112 2857 277 2912 itcdiatoris
293 2860 467 2931 exprimitur
480 2880 487 2924 ;
501 2878 562 2918 non
586 2864 734 2923 immerito
755 2884 808 2940 per
833 2870 940 2925 ticlboe

77 2962 79 2966 ·
112 2948 238 3011 montes,
263 2948 394 3019 superba
421 2951 594 3009 liulaorum
620 2955 711 3011 eorda
735 2957 940 3026 designantur,
958 2961 978 3014 (ἶ

112 3044 180 3101 quie
207 3032 281 3089 tium
313 3035 341 3090 in
370 3037 460 3108 lmjus
488 3040 593 3096 mturdi
628 3041 781 3099 desideriis
806 3045 941 3102 dellnunt

111 3118 236 3185 iniurati,
266 3123 296 3178 id
323 3130 367 3179 cst
390 3126 494 3182 (allerisii
519 3144 549 3182 sc
573 3135 668 3185 morte
692 3131 883 3190 miscuerunt.
910 3137 943 3191 et

111 3208 184 3280 quia
207 3209 236 3265 in
259 3211 300 3267 eis
316 3218 421 3269 unctus
442 3231 494 3270 rex
519 3218 710 3289 corporaliter
729 3221 862 3290 moritur,
885 3223 942 3296 ipsi

111 3296 151 3351 ab
165 3299 248 3354 onun
263 3301 362 3369 gratire
378 3319 444 3358 rore
460 3304 617 3362 siccantur.
635 3308 674 3361 ile
689 3307 800 3379 quilnrs
822 3308 942 3366 bencdi-

111 3385 196 3455 cilur,
208 3394 240 3443 at
255 3391 326 3460 apri
336 3393 544 3460 primitiarum
555 3409 615 3450 esse
630 3411 689 3451 non
703 3397 816 3465 possint
831 3398 940 3469 (llicit.

71 3492 74 3496 ·
112 3476 254 3549 Superius
276 3478 387 3552 qnippe
413 3481 604 3538 llebrreorum
626 3489 751 3553 menies,
776 3486 942 3558 primitivos

112 3563 224 3621 tructus
240 3583 300 3622 non
317 3568 457 3637 lecerunt,
473 3570 569 3642 quiin
594 3572 796 3644 liedernptoris
811 3576 942 3632 atlscntu

110 3668 148 3707 ex
162 3659 245 3725 parte
259 3655 391 3712 maxima
406 3657 436 3713 in
454 3658 580 3730 pertidia
603 3665 800 3731 remanentes,
815 3663 942 3737 primor-

111 3740 162 3795 dia
177 3741 245 3798 tidci
259 3744 343 3816 sequi
359 3746 527 3804 noluerunt.
545 3750 652 3805 Sancta
665 3765 797 3823 namque
813 3752 941 3809 Ecclesia

111 3827 141 3883 in
158 3829 293 3901 primitiis
319 3833 379 3888 suis
403 3835 591 3892 multitudine
613 3840 746 3906 gentium
770 3839 940 3908 lccnndata,

111 3911 160 3973 iix
175 3918 324 3976 inmundi
339 3922 397 3977 line
419 3923 547 3991 laninas,
570 3942 648 3998 quus
674 3927 825 3992 invenerit,
850 3929 941 3985 susci-

111 4008 181 4080 piet,
198 4013 227 4064 et
240 4015 372 4068 extrema
388 4012 529 4084 colligens
544 4031 595 4071 eos
611 4016 698 4089 quasi
718 4017 858 4091 reliquias
882 4018 941 4076 irn-

111 4114 184 4166 gum
200 4104 299 4171 ponet.
327 4104 365 4157 [lc
391 4102 502 4174 quibus
524 4103 655 4179 reliquiis
677 4106 767 4163 isaias
790 4107 882 4165 dicit:
907 4111 944 4165 Si

68 4181 77 4201 ³
108 4187 205 4256 feccrit
220 4205 361 4245 raleurerus
374 4192 507 4260 filiorum
526 4193 624 4250 Israel
637 4198 726 4264 quusi
739 4212 833 4253 crena
848 4200 940 4254 rerer-is

112 4277 182 4344 (lsu.
198 4282 238 4343 xl,
267 4279 401 4349 reliquiar
420 4282 510 4336 selvae
531 4284 603 4351 fient
629 4286 722 4351 (itone.
738 4288 789 4352 n).
815 4289 977 4360 Possuntp

65 4384 67 4390 ·
110 4369 211 4420 tamen
227 4371 344 4424 montes
359 4367 467 4424 Gelboe
481 4369 590 4427 ideirco
614 4388 664 4426 ore
684 4374 837 4445 prophetie
851 4374 940 4430 male-

110 4452 179 4522 dici,
194 4459 226 4509 ut
240 4453 313 4510 dnm
329 4455 440 4513 tructus
456 4465 643 4515 exarescente
667 4465 744 4517 terra
759 4478 819 4517 non
837 4463 939 4531 oritur,

110 4557 299 4614 possessores
312 4549 395 4599 terne
412 4546 568 4603 sterilitatis
581 4549 694 4604 slarmno
703 4549 853 4618 feriantur,
868 4569 941 4624 qua

110 4635 199 4687 tenus
226 4631 283 4705 ipsi
309 4633 526 4691 maledictionis
559 4637 735 4694 sententiam
763 4639 939 4712 acciperent,

111 4720 164 4792 qui
188 4720 271 4792 apud
295 4738 325 4777 se
350 4727 477 4780 mortem
500 4725 578 4796 regis
603 4727 763 4799 suscipere,
789 4727 941 4800 iniquitate

69 4823 73 4832 ’
112 4826 167 4865 sua
182 4810 327 4879 exigente,
345 4819 528 4870 meruerunt.

360 4940 428 4993 Car.
445 4941 497 4994 XV.
517 4940 558 4994 De
577 4939 695 4996 eisdem.

66 5074 70 5081 -
146 5040 942 5114 PiusproplteteDuoidfiqureliterclettetSuul,etlo-

109 5128 229 5184 nctlurn
242 5131 285 5199 (II
293 5133 365 5201 Req.
378 5131 407 5202 ι).
420 5131 474 5196 Qui
488 5147 557 5186 cum
569 5136 703 5203 polentes
716 5138 814 5188 essent
828 5137 857 5189 et
866 5151 941 5189 sern-

65 5272 67 5277 ,
109 5230 165 5288 per
177 5232 267 5289 super
279 5219 378 5274 hostes
393 5217 595 5290 prevalerent,
621 5220 756 5276 hostibus
772 5221 895 5277 sauciati
909 5222 941 5277 il·

110 5303 169 5359 lico
189 5309 218 5361 el
235 5305 383 5362 vulnerati
401 5307 431 5363 in
455 5307 553 5363 medio
569 5308 670 5380 praelio
691 5315 874 5367 corruerunt.
895 5310 940 5367 Sic

110 5397 139 5448 et
154 5393 311 5450 Christiani
321 5394 491 5451 dellenleos
506 5396 568 5469 qui,
584 5403 785 5469 repugnantes
799 5399 942 5471 daemoni·

106 5481 180 5548 bus,
195 5483 225 5538 in
244 5483 359 5539 lubrico
383 5485 481 5540 seculi
504 5485 654 5542 labuntur.
679 5487 787 5542 Gelboe
808 5504 940 5560 namque

70 5607 72 5628 1
110 5576 230 5628 montes
251 5573 360 5628 lubrici
371 5572 609 5645 interpretantur.
631 5578 663 5630 Et
677 5591 761 5647 spem
785 5592 941 5648 recupera·

998 1681 1058 1734 Sed
1069 1687 1096 1735 ct
1112 1683 1189 1736 circs
1199 1685 1252 1753 qtci
1264 1693 1350 1742 crunt
1366 1703 1431 1742 curn
1448 1703 1490 1753 eo,
1508 1689 1596 1743 ‹treait
1612 1689 1710 1744 Dauid
1728 1689 1828 1759 sinqu-

1001 1773 1042 1825 lus
1054 1787 1120 1826 ercrn
1131 1773 1217 1829 dorric
1231 1791 1285 1830 suu
1300 1778 1345 1846 (ll
1352 1779 1421 1847 Itcp.
1432 1779 1470 1845 ni.
1488 1779 1628 1835 ascensio
1649 1778 1741 1836 llarid
1757 1796 1827 1835 cum

998 1857 1117 1913 ‹tuabus
1132 1862 1275 1918 uxoribus
1289 1863 1319 1919 in
1336 1865 1453 1920 lleluon
1476 1865 1624 1935 significat
1641 1867 1828 1925 convocatio-

997 1961 1066 2000 nem
1081 1947 1211 2004 duornm
1226 1951 1408 2023 poptdorum
1424 1952 1453 2007 in
1463 1952 1626 2009 Ecclesiam
1639 1954 1825 2012 catholicam.

999 2033 1114 2089 liciuon
1130 2036 1210 2092 enirn
1224 2038 1433 2111 iuterpretatur
1452 2041 1626 2110 corrjrlpitun
1640 2059 1646 2108 ;
1662 2041 1726 2097 sola
1746 2041 1826 2097 enim

998 2122 1126 2180 Ecclesia
1140 2125 1265 2182 ctrlestis
1281 2127 1358 2195 regis
1369 2143 1480 2200 sponsa
1491 2134 1544 2185 est.
1558 2128 1626 2184 llluc
1637 2128 1722 2185 (lusit
1734 2129 1827 2188 David

998 2212 1131 2280 singulos
1147 2231 1216 2270 cum
1233 2216 1325 2271 dorno
1350 2234 1414 2283 sua,
1440 2217 1512 2290 quia
1539 2216 1647 2287 singuli
1670 2217 1774 2274 fideles
1795 2218 1827 2275 in

997 2299 1077 2355 iilam
1093 2302 1263 2359 societatem
1278 2320 1332 2376 per
1355 2304 1559 2373 erarrgelieam
1583 2306 1826 2377 praedicationem

997 2394 1209 2448 collineantur.
1226 2394 1293 2449 Non
1308 2401 1349 2449 est
1365 2395 1408 2449 tlt
1418 2396 1568 2451 distinctio
1577 2395 1673 2450 ludar
1688 2399 1715 2451 et
1731 2393 1828 2449 Groeci

998 2478 1080 2543 (Itone
1097 2479 1146 2547 n).
1162 2479 1224 2534 lusit
1239 2496 1383 2536 numerus
1401 2482 1518 2537 elicium
1534 2498 1587 2554 per
1601 2498 1678 2555 quos
1692 2496 1826 2537 commo-

997 2570 1078 2622 ratus
1093 2571 1137 2622 est
1152 2568 1253 2634 llavid,
1271 2569 1422 2641 imperans
1436 2570 1592 2625 inltebron
1602 2569 1825 2642 superdomnm

996 2654 1072 2710 luda
1099 2660 1212 2728 septem
1237 2672 1386 2712 annorum
1411 2662 1439 2713 et
1467 2674 1518 2713 sex
1544 2658 1703 2714 mensium.
1731 2655 1827 2713 David

997 2747 1110 2815 septem
1125 2743 1211 2799 annis
1224 2749 1251 2800 el
1267 2760 1319 2799 sex
1331 2744 1485 2800 mensibus
1498 2745 1630 2814 regnarit
1649 2743 1680 2799 in
1695 2743 1824 2810 liebrou,

997 2845 1064 2900 quie
1079 2831 1285 2902 interpretatur
1299 2833 1477 2901 ceraquqiuru
1492 2831 1538 2887 vel
1552 2832 1624 2886 cisio
1633 2832 1827 2900 serpiterna·

997 2918 1067 2990 qrna
1082 2919 1213 2974 tibristus
1240 2918 1269 2974 in
1294 2919 1420 2975 Ecclesia
1444 2920 1522 2992 (quir
1546 2924 1589 2974 cst
1613 2920 1678 2990 cius
1702 2921 1826 2992 sponsal

998 3024 1050 3079 per
1064 3024 1153 3062 omne
1167 3013 1285 3081 tempus
1300 3008 1390 3080 th‘ns
1404 3008 1470 3064 viter
1480 3008 1574 3081 (quod
1585 3007 1753 3080 septenario
1767 3005 1828 3062 die-

998 3113 1063 3151 rurn
1071 3097 1341 3164 numerodecurrit)
1350 3103 1464 3165 regnat,
1474 3097 1719 3152 secundumitlud
1731 3115 1737 3152 :
1749 3097 1827 3152 Ecce

998 3185 1206 3254 eqorobiscurn
1221 3200 1287 3239 steen
1304 3185 1438 3240 cineribus
1450 3185 1551 3239 ‹tteeus
1566 3202 1572 3239 :
1596 3197 1687 3253 usqace
1704 3181 1745 3237 acl
1758 3197 1827 3237 con-

997 3275 1222 3328 srunrnutiouem
1237 3274 1341 3328 saculi
1352 3274 1472 3343 (Metti.
1499 3272 1605 3343 assiu).
1627 3273 1660 3326 Et
1673 3269 1745 3342 qnia
1758 3272 1827 3343 post

998 3359 1195 3432 expletionem
1211 3358 1328 3426 senarii,
1345 3359 1375 3415 id
1390 3365 1433 3416 est
1445 3358 1657 3432 perlectionem
1670 3356 1743 3413 boni
1756 3371 1826 3430 ope

998 3448 1047 3516 ris,
1061 3446 1169 3503 eleetos
1183 3464 1254 3503 suos
1269 3446 1308 3504 ad
1336 3449 1502 3504 secundum
1528 3446 1704 3514 Sabbatum,
1727 3445 1758 3502 id
1781 3447 1826 3503 est

997 3537 1131 3610 requiem
1152 3537 1364 3610 sempiternam
1385 3537 1537 3610 perducet,
1565 3537 1616 3593 ubi
1639 3535 1752 3593 visione
1774 3534 1825 3591 [lei

998 3622 1185 3699 perfruentur
1198 3631 1352 3701 perpetua.

1072 3720 1074 3724 ’
1163 3719 1231 3774 Cur.
1247 3720 1324 3774 llVll.
1341 3717 1496 3774 DeAlrner
1511 3723 1538 3773 et
1552 3717 1653 3773 risnel.

1031 3805 1822 3875 LocutusestAlnmcdrtscelilececlquolimeseqni,

996 3910 1033 3951 ne
1049 3896 1214 3964 compellar
1232 3896 1390 3966 consociere
1407 3901 1434 3951 tc
1448 3896 1480 3950 in
1494 3900 1616 3950 terrum.
1638 3892 1696 3959 Qui
1716 3891 1825 3947 audire

996 3980 1824 4054 contempsit,etnoluitdeclinerePercussiterqodbner

996 4072 1204 4130 aversensem
1217 4074 1248 4128 iu
1264 4073 1396 4141 triusiae,
1410 4078 1437 4129 et
1453 4073 1617 4142 transfodit
1625 4087 1637 4143 ,·
1648 4076 1674 4127 el
1687 4076 1823 4127 nrortuus

997 4164 1083 4218 estin
1098 4162 1196 4217 eodem
1214 4161 1277 4216 loco
1292 4161 1338 4227 (II
1350 4161 1419 4230 ileu.
1434 4160 1473 4230 u).
1490 4160 1576 4215 nsael
1600 4160 1746 4229 significat
1759 4174 1821 4224 eos,

996 4266 1073 4324 qnos
1083 4250 1274 4304 veliementer
1286 4247 1429 4320 arripiens
1443 4248 1534 4314 luror,
1546 4248 1576 4303 in
1586 4263 1720 4319 preeceps
1730 4246 1822 4303 ducit.

998 4339 1053 4406 Oui
1065 4338 1096 4395 in
1110 4336 1217 4393 codem
1232 4336 1354 4392 lurroris
1368 4335 1490 4407 impetu,
1505 4339 1587 4392 tanto
1604 4335 1720 4390 cautius
1733 4333 1824 4389 decli-

995 4428 1086 4485 nandi
1102 4430 1171 4482 sunt
1182 4431 1296 4498 quanto
1311 4424 1416 4495 majori
1426 4423 1544 4480 insania
1558 4424 1727 4497 capiuntur.
1739 4422 1823 4479 Unde

995 4517 1138 4581 atAlmer,
1148 4515 1199 4586 qui
1208 4530 1345 4570 sermone
1353 4517 1455 4568 nostro
1467 4514 1590 4569 lucerne
1596 4513 1694 4583 potres
1704 4511 1821 4580 dicitur,

994 4604 1079 4673 fugin
1095 4603 1166 4676 quia
1179 4603 1337 4659 doctorum
1351 4602 1453 4672 lingua
1463 4618 1531 4675 qnoe
1541 4617 1706 4675 supernum
1719 4600 1823 4658 lumen

994 4692 1115 4758 irnlieat,
1132 4706 1202 4747 cum
1216 4689 1313 4746 iratris
1335 4691 1465 4747 furorem
1489 4689 1643 4764 conspicit,
1668 4695 1696 4748 et
1719 4695 1822 4748 contra

994 4784 1170 4836 irascentem
1191 4778 1360 4835 dissimulat
1381 4780 1541 4836 verborum
1563 4779 1664 4852 jacula
1685 4779 1820 4847 reddere,

994 4869 1080 4942 quasi
1094 4870 1322 4941 persequentem
1340 4884 1401 4925 non
1414 4870 1477 4927 vult
1491 4869 1585 4927 ferire.
1603 4869 1660 4927 Sed
1682 4886 1752 4927 cum
1765 4869 1822 4924 ira·

995 4957 1084 5013 cundi
1099 4955 1181 5012 nulla
1196 4955 1432 5014 consideratione
1457 4977 1488 5015 se
1512 4959 1660 5029 mitigant,
1682 4963 1712 5016 et
1735 4955 1822 5030 quasi

993 5046 1078 5103 asael
1093 5044 1233 5119 persequi
1243 5050 1271 5101 et
1285 5046 1415 5103 insanire
1430 5064 1489 5105 non
1504 5052 1630 5112 cessant,
1647 5060 1767 5102 necesse
1778 5047 1822 5098 est

995 5140 1027 5191 nl
1036 5136 1086 5208 qui
1101 5137 1231 5191 furentes
1245 5136 1405 5207 reprimere
1419 5142 1574 5204 conantur,
1589 5149 1650 5191 non
1661 5150 1692 5188 se
1707 5131 1822 5199 erigant

995 5223 1024 5279 iu
1039 5222 1180 5290 furorem,
1200 5222 1252 5277 sed
1267 5222 1416 5294 quidquid
1428 5227 1472 5276 cst
1486 5219 1703 5291 tranquillitatis
1724 5222 1821 5274 osten·

993 5313 1083 5371 dant:
1097 5311 1239 5386 quaedam
1253 5325 1325 5365 vero
1336 5308 1480 5364 subtiliter
1493 5307 1654 5378 proterant,
1664 5307 1696 5364 in
1710 5307 1821 5380 quibus

994 5417 1029 5455 ex
1037 5401 1159 5472 obliquo
1168 5395 1291 5453 lurentis
1301 5395 1436 5451 animum
1447 5395 1678 5469 pungantflnde
1686 5396 1821 5452 etnbner

993 5491 1221 5561 persequentem
1239 5498 1298 5538 non
1314 5487 1404 5549 recta,
1421 5483 1474 5538 sed
1497 5497 1602 5540 aversa
1619 5484 1705 5544 hasta
1725 5485 1822 5559 perto-

994 5577 1078 5644 rayit.
1095 5578 1137 5631 Ex
1156 5586 1300 5628 mucrone
1315 5571 1428 5646 quippe
1450 5574 1614 5646 perculere,
1629 5580 1674 5632 est
1696 5575 1821 5648 impetui
