3832 6044
182 125 234 180 975
360 115 512 174 HUGONlS
532 112 577 169 DE
598 112 626 168 S.
646 107 794 166 VICTORE
813 107 888 164 OPP.
909 106 998 162 PARS
1017 107 1038 162 1.
1061 135 1096 146 —
1118 106 1422 163 altcarius-11.
1443 109 1478 162 ΙΝ
1496 107 1707 164 aaronica.
1848 112 1886 163 ert

180 247 256 306 biles
271 248 349 312 sunt,
365 242 448 318 quod
469 233 748 313 supermundalium
764 231 951 289 excellentias
964 231 1045 286 os-il
1063 230 1093 297 (Ι
1105 229 1172 286 Cor.
1188 229 1227 301 u).
1246 252 1259 279 »
1276 232 1321 287 Sic
1335 248 1403 305 quae
1419 230 1469 288 liei
1484 236 1561 300 sunt,
1576 248 1667 289 nemo
1681 230 1750 298 scit,
1767 230 1827 287 nisi
1844 233 1888 305 spi

181 336 322 404 tendunt;
346 334 398 391 sed
418 332 485 388 ideo
503 328 593 385 otiam
609 324 692 399 quod
714 327 849 380 nostrum
874 320 1014 400 animuinv
1062 319 1134 375 ritas
1149 320 1214 382 Dei:
1229 324 1257 376 ct
1271 320 1323 392 qui
1345 321 1436 377 habet
1457 321 1593 396 spiritum
1614 321 1678 389 Dei,
1705 320 1747 377 sit
1771 336 1826 394 per
1842 321 1886 394 spi

180 427 277 497 magis
291 440 385 498 quam
400 420 511 477 similes
525 414 717 487 figurationes
733 430 750 469 a
763 411 966 468 materialibus
981 414 1010 466 et
1061 413 1151 465 ritum
1165 409 1293 482 Dciqme
1309 414 1378 466 sunt
1392 410 1453 467 Dei.
1469 413 1517 467 Est
1532 415 1632 468 autem
1646 409 1760 466 oculus
1775 409 1885 483 triplex:
1899 420 1904 459 ἒ

180 513 385 589 corporalibus
418 509 573 575 reducunt,
604 520 702 578 neque
734 504 765 559 in
793 518 823 557 se
854 500 1007 573 quiescere
1062 497 1166 553 oculus
1180 498 1287 566 camis,
1311 498 1416 556 oculus
1430 499 1562 567 rationis,
1579 498 1686 556 oculus
1714 498 1887 571 contempla

179 605 290 661 emunt.
312 600 389 658 ludi
403 613 550 670 magnum
573 597 803 651 sacramentum.
820 589 906 656 Quod
931 591 1007 644 Oeus
1062 586 1159 643 tionis.
1184 588 1293 644 Oculus
1316 588 1413 645 earnis
1429 583 1549 662 apertus
1564 593 1617 656 est,
1645 588 1760 644 oculus
1779 589 1886 645 rationis

177 698 232 763 θεῖ,
252 707 343 767 super
366 705 456 747 omne
476 691 535 753 est;
561 689 679 742 etcum
699 678 929 755 queriturquid
952 682 1005 742 θεῖ,
1062 675 1171 750 lippus,
1188 678 1298 747 oculus,
1311 679 1569 753 contemplationis
1590 678 1716 736 clausus
1740 681 1771 734 et
1793 693 1885 734 carm

176 784 235 840 hoc
249 781 308 839 dici
317 796 380 836 non
394 781 500 852 potest,
512 774 584 849 quia
594 771 786 843 cogitarinon
798 771 904 842 potest.
921 767 1007 833 Quod
1062 766 1153 821 Oculo
1168 765 1265 823 earnis
1280 766 1397 824 videtur
1410 768 1552 832 mundus,
1570 773 1598 824 et
1618 783 1657 823 ea
1675 782 1751 839 quae
1780 765 1885 822 suntin

176 871 257 929 enim
272 867 395 940 eogitari
415 869 521 939 potest,
541 862 675 920 ascendit
697 861 727 916 in
742 875 792 915 cor
816 857 955 924 hominis,
978 861 1007 913 θῖ
1060 855 1185 912 mundo.
1198 856 1289 912 Oculo
1312 859 1434 915 rationis
1455 857 1584 925 animus,
1601 862 1629 914 et
1644 873 1770 930 eaquae
1787 854 1885 912 suntin

176 962 292 1034 capitur
307 976 325 1016 a
340 956 429 1014 eorde
449 953 590 1021 hominis,
605 951 653 1007 vel
666 950 696 1006 in
713 949 760 1004 his
776 964 843 1021 quae
867 947 1006 1002 ridentur
1060 944 1172 1002 animo.
1196 946 1287 1002 Oculo
1311 947 1567 1021 contemplationis
1593 950 1685 1016 Deus,
1712 950 1746 1002 et
1774 962 1812 1003 ea
1831 962 1886 1019 qua

175 1049 343 1106 secundum
357 1045 498 1120 speciem,
514 1042 559 1098 rel
571 1039 861 1110 seeundumeaquae
873 1036 1005 1109 perima-
1060 1039 1129 1091 sunt
1144 1035 1174 1092 in
1196 1039 1265 1094 lieo.
1286 1036 1377 1094 Oculo
1398 1037 1495 1094 carnis
1514 1037 1593 1094 videt
1612 1037 1709 1094 homo
1730 1052 1806 1110 qma
1832 1038 1886 1091 sunt

175 1138 367 1210 ginationem,
383 1133 431 1191 rel
444 1131 522 1189 iniis
536 1147 604 1204 quae
620 1128 786 1185 sentiuntur
798 1127 877 1183 intus
887 1141 941 1199 per
954 1141 1003 1182 ex·
1059 1128 1142 1182 extra
1157 1140 1188 1181 se
1200 1144 1207 1194 3
1223 1125 1311 1182 oculo
1321 1126 1442 1182 rationis
1456 1142 1522 1199 quoe
1534 1125 1641 1182 suntin
1652 1142 1685 1181 se
1699 1143 1706 1193 ;
1724 1124 1819 1182 oculo
1830 1141 1886 1211 eon

173 1226 349 1301 perientiem
364 1229 392 1280 et
405 1222 579 1288 veritatem
595 1223 693 1274 ctnon
708 1216 845 1289 capitcor
861 1214 1001 1282 hominis,
1057 1213 1258 1286 templationis
1273 1231 1340 1287 quae
1362 1220 1431 1272 sunt
1450 1215 1616 1272 intrasset
1638 1231 1738 1288 supra
1763 1230 1807 1270 se.
1824 1216 1884 1286 Ergo

172 1315 230 1371 nisi
244 1330 312 1388 quie
327 1312 417 1378 norit,
432 1310 478 1367 rel
493 1308 661 1365 secundum
676 1323 711 1362 oa
726 1322 793 1378 quae
812 1303 903 1360 novit.
920 1303 1003 1360 Novit
1058 1306 1144 1371 Oeus,
1161 1303 1245 1376 quod
1257 1309 1310 1373 est,
1326 1305 1522 1375 incogitabilis
1539 1309 1591 1373 θεῖ,
1609 1305 1664 1362 sed
1679 1305 1884 1373 hominum‚et¹

173 1408 274 1463 autem
289 1420 334 1471 ea,
362 1418 430 1475 quae
452 1399 522 1456 ioris
544 1414 599 1472 per
619 1413 741 1453 sensum
765 1394 902 1467 concipit,
924 1398 952 1450 θῖ
967 1409 1002 1449 ea
1057 1392 1198 1450 humanae
1226 1393 1350 1452 rationi:
1379 1412 1446 1468 quae
1477 1411 1538 1451 nou
1560 1396 1698 1468 percipi,
1728 1394 1790 1451 nisi
1815 1394 1882 1468 quod

172 1511 239 1568 quae
253 1491 333 1549 intus
348 1506 401 1564 per
416 1487 628 1562 experientiam
643 1486 750 1549 sentit,
775 1488 803 1540 ot
817 1500 905 1540 omne
918 1481 1001 1556 quod
1056 1483 1146 1549 novit,
1163 1482 1210 1538 rel
1225 1482 1391 1539 seeundum
1405 1483 1436 1538 id
1449 1485 1531 1557 quod
1546 1484 1637 1551 novit,
1654 1485 1747 1558 quod
1762 1485 1849 1542 estin
1860 1502 1880 1540 se

172 1582 261 1655 capit,
276 1580 325 1637 vel
339 1580 369 1636 in
384 1579 445 1635 istis
460 1577 548 1651 capit,
565 1575 612 1632 vel
626 1574 793 1631 secundum
806 1573 861 1629 ista
872 1571 999 1643 conjicit.
1017 1589 1037 1642 g
1055 1572 1103 1628 rel
1115 1577 1197 1629 extra
1213 1589 1253 1629 εθ.
1269 1572 1324 1638 Oui
1339 1578 1438 1629 autem
1453 1573 1589 1645 spiritiun
1603 1573 1655 1629 Dei
1677 1573 1710 1630 in
1724 1591 1759 1631 εθ
1773 1574 1880 1646 habent,

172 1669 259 1738 Quod
269 1674 370 1726 autem
383 1667 477 1725 necin
489 1665 625 1734 istis,nee
638 1663 805 1720 seeundum
815 1662 870 1718 ista
885 1666 938 1728 est,
950 1677 1001 1716 cor
1056 1666 1084 1716 θῖ
1095 1664 1187 1717 Oeunr
1199 1661 1312 1718 habent
1327 1679 1333 1716 :
1349 1660 1381 1717 hi
1395 1657 1488 1717 licum
1499 1663 1609 1729 vident,
1625 1661 1703 1736 quia
1725 1663 1881 1720 oculumil

171 1761 341 1817 humanum
356 1772 460 1831 capere
483 1771 543 1811 non
567 1757 672 1826 potest.
692 1751 777 1818 Quod
801 1756 901 1808 autem
924 1753 1000 1807 Oeus
1055 1748 1234 1806 luminatum
1249 1750 1362 1806 habent
1374 1767 1436 1825 quo
1458 1754 1534 1808 Deus
1548 1751 1639 1808 videri
1655 1757 1773 1826 potest,
1789 1759 1819 1811 θῖ
1832 1770 1880 1810 sea

170 1853 224 1919 est,
239 1849 417 1905 nechoram
432 1843 545 1918 aliquid
560 1842 697 1916 est,quia
712 1846 918 1898 creaturanon
936 1846 997 1903 est:
1056 1838 1248 1895 tiuntnonin
1270 1839 1338 1908 ulio,
1360 1840 1588 1897 velsoeumlum
1613 1840 1700 1898 aliud
1723 1843 1815 1916 quod
1832 1844 1880 1926 ipse

170 1956 225 1998 nee
241 1936 472 1995 secundumista
483 1939 536 2003 est,
552 1933 624 2006 quia
636 1935 755 1989 Creator
769 1935 822 1987 est.
835 1930 920 1996 Quod
929 1946 999 2001 ergo
1054 1945 1114 1984 non
1129 1933 1182 1996 est,
1199 1929 1251 1984 sed
1266 1928 1365 2001 ipsum
1381 1935 1409 1986 et
1422 1929 1453 1985 in
1467 1930 1533 2003 ipso
1546 1931 1629 2005 quod
1643 1936 1701 2001 est,
1718 1933 1810 2006 quod
1823 1950 1880 2007 pre

170 2031 316 2096 Deusest,
339 2024 440 2082 necin
462 2023 524 2080 istis
543 2021 668 2079 inveniri
690 2025 795 2094 potest,
815 2036 871 2076 nec
895 2036 999 2076 secun·
1053 2022 1188 2075 sensest.
1209 2021 1266 2075 Nec
1295 2023 1394 2075 tamen
1417 2019 1448 2076 id
1470 2020 1528 2077 dici
1553 2024 1659 2093 potest,
1685 2021 1766 2095 quia
1794 2023 1880 2079 ineiia

169 2116 243 2174 dum
257 2116 314 2173 ista
323 2112 444 2183 intelligi
457 2110 545 2186 quale
560 2115 613 2167 est.
638 2109 667 2166 Si
688 2109 769 2165 euim
788 2108 999 2179 intelligeretur
1052 2107 1111 2164 bile
1125 2112 1177 2175 θεῖ,
1191 2107 1263 2180 quia
1276 2108 1486 2178 incogitatibile
1501 2117 1563 2178 cst;
1580 2115 1610 2166 θῖ
1631 2111 1776 2180 sentitur,
1791 2117 1881 2170 ctnon

169 2204 337 2263 secundum
351 2203 417 2271 ista,
430 2201 462 2258 in
476 2201 582 2258 eadem
593 2198 784 2255 similitudine
802 2198 999 2256 deduceretur
1053 2197 1235 2270 exprimitur.
1252 2200 1338 2266 Ergo,
1354 2214 1444 2254 omne
1458 2199 1541 2273 quod
1558 2200 1667 2256 dieitur
1687 2201 1727 2257 de
1744 2205 1811 2258 lieo
1822 2205 1882 2277 quie

168 2295 209 2353 ad
223 2295 288 2363 ista,
305 2299 333 2352 et
345 2296 423 2351 esset
440 2291 541 2348 hocin
556 2289 627 2358 istis,
643 2288 726 2362 quod
741 2288 771 2344 in
786 2287 834 2344 illo
850 2293 902 2345 est.
916 2291 999 2354 Quae-
1054 2292 1107 2355 θεῖ,
1130 2286 1296 2342 secundum
1321 2286 1352 2343 id
1377 2287 1494 2355 dicitur,
1516 2288 1600 2360 quod
1622 2290 1685 2347 dici
1712 2295 1744 2347 ct
1769 2293 1882 2364 cogitari

167 2400 288 2459 cunque
302 2387 403 2441 autem
415 2381 446 2438 in
462 2379 603 2438 creaturis
620 2384 698 2446 sunt,
715 2378 811 2449 magis
831 2377 887 2434 sibi
901 2377 999 2434 vicina
1052 2379 1157 2450 potest,
1173 2376 1318 2449 quoniam
1338 2376 1421 2433 aliter
1444 2377 1502 2434 dici
1523 2395 1584 2435 non
1599 2384 1720 2452 potest3
1748 2388 1780 2440 θῖ
1804 2400 1882 2441 omne

168 2479 238 2532 sunt
256 2478 285 2531 et
299 2476 436 2543 cognata,
452 2469 524 2544 quia
537 2469 615 2527 iacta
630 2472 717 2535 sunt3
733 2483 826 2540 quam
841 2482 918 2539 opus
932 2465 999 2521 arti-
1052 2465 1135 2538 quod
1150 2465 1209 2522 diei
1224 2471 1252 2522 θῖ
1265 2465 1387 2536 cogitari
1402 2471 1507 2539 potest,
1528 2467 1628 2524 minus
1643 2475 1691 2527 θεῖ
1710 2477 1740 2530 θῖ
1756 2471 1838 2531 inlra
1849 2480 1883 2531 est

167 2563 226 2631 fici,
241 2567 269 2620 θῖ
283 2550 596 2632 iactura‘plasmatori.
613 2559 706 2613 Omne
728 2556 807 2613 enim
829 2560 946 2630 tempus
959 2557 998 2612 ad
1052 2570 1145 2625 quam
1160 2554 1242 2627 quod
1255 2557 1333 2610 Deus
1342 2559 1395 2610 est.
1410 2559 1512 2628 ipsum
1526 2557 1592 2624 hoc,
1602 2558 1689 2630 quod
1702 2559 1827 2630 dicitur,
1838 2562 1883 2619 mi·

167 2651 361 2708 aeternitatem
377 2652 595 2721 comparatum,
612 2650 742 2702 etomne
757 2644 998 2718 spatiumadim-
1052 2642 1237 2712 nusdieitur,
1266 2649 1295 2700 θῖ
1315 2644 1416 2717 ipsum
1437 2646 1493 2722 hoe.
1515 2662 1575 2702 nori
1601 2647 1713 2704 dicitur
1734 2651 1825 2724 quod
1848 2656 1883 2708 ert

166 2738 355 2797 mansitatem
391 2735 601 2808 compositum,
638 2733 737 2789 minus
772 2734 918 2790 invenitur
945 2735 997 2791 ha·
1053 2735 1129 2790 licus
1153 2734 1224 2808 quia
1253 2735 1306 2807 qui
1328 2735 1441 2808 aliquid
1464 2735 1535 2793 dicit
1562 2738 1736 2796 secundum
1776 2742 1881 2818 aliquid

166 2827 252 2894 bens,
296 2841 389 2898 quum
423 2822 564 2896 quaelibet
599 2821 752 2894 prolixitas
785 2822 925 2894 temporis
959 2822 998 2879 ad
1051 2823 1130 2891 dicit,
1147 2829 1174 2879 θῖ
1188 2824 1298 2892 cogitet
1311 2824 1395 2897 quod
1406 2824 1485 2892 dicit,
1495 2827 1702 2885 etsecundum
1713 2832 1881 2904 quoddieit

166 2918 355 2972 momentum
367 2911 483 2982 collata,
508 2910 556 2966 rel
569 2910 741 2984 quantitatis
756 2911 888 2967 extensio
903 2929 997 2985 quan·
1016 2943 1036 2999 C
1051 2911 1192 2969 Nominas
1206 2915 1312 2982 Deum,
1326 2918 1356 2970 et
1368 2914 1445 2969 duas
1458 2914 1589 2988 syllabas
1599 2916 1717 2975 formas
1729 2937 1737 2987 ;
1748 2924 1781 2976 et
1796 2926 1883 2978 totum

166 3001 276 3059 tumvis
290 3017 473 3068 excrescere,
492 2999 531 3057 ad
546 2998 638 3057 atomi
651 2998 877 3072 proportionem
892 2999 994 3058 relata.
1051 3000 1160 3057 dixisse
1173 3006 1261 3074 putus
1276 3002 1360 3075 quod
1375 3007 1428 3060 cst.
1444 3003 1520 3069 Quid
1535 3004 1695 3074 cogitasti?
1706 3009 1799 3075 Quod
1808 3009 1881 3067 enirn

167 3091 213 3150 Sic
236 3092 320 3166 qnod
344 3094 421 3149 Deus
448 3094 501 3157 θεῖ,
526 3088 565 3147 ad
593 3092 760 3145 creaturum
787 3094 996 3162 comparatum
1051 3091 1194 3162 cogitasti,
1208 3091 1266 3147 hoc
1283 3091 1390 3148 dixisti.
1407 3093 1547 3164 Cogitavi,
1561 3094 1671 3167 inquis,
1688 3099 1778 3170 quod
1798 3117 1882 3174 supra

165 3181 296 3256 amplius
311 3179 457 3238 excellens
467 3179 625 3247 invenitur,
641 3194 734 3252 quam
745 3178 828 3252 quod
841 3194 995 3234 summum
1050 3180 1152 3238 omnia
1176 3186 1238 3237 est:
1263 3182 1320 3239 hoc
1332 3180 1406 3255 quid
1425 3183 1492 3239 est?
1507 3185 1534 3239 Si
1551 3184 1682 3253 cogitare
1700 3194 1802 3260 potes,
1815 3189 1880 3264 quid

165 3277 210 3331 est
224 3271 378 3330 conditum
401 3272 440 3328 ad
453 3287 498 3340 ea,
520 3285 589 3344 quae
611 3272 679 3325 sunt
703 3269 774 3337 ima,
796 3268 844 3324 vel
863 3273 995 3326 extrema
1049 3276 1102 3338 θεῖ,
1136 3270 1194 3326 hoc
1222 3270 1318 3328 dicere
1344 3276 1439 3344 potes.
1471 3270 1500 3329 si
1529 3276 1629 3330 autem
1660 3277 1800 3348 cogitare
1825 3295 1880 3336 non

165 3361 253 3430 iacta,
269 3364 488 3435 comparatum.
513 3362 577 3415 Non
603 3374 674 3429 ergo
689 3357 856 3414 secundum
870 3358 925 3415 ista
943 3374 995 3431 po
1049 3363 1144 3433 potes,
1173 3359 1270 3415 dicero
1291 3375 1352 3416 non
1367 3366 1467 3433 potes;
1491 3363 1573 3434 quia,
1597 3363 1682 3435 quod
1705 3382 1770 3424 non
1791 3373 1880 3442 poesi

165 3453 221 3506 ῖθεῖ
235 3450 357 3521 cogitari
379 3453 456 3505 licus
479 3447 562 3522 quod
587 3451 649 3514 est3
670 3447 815 3521 quoniam
838 3446 920 3504 aliud
942 3453 994 3515 est,
1050 3448 1182 3520 cogitari,
1209 3464 1269 3505 non
1293 3453 1389 3522 potest
1410 3449 1478 3506 dici.
1504 3450 1604 3508 Dixisti
1631 3453 1731 3512 licus:
1758 3459 1878 3532 etquid

165 3540 194 3592 et
205 3536 289 3592 aliter
305 3541 358 3604 θεῖ,
376 3540 404 3591 θῖ
425 3536 524 3604 longe,
549 3540 578 3592 ot
599 3540 722 3604 remote,
750 3539 778 3591 et
799 3535 992 3604 dissimiliter;
1050 3543 1094 3595 est
1114 3540 1215 3595 Deus?
1239 3539 1315 3605 Ouid
1341 3538 1463 3607 cogitas,
1484 3545 1535 3596 aut
1559 3541 1648 3614 quale
1675 3545 1795 3616 cogitas
1814 3565 1877 3605 eum

164 3624 276 3698 etquid
287 3629 331 3680 θεῖ
345 3624 403 3679 dici
417 3640 478 3679 non
493 3628 598 3696 potest.
615 3624 642 3681 Si
653 3623 733 3679 enim
748 3623 869 3696 aliquod
884 3624 994 3682 horum
1049 3627 1123 3686 dicis
1138 3629 1239 3684 Deus?
1263 3627 1349 3693 Quod
1364 3629 1444 3684 enim
1463 3634 1559 3698 sonat,
1577 3630 1634 3687 hoc
1648 3637 1694 3689 est
1718 3635 1876 3709 inspiciens

164 3712 281 3783 dicitur,
311 3712 393 3769 aliud
421 3715 473 3767 est.
500 3711 528 3767 Si
551 3712 719 3767 sccundrmi
750 3712 862 3785 aliquid
884 3713 994 3772 horum
1048 3716 1096 3771 rel
1109 3732 1240 3782 currens,
1256 3716 1317 3771 sive
1342 3717 1438 3783 timor,
1459 3717 1505 3774 vel
1519 3719 1652 3793 quolibet
1677 3722 1764 3780 aliud
1786 3725 1876 3782 existi-

164 3802 281 3872 dieitur,
298 3802 382 3859 aliter
397 3804 449 3857 est.
475 3799 553 3865 Ouid
574 3814 644 3868 ergo
668 3799 830 3857 dicendum
847 3807 891 3859 θεῖ
911 3804 994 3876 quod
1048 3805 1176 3862 moreris
1199 3809 1326 3879 utpotes
1340 3805 1378 3862 dc
1401 3805 1477 3880 ipso.
1498 3809 1574 3878 Ergo
1594 3825 1665 3866 cum
1689 3811 1768 3870 dicis
1792 3817 1872 3881 Deus,

163 3893 242 3948 Deus
256 3892 322 3947 est‘l
337 3889 366 3946 Si
385 3888 495 3944 crelam
510 3885 626 3954 dicitur,
643 3885 724 3942 aliud
742 3891 794 3943 est.
811 3889 840 3946 Si
861 3894 939 3948 terra
951 3893 994 3948 di·
1047 3892 1253 3965 inspicientem
1279 3893 1352 3950 dicis
1365 3900 1394 3951 et
1418 3896 1681 3970 contemplantem,
1697 3905 1729 3958 et
1747 3903 1872 3960 conside

163 3977 249 4044 citur,
274 3974 356 4032 aliud
379 3979 440 4042 θεῖ,
464 3978 492 4030 θῖ
515 3972 663 4046 quidquid
686 3973 715 4030 in
744 3975 819 4033 cerlo
840 3982 893 4047 est,
917 3984 945 4037 θῖ
963 3981 993 4036 in
1047 3983 1163 4034 rentem
1179 3979 1291 4035 omnia.
1306 3981 1339 4035 Et
1352 3979 1426 4052 quid
1446 3981 1582 4038 esthoc?
1602 3984 1766 4049 Quomodo
1790 3989 1870 4062 inspi-

165 4069 241 4121 terra
256 4067 309 4130 est,
326 4078 386 4119 non
402 4067 445 4119 θεῖ
457 4064 514 4120 hoc
538 4061 621 4135 quod
640 4066 716 4119 Oeus
737 4069 789 4122 est.
811 4069 886 4138 Ergo
911 4069 992 4125 aliud
1048 4065 1086 4123 cit
1100 4068 1186 4134 Oeus,
1203 4072 1230 4123 et
1243 4067 1397 4140 quomodo
1412 4067 1514 4124 ridet?
1526 4069 1603 4136 Quid
1617 4076 1661 4128 θεῖ
1674 4073 1780 4131 videre
1803 4076 1867 4147 ejus,

59 4156 125 4199 -·¹‘'·
163 4157 207 4210 θεῖ
220 4153 277 4210 hoe
292 4152 375 4225 quod
400 4154 476 4208 lions
495 4156 547 4207 est.
570 4154 604 4207 at
621 4151 678 4208 hoc
700 4153 773 4226 quid
795 4158 865 4211 est‘l
891 4156 992 4215 Solum
1047 4155 1102 4211 nisi
1114 4171 1178 4211 esse
1191 4155 1280 4226 ojus?
1293 4158 1326 4210 Et
1338 4156 1395 4212 hoc
1408 4156 1497 4229 quale
1509 4159 1572 4214 esti
1588 4157 1615 4215 Si
1631 4164 1735 4218 nutem
1761 4179 1869 4220 curren·

162 4243 220 4300 hoc
235 4241 413 4315 dicipotest,
438 4241 521 4315 quod
542 4240 624 4297 aliud
647 4246 700 4313 θεῖ,
717 4247 746 4298 θῖ
765 4244 841 4321 qaid
864 4249 918 4314 est,
934 4247 993 4303 dici
1046 4248 1110 4300 tem'
1132 4244 1278 4314 intelligis,
1303 4245 1375 4317 quia
1402 4250 1537 4318 penetrat
1565 4248 1678 4318 omnia,
1712 4257 1742 4308 et
1773 4269 1867 4327 appre

160 4346 223 4389 non
248 4334 355 4405 potest.
384 4330 533 4386 ilabemus
557 4345 627 4400 orgo
649 4330 733 4402 quod
758 4329 904 4402 dicamus,
930 4351 990 4392 non
1045 4333 1158 4400 hendit,
1173 4333 1447 4390 ctoontinetomne
1461 4335 1543 4408 quod
1567 4342 1611 4393 θεῖ
1629 4354 1751 4398 currere
1766 4340 1867 4399 illihoc

161 4421 380 4487 esthoclleus3
396 4419 520 4476 sednon
533 4418 991 4493 habemusquoddicumus,hoe
1047 4428 1123 4481 stare
1146 4428 1199 4482 est.
1222 4426 1256 4480 Et
1277 4423 1334 4480 hoc
1349 4423 1417 4496 quis
1439 4425 1558 4497 capiat?
1584 4426 1612 4485 Si
1636 4443 1711 4484 vero
1738 4430 1868 4490 timorem

161 4516 206 4570 θεῖ
220 4510 400 4584 Oeus3quia
413 4526 502 4567 omne
516 4508 600 4582 quod
612 4507 771 4578 habemus,
784 4510 842 4567 hoc
862 4529 925 4570 non
948 4520 992 4572 est
1045 4513 1263 4586 interpretaris;
1287 4517 1316 4569 et
1341 4513 1441 4585 ipsum
1470 4514 1526 4571 sul)
1551 4514 1608 4573 hoc
1641 4519 1768 4577 nomine
1799 4520 1870 4591 cogi-

160 4602 249 4667 Deus,
265 4603 294 4656 et
316 4615 378 4656 non
399 4598 547 4655 habemus
570 4598 600 4653 in
614 4597 660 4654 his
675 4598 816 4656 omnibus
835 4616 932 4675 neque
948 4604 990 4660 in-
1046 4601 1173 4659 tandum
1195 4601 1302 4658 asseris
1333 4617 1402 4657 cum
1432 4602 1540 4660 dieitur
1562 4607 1659 4684 licus:
1688 4610 1762 4679 quis
1784 4608 1869 4683 expli·

159 4688 297 4744 venimus
312 4686 395 4759 quod
410 4691 453 4743 est
467 4690 554 4744 Deus.
571 4690 664 4745 Omne
679 4688 759 4745 enim
774 4690 830 4747 hoe
850 4690 932 4748 aliud
946 4698 991 4751 θεῖ
1046 4707 1113 4748 care
1126 4690 1220 4763 possit
1231 4688 1385 4763 quomodo
1400 4690 1488 4748 timor
1503 4693 1539 4749 sit
1550 4695 1651 4750 Oeus‘l
1675 4696 1767 4761 Quod
1788 4699 1812 4755 si
1833 4697 1870 4755 id·

161 4790 180 4832 a
194 4777 271 4842 Oeo;
284 4773 431 4847 quianon
455 4782 499 4831 est
519 4779 596 4832 Oeus
610 4794 699 4834 omne
713 4778 796 4850 quod
811 4777 923 4835 iactum
945 4783 990 4838 est
1044 4782 1122 4837 circo
1129 4781 1264 4837 timorem
1270 4779 1328 4836 dici
1337 4782 1574 4854 putesquoniam
1581 4783 1712 4854 timetur,
1718 4788 1871 4862 quomodo

161 4865 263 4930 alteo,
280 4865 308 4919 θῖ
319 4878 381 4918 nou
391 4862 471 4920 videt
485 4865 598 4933 oculus,
614 4881 711 4940 noque
722 4882 808 4946 mens
829 4867 917 4940 capit,
931 4867 989 4925 nisi
1043 4869 1163 4926 timetur
1174 4869 1255 4940 quod
1275 4885 1337 4924 non
1350 4868 1466 4927 videtur
1476 4871 1489 4927 ‘i
1501 4872 1656 4944 quomodo
1672 4873 1770 4934 rideri
1779 4882 1872 4952 potest

160 4953 227 5022 hoc,
244 4951 290 5008 vel
304 4951 470 5008 secundum
483 4952 541 5009 hoe
555 4954 638 5026 quod
648 4971 709 5011 non
731 4959 775 5012 est
795 4959 882 5025 Deus,
904 4957 956 5014 sed
971 4972 990 5014 a
1042 4958 1126 5033 quod
1139 4974 1200 5014 non
1212 4961 1309 5031 potest
1320 4958 1457 5029 cogitari?
1467 4964 1495 5017 et
1503 4963 1658 5035 quomodo
1669 4963 1771 5025 timeri
1780 4974 1874 5042 potest

160 5046 230 5101 lieo.
248 5045 342 5099 Homo
356 5040 436 5098 enim
451 5058 573 5099 sensum
596 5044 726 5101 hominis
739 5045 839 5112 halect,
856 5050 884 5104 et
903 5047 990 5104 sentit
1042 5047 1126 5121 quod
1140 5063 1201 5104 non
1216 5052 1313 5121 potest
1325 5048 1412 5104 sciri?
1431 5049 1501 5106 Vide
1516 5066 1587 5121 ergo
1606 5052 1680 5125 quid
1692 5055 1792 5127 dicas,
1806 5075 1872 5117 cum

160 5134 328 5191 secundum
341 5147 463 5188 sensum
477 5132 617 5204 hominis,
634 5133 680 5189 vel
694 5134 776 5207 quod
791 5137 873 5191 extra
887 5140 931 5192 est
946 5153 989 5193 εθ-
1041 5137 1115 5194 dicis
1130 5139 1223 5205 Deus;
1238 5141 1289 5194 aut
1300 5136 1372 5209 quid
1388 5138 1508 5208 cogites,
1522 5156 1591 5196 eum
1606 5141 1681 5198 dieis
1694 5146 1873 5216 Deus3t2rea·

159 5223 295 5280 cundum
316 5237 447 5290 earnem,
464 5222 511 5278 arel
537 5223 620 5295 quod
647 5223 726 5279 intus
752 5227 796 5279 est
822 5224 988 5281 sectmdum
1043 5230 1147 5294 torem,
1163 5225 1272 5299 inquis,
1284 5226 1420 5282 omnium
1432 5228 1539 5298 cogito,
1553 5245 1623 5286 cum
1635 5230 1703 5289 dico
1718 5236 1810 5305 Deus,
1823 5237 1873 5311 qui

158 5317 301 5380 mentem,
313 5315 341 5367 et
355 5327 413 5366 non
435 5310 526 5366 habet
538 5311 667 5383 amplius
684 5312 784 5366 homo.
803 5311 912 5366 Oculus
925 5330 987 5368 ear-
1042 5315 1144 5370 omnia
1156 5314 1230 5376 ierit,
1243 5319 1271 5368 ct.
1285 5314 1346 5386 ipse
1362 5316 1456 5373 iactus
1468 5334 1528 5374 non
1542 5325 1595 5377 est.
1611 5323 1687 5391 Ergo
1704 5339 1780 5380 curm
1801 5326 1873 5382 dicis

159 5400 206 5453 nis
215 5417 283 5470 quie
297 5399 336 5454 ad
347 5415 477 5465 earnem,
488 5400 591 5456 oculus
601 5401 707 5456 ruentis
717 5417 784 5472 quie
795 5401 832 5456 ad
845 5406 985 5457 mentem.
1042 5406 1128 5469 Deus,
1144 5402 1254 5469 cogitas
1268 5403 1350 5474 quod
1364 5404 1430 5460 iecit
1442 5407 1552 5463 omnia.
1563 5409 1681 5479 t'Iogitas
1695 5414 1785 5483 (prod
1796 5415 1872 5480 iecit,

159 5486 294 5556 Amplius
308 5489 401 5560 quial?
414 5513 427 5538 ι(
441 5490 697 5546 Ncmohcmiuum
709 5492 838 5563 seliquas
853 5494 922 5545 sunt
935 5492 987 5547 ho·
1041 5498 1070 5550 θῖ
1083 5509 1144 5549 non
1168 5492 1280 5563 cogitas
1303 5495 1385 5566 quod
1411 5503 1454 5552 cst
1469 5497 1531 5570 ipse
1550 5498 1601 5571 qui
1626 5499 1701 5558 iecit.
1731 5505 1873 5561 Nondum

159 5569 258 5640 minis,
272 5574 328 5630 nisi
344 5577 463 5648 spiritus
478 5579 618 5646 hominis,
636 5579 688 5652 qui
704 5583 748 5636 ost
770 5579 800 5635 in
825 5579 956 5637 homine.
972 5604 986 5631 u
1041 5583 1140 5640 adhuc
1151 5582 1269 5655 attigisti
1281 5585 1363 5656 quod
1378 5587 1595 5660 spoponderas
1606 5593 1639 5646 ut
1649 5591 1775 5664 cogites,
1790 5599 1821 5653 οι
1831 5595 1874 5653 in.
