3832 6044
155 126 206 179 aaa
334 114 485 175 llllGONIS
506 120 551 174 DE
571 119 599 173 S.
620 116 768 172 VlCTORll
788 114 863 170 ΟΡΡ.
884 112 983 168 PARS.
1005 112 1025 168 1.
1046 139 1079 150 ·-
1099 110 1300 168 exsecuta.
1321 137 1355 152 ·-
1375 113 1407 166 ll.
1430 111 1462 165 lN
1482 108 1689 165 amaranti.
1733 170 1737 177 ,
1819 113 1872 184 Μ

155 246 258 315 niens3
274 248 421 318 quantum
435 260 505 299 vero
520 240 672 315 possibile,
700 239 851 305 reformat,
866 242 895 294 ct
913 240 1023 294 suosh
1040 252 1093 292 nes
1107 234 1269 308 unicuique
1281 233 1418 308 proprios
1429 233 1605 303 assignatos.
1619 237 1695 290 Nam
1705 232 1774 290 sine
1783 234 1876 305 gratia

154 335 323 392 laudatores
337 333 488 403 agalmata
502 331 604 387 divina
619 329 743 402 perficit.
758 351 771 379 n
783 332 850 401 lpsa
860 326 984 400 quidem
1039 324 1165 397 operari,
1183 340 1296 381 vanum
1311 329 1371 393 est;
1401 327 1507 397 prater
1521 321 1660 379 ordinem
1679 322 1805 395 operari
1826 330 1877 380 aut

155 423 264 481 scilieet
277 422 443 480 hierarchia
456 420 682 477 immutabiliter
695 418 851 486 deliniens,
866 418 924 473 hoc
940 418 984 472 est
1039 416 1151 479 eontra,
1166 429 1351 487 perversum.
1362 411 1619 484 llabcntnamque
1629 411 1746 482 singuli
1755 413 1876 484 propria

153 511 365 570 invariabiliter
375 512 436 567 sive
452 508 652 568 inflexibiliter
665 523 818 578 conversa,
831 506 878 562 vel
889 506 984 563 inten-
1038 499 1129 568 dona,
1141 501 1307 559 secundum
1323 517 1391 575 quoe
1406 500 1526 558 valeant
1538 499 1674 573 (titulavit
1702 503 1735 557 et
1755 500 1875 557 ordisses

153 602 227 658 <lens
243 616 396 674 persuum
412 615 539 673 scopum
554 599 593 655 ad
605 596 825 655 divinissimum
844 596 984 652 decorem
1039 589 1176 662 proprios
1204 591 1371 648 secuudum
1403 606 1481 662 quos
1509 589 1638 648 debcant
1663 588 1874 661 operationem

152 690 246 764 ipsius
272 690 333 758 Dei,
347 689 503 759 imitando,
518 692 546 744 et
565 686 719 760 sequendo
741 685 851 758 ipsum,
873 688 905 740 ut
919 683 983 757 pul·
1040 694 1128 735 suam
1141 679 1300 737 moderari.
1325 683 1483 751 Propterea
1506 693 1627 736 neeesse
1642 682 1687 734 est
1708 682 1744 737 ut
1760 678 1874 736 studeat

153 778 312 835 chritudini
320 777 414 850 ipsius
425 780 453 833 et
462 775 563 832 decori
571 773 757 831 divinissimo
768 773 981 840 conformetur,
1039 767 1246 841 uuusquisque
1258 768 1395 838 gratiam,
1411 784 1505 840 quam
1520 765 1633 839 aceepit
1644 783 1826 838 agrioscere,
1839 785 1872 825 ne

152 867 320 924 secundum
334 882 425 939 quem
439 863 538 920 omnis
552 862 719 919 hierarchia
733 862 857 934 pulchre
885 866 913 917 et
934 861 984 916 dc·
1038 856 1159 929 incipiat
1170 873 1352 929 praesumere
1366 856 1397 912 in
1412 873 1447 914 eo
1461 857 1544 931 quod
1555 872 1616 913 non
1627 861 1753 930 potest;
1769 860 1800 914 et
1814 856 1872 913 clli-

152 961 251 1014 eeutar
266 956 296 1012 in
312 971 366 1010 suo
377 954 481 1010 ordino
496 958 525 1009 et
539 953 636 1024 gradu
651 951 796 1023 disposita
811 955 872 1007 est:
888 966 984 1023 quan·
1038 946 1117 1002 cium
1130 946 1296 1020 proprium,
1312 946 1510 1019 ordinemque
1524 946 1687 1013 attendere,
1699 962 1740 1001 nc
1767 947 1871 1003 audeat

152 1049 216 1101 tum
231 1042 372 1116 possibile
385 1047 427 1098 cst
442 1042 584 1098 reformat
595 1054 665 1097 suos
678 1039 858 1107 laudatores,
870 1040 927 1095 hoc
940 1043 983 1096 cst
1039 1036 1204 1105 transgredi
1216 1036 1247 1092 in
1269 1053 1305 1094 ec
1319 1036 1402 1110 quod
1424 1051 1484 1092 uon
1511 1035 1608 1092 debet.
1636 1038 1724 1094 llture
1741 1051 1870 1109 namque

151 1149 203 1190 eos
217 1131 270 1206 qui
284 1131 315 1188 in
339 1131 406 1205 ipsa
420 1134 515 1187 Deum
530 1130 664 1191 laudant.
690 1133 719 1184 et
733 1129 770 1185 ad
786 1129 907 1185 laudem
931 1128 982 1185 Dei
1037 1125 1172 1183 ordinem
1188 1126 1297 1184 divina
1306 1125 1511 1199 dispositionis
1521 1124 1678 1196 diligenter
1689 1126 1870 1183 servandum

151 1221 287 1294 dispositi
302 1225 372 1277 sunt
395 1224 423 1275 et
436 1218 586 1275 ordinati:
615 1218 766 1285 reformat,
796 1217 873 1286 diro,
900 1217 930 1273 in
945 1234 981 1274 co
1037 1232 1101 1271 esse
1116 1219 1216 1273 Petrus
1244 1216 1397 1289 apostolus
1422 1215 1574 1283 admonet,
1598 1213 1729 1272 dicens:
1754 1237 1767 1261 u
1785 1216 1871 1271 linus

151 1312 217 1384 ipso
230 1308 313 1383 quod
323 1308 484 1364 imitatores
497 1307 548 1363 llei
563 1307 642 1376 facit,
659 1311 688 1363 et
702 1306 742 1363 ad
756 1303 980 1363 similitudinem
1036 1304 1164 1377 quisque
1179 1305 1255 1362 sicut
1269 1305 1383 1378 accepit
1393 1305 1530 1376 gratiam,
1559 1304 1590 1360 in
1618 1304 1803 1362 alterutrum
1824 1305 1871 1362 ad·

150 1399 244 1473 ipsius
257 1398 287 1454 in
302 1414 357 1453 suo
371 1396 535 1453 ministerio
549 1396 703 1464 convertit,
720 1399 748 1452 et
769 1395 978 1465 convertenda,
1035 1391 1237 1449 adnutrantcs
1254 1416 1267 1443 »ι
1287 1394 1316 1464 (l
1336 1395 1418 1451 Petr.
1440 1393 1486 1463 n).
1518 1396 1550 1449 Et
1576 1393 1687 1450 Pardus
1715 1393 1869 1467 apostolas

150 1504 186 1545 ac
199 1487 392 1545 reformando
407 1485 559 1556 agalmata
585 1485 687 1542 divina
716 1485 839 1557 perlicit,
870 1489 902 1542 ut
922 1485 980 1543 sint
1035 1497 1087 1537 sos
1101 1481 1153 1554 qui
1167 1480 1246 1539 hanc
1260 1481 1394 1539 divium
1418 1482 1646 1550 ordinationem,
1671 1488 1701 1539 et
1716 1483 1870 1556 dispensa

149 1577 207 1650 ipsi
221 1576 323 1633 divina
338 1575 499 1646 agalmata,
513 1574 544 1631 id
568 1579 616 1640 ‚est
637 1579 741 1631 saneta
766 1574 926 1631 simulacra
952 1578 1017 1646 etp
1036 1569 1147 1627 donem
1173 1576 1271 1628 tenero
1295 1571 1465 1640 noluerunt,
1494 1572 1696 1644 reprehendit,
1745 1573 1868 1629 dicens:

149 1665 338 1738 receptacula
352 1663 523 1731 divinitatis,
538 1669 567 1721 et
593 1662 715 1737 specula
743 1662 926 1731 clarissima,
947 1667 981 1721 ut
1036 1680 1052 1713 ‹
1066 1660 1207 1733 Nunquid
1221 1676 1326 1718 omnes
1339 1661 1485 1734 apostoli?
1513 1661 1654 1735 Nunquid
1680 1678 1794 1718 omnes
1806 1680 1869 1736 pro

150 1754 208 1810 sint
221 1753 279 1827 ipsi
290 1753 442 1823 agalmata
455 1752 579 1825 quidem
595 1752 698 1809 divina
716 1751 853 1808 divinum
877 1751 979 1808 lumen
1035 1749 1156 1822 phetae?
1170 1750 1311 1825 Nunquid
1325 1767 1431 1807 omnes
1441 1751 1578 1808 doctores
1588 1752 1601 1807 'l
1612 1751 1760 1824 uunquid
1768 1769 1871 1809 omnes

149 1841 341 1916 perficiendo,
358 1840 479 1914 specula
494 1845 595 1897 autem
609 1841 773 1897 clarissima
800 1839 928 1896 lucenda
942 1856 979 1895 ex
1035 1838 1174 1897 virtutes?
1187 1839 1330 1913 Nunquid
1342 1856 1464 1897 omnem
1478 1841 1605 1912 gratiam
1619 1841 1816 1899 curationum
1823 1842 1872 1898 ha·

149 1934 287 2004 suscepto
306 1930 429 1986 lumine.
450 1929 565 1986 Perfieit
588 1929 677 1985 etiarn
699 1929 781 2001 ipsos
807 1928 979 1984 laudatores
1034 1927 1129 1984 hentl
1142 1929 1281 2003 Nunquid
1294 1930 1712 2004 omneslinguisloquuntur?
1726 1932 1872 2004 Nunquid

150 2035 231 2088 suos,
243 2043 257 2071 «ι
271 2018 387 2076 munda
400 2018 559 2091 reccpdva,
575 2039 589 2068 »
600 2017 661 2074 sive
676 2017 887 2090 receptacula«
899 2017 979 2090 prin·
1035 2032 1140 2073 omnes
1165 2016 1426 2089 interpretantur?
1459 2018 1649 2077 rllmulamini
1688 2019 1874 2078 charismata

149 2108 252 2182 cipalis
266 2107 397 2175 luminis,
414 2113 442 2164 ct
467 2106 560 2163 divini
585 2106 690 2163 radii»
714 2107 771 2163 hoe
790 2110 834 2163 est
857 2106 978 2162 luminis
1033 2103 1167 2161 meliora.
1185 2127 1199 2154 »
1215 2105 1242 2176 tl
1256 2105 1324 2162 Cor.
1336 2106 1386 2178 ιιι)
1398 2109 1558 2179 Propterea
1571 2105 1661 2176 igitur
1684 2107 1732 2165 las
1747 2113 1874 2165 nonest

148 2195 319 2254 immediate
333 2196 537 2264 illuminantis,
554 2200 583 2252 et
596 2195 634 2252 ad
658 2196 724 2268 ipsa
749 2195 847 2269 prima
871 2194 978 2251 illumi·
1033 2193 1079 2262 iis,
1095 2194 1148 2266 qui
1178 2193 1287 2251 divmre
1303 2195 1405 2265 gratiae
1420 2196 1579 2269 participes
1602 2195 1674 2254 iacti
1697 2202 1784 2266 sunt,
1814 2197 1873 2255 sire

148 2285 250 2345 nanda
264 2283 480 2351 descendentis,
506 2288 539 2340 ut
561 2288 629 2356 post
656 2287 829 2357 susceptam
855 2283 978 2355 quidem
1033 2283 1205 2341 immediate
1219 2301 1238 2342 a
1253 2287 1323 2353 lico,
1338 2284 1400 2342 sire
1415 2302 1469 2357 per
1482 2285 1637 2344 hominem
1662 2303 1733 2344 eum
1748 2274 1873 2362 accepe-

147 2373 250 2430 lumen
264 2372 376 2445 repleta
392 2372 449 2429 sint
459 2372 598 2431 claritatis
611 2389 713 2442 saera,
725 2373 825 2430 induc
838 2372 904 2440 sibi,
921 2373 978 2429 hoc
1033 2371 1100 2439 rint,
1115 2371 1228 2445 aliquid
1243 2373 1361 2446 operari
1379 2379 1486 2447 praeter
1500 2374 1623 2448 propria
1635 2375 1730 2445 dona,
1763 2383 1795 2435 ct
1809 2377 1872 2434 olli·

148 2468 201 2531 est,
216 2462 341 2518 intusne:
359 2466 387 2518 et
402 2466 433 2518 ut
447 2461 505 2518 sint
519 2462 609 2519 etiam
622 2462 804 2519 declarantia
818 2461 978 2529 campido—
1033 2460 1088 2528 cia,
1105 2465 1136 2519 ut
1151 2461 1253 2518 divina
1265 2463 1456 2535 pulchritudo
1468 2463 1499 2520 in
1509 2464 1651 2521 omnibus
1662 2471 1870 2532 conservetur,

147 2551 214 2609 licet
225 2552 398 2620 claritatem,
415 2574 429 2604 s
445 2552 562 2619 iterum,
577 2574 590 2603 »ι
613 2554 669 2609 hcc
685 2557 729 2608 est
742 2551 875 2613 seeundo
898 2551 976 2619 loco,
1032 2554 1060 2606 et
1074 2551 1149 2607 ordo
1163 2550 1394 2624 dispensationis
1410 2570 1537 2610 summae
1551 2559 1731 2626 perseveret.
1748 2558 1870 2614 Sancto·

148 2663 162 2690 c
178 2641 209 2697 in
228 2658 273 2708 ea,
289 2657 357 2714 quus
373 2646 549 2714 sequuntur,
566 2641 773 2699 declarantia»
801 2639 920 2714 copiose
933 2657 976 2696 so·
1031 2655 1100 2695 rum
1115 2640 1293 2711 perfectores
1308 2647 1396 2700 vocat
1410 2659 1471 2711 eos,
1485 2643 1538 2716 qui
1552 2646 1665 2701 waiam
1691 2647 1790 2702 alteo
1805 2662 1869 2715 gra·

147 2729 280 2785 cundum
292 2750 305 2777 c
318 2728 434 2787 divinas
445 2730 534 2800 leges.
547 2751 561 2779 a
574 2733 683 2787 Sensus
695 2730 742 2785 hic
753 2734 796 2785 cst
808 2749 814 2784 :
828 2729 976 2795 Quoniam
1032 2727 1105 2786 tiam
1118 2735 1325 2801 perceperunt,
1340 2735 1372 2787 ut
1385 2730 1459 2788 alios
1485 2731 1575 2789 etiam
1602 2732 1820 2802 illuminando,
1839 2740 1869 2791 ct

146 2817 312 2875 hierarchia
325 2818 491 2874 secundum
506 2818 587 2874 illam
607 2817 841 2888 dispositionem,
857 2834 918 2889 qua
932 2817 974 2872 di·
1032 2817 1196 2875 erudiendo
1211 2819 1251 2876 ad
1266 2819 1452 2878 sanctitatem
1468 2820 1632 2893 perficiant.
1646 2824 1759 2880 Sancte
1774 2823 1867 2896 perte·

146 2906 250 2965 vinem
273 2905 527 2979 pulchritudinem
546 2904 687 2975 imitatur,
718 2904 888 2960 laudatores
901 2920 971 2960 suos
990 2945 1010 3000 C
1030 2905 1068 2961 cti
1084 2909 1162 2973 sunt,
1189 2906 1242 2978 qui
1268 2906 1307 2964 ab
1324 2908 1410 2981 ,ipsis
1426 2909 1629 2982 superioribus
1651 2910 1826 2981 illuminati,
1841 2917 1869 2972 ct

147 2994 350 3053 universaliter
364 2993 497 3068 quidem,
513 2992 601 3047 idest
620 2991 682 3049 sive
709 2991 886 3063 superiores,
912 2992 973 3050 sive
1028 2992 1135 3050 cruditi
1148 2993 1180 3050 iu
1195 2995 1348 3053 sanctitate
1362 2997 1566 3069 perficiuntur.
1592 2999 1730 3071 llysteria
1758 3000 1866 3058 hostia·

144 3085 308 3154 interiores
323 3086 394 3142 tales
409 3083 479 3140 lacit
494 3086 525 3138 ut
538 3081 620 3153 digni
637 3081 703 3150 sint,
718 3085 747 3138 ct
770 3082 873 3140 lumen
901 3083 973 3139 divi·
1028 3099 1106 3151 rum,
1121 3083 1182 3141 sivc
1197 3083 1279 3142 dona
1294 3084 1458 3155 gratiarum
1472 3085 1595 3157 intelligi
1609 3087 1673 3144 vult
1688 3107 1695 3145 :
1712 3106 1787 3162 quae
1800 3107 1866 3163 pro

144 3192 218 3232 num
234 3173 385 3248 percipere
413 3171 552 3229 etlucere
580 3188 616 3227 ex
641 3172 777 3229 lumino:
808 3172 973 3244 specialiter
1027 3175 1130 3244 pterea
1139 3174 1282 3246 mysteria
1292 3172 1442 3243 dicuntur,
1451 3175 1524 3248 quia
1534 3174 1647 3232 occidte
1659 3175 1864 3250 inspirantem

144 3269 245 3322 autem
256 3264 407 3337 quosdam
417 3262 457 3318 ita
470 3261 600 3317 mundos
612 3263 726 3334 perlicit
736 3268 768 3320 ut
779 3263 835 3320 siut
847 3279 972 3337 capaces
1027 3260 1132 3317 hostire
1147 3266 1257 3330 auum,
1274 3261 1346 3334 quia
1359 3263 1398 3319 ad
1413 3263 1658 3322 emundationem
1673 3268 1704 3322 et
1718 3267 1865 3340 expiatio·

143 3352 316 3426 principalis
331 3351 462 3412 luminis,
491 3354 519 3406 ct
532 3350 703 3408 immediate
733 3352 935 3409 illuminentur
954 3371 973 3410 a
1026 3365 1097 3405 nem
1125 3350 1353 3423 percipientium
1381 3351 1561 3408 trilruuntur.
1599 3352 1666 3409 Siue
1694 3353 1864 3412 ministeria

144 3445 261 3507 lleo,ae
276 3440 384 3496 deinde
400 3440 512 3508 adcos,
542 3440 595 3513 qui
624 3446 790 3513 sequuntur
805 3447 872 3514 post
899 3460 930 3498 sc
945 3449 974 3500 et
1026 3439 1370 3498 lrostiarurncxlritioncs
1400 3448 1572 3501 sanetcrutu
1587 3459 1717 3516 operum
1736 3444 1822 3514 dicit,
1837 3451 1865 3503 et

142 3527 443 3598 dignitatuconstituti
453 3534 523 3584 sunt
536 3530 593 3586 sub
605 3546 645 3597 sc,
659 3529 763 3586 lumen
775 3546 864 3587 suum
878 3536 970 3587 trans·
1026 3527 1298 3585 administrationes
1312 3528 1484 3586 divinormn
1499 3536 1780 3592 sacramentorum:
1795 3551 1860 3607 qua

142 3616 287 3674 fundant:
299 3616 549 3703 copiosequidem
561 3619 795 3676 exabundantia
808 3621 971 3693 perceptio·
1025 3620 1055 3673 ct
1063 3615 1167 3673 hostire
1178 3621 1256 3685 sunt,
1266 3616 1339 3700 quia
1348 3617 1510 3677 offerentur
1519 3636 1574 3693 per
1581 3619 1802 3681 exhibitionem
1815 3640 1862 3680 ae·

141 3707 187 3763 nis
201 3706 306 3780 primae
315 3707 479 3764 secundam
488 3708 746 3781 participationem
757 3707 969 3780 ministrantes,
1025 3703 1121 3772 tionis,
1134 3709 1162 3762 ct
1176 3706 1319 3778 mysteria
1331 3722 1384 3778 per
1408 3713 1595 3769 sacramenta
1610 3709 1860 3781 signiticatiouis;

140 3801 258 3854 servata
271 3797 417 3854 (lunarat
439 3797 503 3868 lege
528 3796 639 3864 diviua,
669 3797 700 3853 in
719 3813 782 3870 qua
808 3797 969 3871 unicuique
1024 3793 1096 3865 quia
1111 3810 1164 3866 por
1177 3794 1219 3861 id,
1244 3795 1327 3868 quod
1341 3795 1413 3854 loris
1438 3798 1588 3857 visibiliter
1612 3799 1645 3859 ia
1668 3807 1860 3862 sacramento

140 3887 388 3959 perscriptmnest
399 3886 482 3958 quid,
498 3886 543 3942 vel
551 3889 709 3958 quantum,
720 3891 772 3944 aut
782 3887 828 3943 cui
839 3903 875 3947 ex
888 3889 968 3946 [lonc
1024 3882 1132 3951 agitur,
1147 3882 1300 3942 invisibilis
1323 3884 1414 3945 virtus
1438 3888 1566 3948 veritatis
1591 3888 1791 3961 significatur.
1820 3896 1860 3951 lta

140 3973 242 4044 gratita
256 3973 312 4029 sibi
327 3989 470 4030 concesso
484 3973 592 4031 debeat
606 3974 759 4047 impertiri,
788 3979 862 4032 Nam
885 3977 969 4050 quod
1024 3975 1214 4045 ergoprruter
1228 3973 1350 4047 propria
1377 3975 1544 4035 hostiarum
1571 3978 1727 4052 nrysteria,
1754 3979 1788 4039 id
1818 3986 1861 4040 est

139 4075 200 4117 non
211 4060 274 4116 sine
288 4061 389 4118 ‹livina
399 4061 473 4133 lege,
483 4061 566 4119 idest
579 4063 966 4137 eadispensationcdivina,
1023 4061 1115 4130 dona,
1131 4061 1178 4119 val
1191 4062 1354 4121 nrirristeria
1373 4066 1506 4138 propria,
1522 4068 1568 4125 las
1580 4081 1642 4127 nen
1670 4073 1718 4128 est
1740 4070 1857 4144 operari

138 4163 200 4221 qua
209 4146 291 4205 dona
302 4149 404 4219 gratiae
416 4149 446 4205 in
456 4149 789 4224 participeslargitionis
800 4153 967 4210 secundum
1024 4149 1148 4223 aliquid,
1164 4151 1212 4209 vel
1226 4157 1398 4211 sanctorum
1411 4155 1637 4229 perfectoribus,
1651 4157 1684 4215 id
1699 4159 1796 4218 estiis
1806 4158 1856 4234 qtti

139 4240 250 4292 cartam
272 4253 456 4306 mensuram,
483 4242 512 4294 et
525 4237 750 4310 proportionem
772 4239 965 4298 tribuuntur:
1023 4239 1149 4309 aratiam
1165 4245 1319 4313 acceptam
1342 4242 1406 4300 aliis
1428 4245 1619 4316 perliciendis
1633 4247 1853 4316 commiscent

138 4328 166 4382 et
179 4325 371 4396 assignantur
389 4326 497 4393 officia,
514 4330 547 4382 ut
562 4327 635 4383 sciat
650 4327 857 4401 unusquisque
871 4344 966 4401 quan·
1021 4329 1069 4386 vel
1081 4329 1153 4402 ipsis
1162 4331 1310 4404 perlectis,
1321 4331 1353 4389 id
1363 4337 1407 4390 est
1420 4335 1473 4408 qui
1487 4341 1705 4410 peracceptam
1716 4340 1852 4410 gretiam,

137 4419 201 4471 tum
216 4415 272 4472 sibi
285 4416 372 4473 liceat
386 4415 553 4473 seeundum
568 4416 766 4475 ministerium
780 4417 966 4488 assignatum
1020 4417 1052 4474 ia
1066 4418 1228 4477 sanctitatis
1240 4421 1454 4493 perlectionem
1468 4424 1675 4496 perficiantur.
1691 4430 1798 4501 Neque
1812 4429 1853 4486 las

135 4504 183 4561 vel
193 4503 258 4561 ficri
271 4504 368 4574 liceat,
388 4504 558 4561 manifestat
570 4521 640 4561 eum
655 4504 777 4562 subdit:
1021 4511 1065 4564 est
1084 4507 1174 4565 ctiam
1189 4507 1249 4565 sive
1263 4510 1319 4580 his,
1334 4510 1395 4571 sive
1410 4511 1466 4569 illis
1481 4513 1594 4587 aliquid
1607 4515 1730 4588 operari
1747 4521 1854 4590 praeter

172 4613 186 4642 u
202 4593 267 4649 Non
280 4592 360 4649 enim
375 4591 420 4648 las
446 4597 490 4649 est
503 4597 676 4650 sanctorum
700 4592 916 4666 perfectoribus
930 4611 966 4654 ac
1021 4612 1122 4655 sacras
1136 4597 1339 4658 ordinationes
1354 4616 1435 4670 suas,
1447 4601 1504 4660 troc
1517 4608 1571 4669 est,
1586 4609 1694 4676 praeter
1713 4605 1746 4665 id
1772 4606 1853 4681 quoti

137 4681 238 4733 sancte
252 4678 388 4749 perlectis
402 4679 519 4751 operari
543 4681 618 4753 quid
641 4681 764 4738 omnino
779 4688 885 4755 praeter
899 4701 966 4756 pro·
1020 4685 1059 4742 ad
1071 4702 1171 4743 sacras
1186 4686 1387 4745 ordinationes
1403 4706 1473 4746 suas
1488 4695 1610 4763 spectat,
1624 4697 1657 4749 ut
1671 4692 1814 4755 videlieet
1824 4694 1853 4752 id

136 4764 202 4838 pria
216 4765 357 4837 mysteria
371 4766 545 4836 hostiarum,
562 4787 597 4826 ac
612 4786 712 4827 sacras
727 4771 964 4831 ordinationes.»
1019 4773 1118 4831 solum
1129 4776 1335 4849 unusquisque
1351 4779 1470 4851 operari
1497 4786 1671 4852 praesumat,
1698 4785 1787 4858 qued
1815 4784 1853 4842 ed

135 4855 177 4909 hc
189 4851 214 4908 si
227 4851 307 4909 dicat
323 4871 330 4908 :
344 4857 501 4926 Propterea
528 4856 548 4912 ii
562 4857 658 4929 quiin
670 4858 775 4915 ordino
787 4859 965 4920 hierarchia·
1019 4864 1167 4931 ordinem,
1183 4869 1213 4920 et
1224 4864 1357 4922 cilicium
1372 4867 1429 4923 sibi
1442 4868 1628 4941 assignatum
1637 4877 1777 4944 spectare
1787 4889 1854 4947 pro

134 4957 204 4999 rum
217 4941 385 5014 superiores
398 4947 467 5001 sant
480 4945 648 5002 seeundum
672 4947 789 5006 divinas
802 4948 892 5019 leges,
920 4950 964 5008 tu·
1019 4951 1116 5011 batur.

134 5031 218 5089 mina
232 5047 287 5090 sua
301 5033 340 5090 ad
354 5031 506 5089 interiores
521 5034 731 5094 uansrundunt
743 5054 749 5105 ;
761 5038 834 5111 quia
844 5039 889 5096 las
902 5055 964 5099 non
991 5111 993 5116 ,

135 5124 187 5190 est,
203 5121 261 5179 hoc
274 5123 327 5188 est,
352 5120 464 5179 licitum
480 5122 604 5179 omnino
619 5123 732 5196 aliquid
759 5127 887 5197 operari,
912 5133 964 5187 aut
1055 5131 1200 5204 Sequitur:
1213 5154 1227 5182 κ
1240 5132 1297 5189 Sed
1307 5149 1406 5207 nequa
1417 5136 1576 5196 subsistere
1586 5137 1853 5208 rdtarsidivinam

134 5216 306 5269 sauctorum
319 5211 543 5284 perfectoribus,
555 5212 640 5271 idest
655 5214 689 5272 iis
701 5215 836 5287 quialios
850 5216 881 5273 in
896 5232 963 5275 san·
1017 5220 1111 5292 ipsius
1126 5221 1288 5280 claritatem
1299 5230 1476 5297 apppctunt,
1498 5233 1527 5285 ct
1548 5228 1587 5285 ad
1597 5228 1696 5303 ipsam
1710 5245 1810 5302 saure,
1824 5237 1852 5292 et

134 5299 230 5355 etitatc
245 5301 412 5372 perficiunt,
428 5306 477 5358 aut
492 5307 592 5359 scaete
605 5303 750 5375 perhactis,
763 5303 794 5360 id
807 5305 897 5360 estiis
909 5308 961 5380 qui
1017 5308 1155 5364 decenter
1183 5311 1354 5382 respiciunt,
1383 5319 1411 5369 et
1438 5316 1645 5381 reformantur,
1678 5322 1850 5378 seeundum

133 5385 295 5482 abellisin
320 5391 473 5447 sanctitate
489 5392 693 5462 perficiuntur,
709 5397 815 5464 prater
842 5397 962 5467 propria
1018 5399 1850 5480 uniuseujusquesanctorumintellectuumrrrralogianr.»

133 5470 297 5569 hostiarum
309 5479 460 5548 mysteria,
471 5477 553 5536 idest
563 5481 685 5553 propria
696 5481 858 5551 gratiarum
868 5483 959 5551 dona,
1017 5488 1106 5552 Quasi
1127 5487 1224 5545 dieat:
1242 5494 1305 5545 h'on
1318 5491 1415 5548 solam
1428 5494 1563 5551 detritum
1577 5495 1632 5552 illis
1646 5504 1690 5553 cst
1706 5505 1742 5556 ut
1764 5516 1851 5558 saera

133 5561 162 5617 0²
176 5573 313 5632 Ps⁰Pf¹⁸⁸
327 5579 427 5622 ⁸³²⁰?stss
441 5567 653 5636 Ordinationes,
667 5570 754 5631 idest
768 5589 869 5632 saeros
881 5574 958 5631 ordi-
1015 5577 1157 5649 mysteria
1167 5583 1195 5638 et
1204 5579 1408 5640 ordinationes
1423 5601 1534 5654 sacras,
1545 5586 1718 5646 eusteliaut
1734 5591 1790 5649 ssd
1801 5608 1851 5649 ae
