3832 6044
159 121 207 177 35l
301 110 517 173 nuncnune
538 113 565 172 S.
585 113 734 171 VICTORE
754 112 828 169 OPP.
848 111 937 170 PARS
956 112 977 168 1.
998 136 1033 155 ··

1039 109 1252 169 eiecerint.
1273 139 1307 154 ···
1326 109 1347 169 1.
1367 112 1401 166 ΙΝ
1422 110 1451 166 S.
1473 110 1699 168 scaurumu.
1815 114 1868 168 352

158 241 234 300 letor
248 245 276 298 et
290 240 417 316 putredo
432 240 497 313 ejus
513 238 665 295 ascendit:
682 237 739 294 tale
762 241 815 295 est.
841 235 985 295 Hebraica
1003 235 1079 294 Aad
1094 234 1324 293 sollicitudinem
1338 237 1366 292 et
1380 233 1510 291 fructum
1524 233 1869 308 religiosaepropagatio·

159 333 246 390 docet
254 331 373 390 traditio
381 331 474 405 quod,
484 329 760 387 Nabuchodonosor
769 334 898 398 mortuo,
910 328 985 385 Evil-

130 413 132 416 ’
158 420 322 479 merodach
337 419 416 476 filius
427 420 648 489 ejusnretuens,
663 433 701 474 ne
716 422 799 491 pater
814 434 886 473 snus
912 416 986 474 revi-

157 511 291 577 visceret,
308 525 417 582 corpus
430 509 495 579 ejus
510 508 547 563 de
576 507 713 581 sepulcro
741 506 876 576 extraxit,
906 523 986 563 com·

158 598 263 666 bussit,
278 602 306 653 et
320 597 351 653 in
366 596 496 654 cinerem
510 595 634 667 redegit.
649 597 714 663 Quo
728 595 896 668 inquatuor
909 614 987 655 mar-

158 685 251 758 supiis
264 684 418 758 dispertito
432 684 471 742 ad
485 690 616 758 quatuor
631 683 800 758 aquilarum
816 684 892 742 colla
915 686 986 757 liga-

158 772 249 845 gavit,
264 773 376 849 qnibus
390 788 444 847 per
453 777 582 847 quatuor
597 773 677 830 orbis
691 772 811 832 elimata
834 773 986 848 dispositis

157 879 209 919 eas
224 862 344 919 avolare
360 862 505 935 permisit.

192 991 376 1045 Anceooarcr.
395 991 497 1047 Sermo
507 992 550 1045 est
565 989 602 1046 de
617 989 702 1046 hoste
712 989 845 1063 antiquo,
862 990 900 1046 de
915 1005 988 1064 apo-

158 1082 234 1135 stata
249 1078 357 1148 angelo
368 1079 421 1151 qui
445 1094 499 1152 per
526 1078 762 1135 incarnationem
790 1079 905 1148 Christi,
932 1096 985 1154 per

156 1165 374 1236 verbumlidei,
390 1168 584 1240 pergratiam
608 1167 751 1240 baptismi
776 1169 918 1242 expulsus
942 1174 987 1227 est

158 1255 188 1311 in
216 1255 382 1312 ariditatem
420 1256 537 1325 gentilis
569 1261 597 1313 ct
621 1256 736 1312 ludoici
764 1258 879 1331 populi.
908 1261 985 1317 llere

158 1343 309 1412 orientale,
325 1348 395 1400 sunt
421 1344 523 1412 electi,
552 1345 761 1414 novissimum,
778 1347 917 1420 reprobi3
944 1349 958 1405 l
975 1381 986 1391 ·

158 1432 226 1499 cies,
269 1432 411 1502 intentio;
447 1437 623 1502 extremum,
660 1434 795 1492 inclusio.
826 1436 876 1492 Vel
902 1453 984 1494 mare

157 1520 327 1588 orientale,
350 1521 487 1583 primitiae
528 1522 678 1581 electionis
704 1524 860 1593 gentium;
887 1527 986 1582 novis-

157 1609 277 1677 simum,
313 1609 471 1666 credulitas

156 1714 238 1755 mors
248 1697 439 1768 Anhchristi3
459 1700 597 1775 putredo,
627 1717 717 1778 super
740 1718 811 1760 euru
839 1705 983 1762 sententia

155 1786 269 1860 judicii.
556 1791 560 1797 '

192 1898 363 1955 Morinum.
378 1899 475 1966 Terra,
489 1903 534 1955 est
546 1898 677 1972 reproba
691 1899 792 1958 anima
808 1919 815 1968 3
831 1900 919 1969 invia,
940 1907 986 1959 est

158 1984 221 2043 eino
231 1985 396 2044 visitatione
404 1986 567 2044 electorum
576 1988 753 2059 angelorum
765 2007 771 2045 :
782 1990 907 2059 deserta,
920 1991 983 2050 sine

156 2076 255 2134 fructu
264 2076 407 2135 virtutum
422 2081 450 2133 et
464 2077 576 2134 semine
604 2095 734 2136 morum.
764 2082 913 2139 Damonis
936 2099 985 2140 ex-

156 2164 264 2240 pulsio,
279 2170 323 2222 est
336 2165 450 2239 peceati
462 2166 608 2224 confessio
623 2186 629 2237 ;
653 2183 737 2224 mare
763 2169 915 2239 orientale,
941 2176 986 2228 est

157 2268 243 2309 mens
255 2269 310 2329 per
322 2254 586 2328 compunctionem
600 2270 714 2324 amara,
728 2271 782 2330 per
794 2257 983 2316 devotionem

157 2343 415 2419 contemplationis
436 2345 534 2403 oriens
556 2345 644 2406 laeta.
673 2349 749 2405 llare
775 2348 981 2421 novissimum,

52 2419 64 2440 ‘
157 2436 201 2489 θεῖ
221 2449 306 2490 mens
332 2434 424 2492 fetore
446 2436 633 2494 conscientia
654 2454 748 2506 mara,
775 2439 982 2513 desperatione

156 2523 251 2580 venire
266 2523 418 2598 absorpta.
454 2527 552 2583 Facies
578 2527 653 2599 ejus,
683 2534 780 2586 astuta
790 2529 913 2588 intentio
931 2547 984 2589 no-

157 2612 261 2682 cendi;
276 2620 442 2671 extremum
456 2617 530 2688 ejus,
540 2616 660 2673 inroret
670 2617 787 2674 insania
797 2619 983 2693 triumphan-

156 2698 197 2755 di.
214 2702 298 2756 Fetor
311 2702 385 2772 ejus,
402 2707 445 2757 est
459 2704 563 2760 odium
577 2705 837 2780 peccatiputredo,
854 2714 984 2766 contem-

156 2791 226 2861 ptus
239 2788 354 2846 mundi.
373 2790 510 2863 Sequitur
526 2809 533 2849 ε

190 2895 265 2951 Noli
275 2897 387 2969 tirrrere,
413 2902 494 2955 terra
520 2901 599 2968 (ecce
619 2901 782 2958 consolatio
801 2907 907 2974 terrae),
932 2921 983 2963 ec-

155 2984 246 3051 saltc,
261 2989 289 3040 et
304 2986 427 3059 loetare;
440 2989 512 3059 quia
539 2991 745 3060 neegnlfieaait
767 2993 922 3066 Drmiam,
949 3001 981 3051 at

153 3072 278 3144 sereret.
295 3075 424 3143 Exsulta,
441 3076 553 3145 ludina,
568 3094 658 3151 super
670 3080 748 3136 hosti
770 3081 812 3137 tui
835 3082 983 3142 confusio-

155 3178 204 3233 ne,
219 3168 248 3220 et
259 3170 363 3223 morte.
381 3166 511 3237 Exsulta,
536 3168 675 3237 Ecclesia,
703 3187 793 3244 super
822 3172 982 3230 salvatoris

155 3252 198 3309 tui
212 3253 343 3312 adventu
355 3255 385 3312 in
401 3273 532 3314 earnem.
546 3258 675 3329 Exsulta,
691 3259 788 3317 fidelis
802 3262 913 3331 anima,
934 3280 982 3319 su·

154 3357 209 3417 per
223 3343 327 3416 sponsi
341 3344 383 3400 tui
398 3344 529 3403 adventu
543 3345 573 3403 in
597 3351 738 3405 mentem.
754 3351 863 3407 Laetare
876 3352 907 3407 in
921 3368 982 3409 me-

154 3429 211 3487 rito
226 3431 387 3499 virtutunr;
404 3435 518 3491 exsulta
530 3435 560 3492 in
575 3436 700 3510 premio
726 3438 910 3508 eoelestium;
934 3440 982 3498 lae·

155 3522 217 3574 tare
231 3518 262 3574 in
276 3519 363 3576 donis
377 3522 497 3591 gratim
514 3523 628 3581 exsulta
641 3525 670 3580 in
682 3527 800 3584 coronis
811 3528 921 3598 gloriae.
935 3531 982 3586 Se-

154 3606 256 3680 quitur
271 3627 278 3665 :

189 3715 289 3776 Nolite
301 3717 414 3788 limem,
430 3721 576 3777 animalia
591 3723 742 3794 regionis;
756 3726 809 3794 qai
830 3727 979 3796 germina·

1039 324 1095 382 nis.
1112 325 1270 399 Sequitur:

1074 416 1124 471 Et.
1138 415 1225 471 Filiae
1239 415 1321 487 Sion,
1337 415 1487 471 exsultate
1501 415 1533 470 in
1547 415 1741 471 Dominollee
1750 420 1847 472 vestro
1857 431 1870 486 ,·

1040 505 1113 575 qaia
1125 504 1205 562 dedit
1220 505 1300 561 cobis
1315 504 1464 563 doctorem
1476 504 1615 574 jesana,
1641 511 1669 561 et
1693 504 1869 562 descendere

1039 592 1132 663 faciet
1147 594 1188 650 cd
1197 609 1247 650 vos
1260 594 1384 652 linirem
1397 595 1580 650 erratutinam
1595 599 1621 650 et
1632 595 1807 666 serotinum,
1831 596 1868 651 si·

1041 687 1091 737 eut
1106 683 1297 753 aprincipr'o.
1307 683 1347 738 Et
1358 682 1562 753 irnpleluntur
1576 698 1656 740 arere
1665 683 1829 756 frumenta,
1840 691 1869 741 et

1040 771 1251 829 redundabunt
1274 775 1441 829 torcularia
1460 774 1529 830 vino
1550 779 1578 830 et
1592 775 1666 831 oleo.
1690 774 1731 829 Εῖ
1744 773 1867 831 reddam

1041 860 1122 918 robis
1132 876 1237 929 aranos,
1251 877 1322 933 quos
1335 861 1459 918 comedit
1472 863 1598 934 locusta,
1610 862 1750 934 braehus,
1762 863 1867 934 malian

1042 965 1134 1008 eram
1145 965 1157 1007 .·
1170 950 1318 1012 seruitudo
1331 966 1397 1008 πιθα
1408 966 1529 1023 nragrm,
1555 967 1646 1023 param
1672 953 1742 1008 miri
1759 953 1790 1007 in
1806 967 1866 1008 uos.

1040 1038 1080 1095 lit
1096 1040 1250 1096 comedetis
1266 1045 1422 1111 cesenates,
1439 1046 1467 1096 et
1479 1039 1711 1106 aeumulamini:
1723 1047 1750 1097 et
1762 1039 1868 1097 laticla-

1042 1127 1109 1184 bitis
1119 1143 1227 1186 ceonren
1238 1129 1294 1186 Dei
1306 1130 1414 1201 lsrael,
1429 1130 1482 1201 qai
1494 1130 1567 1199 feeit
1578 1130 1727 1187 colurum
1748 1128 1869 1186 mirabi-

1043 1219 1104 1290 lia,·
1117 1223 1146 1275 et
1159 1234 1219 1275 non
1242 1219 1444 1288 eorrfundetnr
1462 1220 1595 1289 populas
1623 1234 1704 1277 naeus
1725 1234 1817 1290 usqae
1835 1220 1867 1274 in

1040 1309 1264 1377 senrplternum.
1280 1308 1319 1363 Et
1333 1309 1431 1364 scietis
1441 1308 1512 1380 quia
1526 1308 1558 1364 in
1581 1309 1676 1365 medio
1693 1309 1791 1366 Israel
1814 1324 1867 1379 epo

1040 1413 1117 1453 sam.
1132 1397 1348 1468 Epollonrlnus
1358 1399 1550 1470 Deusvester,
1565 1403 1593 1455 et
1600 1413 1660 1455 non
1669 1403 1710 1454 est
1725 1399 1865 1467 amplias,

1040 1491 1068 1543 el
1088 1501 1147 1542 rum
1174 1487 1377 1557 eclesiardetur
1397 1487 1529 1557 populas
1556 1502 1636 1546 meus
1658 1489 1689 1542 in
1710 1492 1865 1543 eternam.

511 1611 699 1680 Judaeomm3
740 1612 815 1669 feto,
841 1614 906 1685 ejus
942 1622 985 1673 est
1004 1595 1025 1650 g
1042 1577 1200 1632 llrsroarea.
1225 1578 1293 1631 Post
1321 1575 1554 1632 consolationem
1581 1580 1676 1648 torroe,
1703 1574 1865 1643 fructuum,

909 1659 916 1683 l

1041 1661 1194 1730 arborum,
1224 1661 1411 1731 animalium,
1439 1664 1478 1721 ad
1504 1663 1738 1721 consolationem
1759 1664 1868 1720 transit

1040 1752 1199 1809 hominum
1218 1752 1337 1809 dicens:
1368 1754 1401 1809 Et
1425 1752 1494 1810 lilia
1520 1753 1599 1822 Sion,
1629 1752 1781 1820 exsultate,
1810 1756 1865 1810 eto.

1041 1840 1116 1910 Quia
1129 1840 1200 1897 dedi
1213 1840 1298 1898 robis
1313 1841 1466 1898 doctorem
1479 1842 1608 1914 justitiae.
1625 1845 1781 1898 [lectorem
1804 1841 1867 1913 jus-

1037 1929 1108 1992 uua
1124 1930 1385 1992 assernutllehroei
1396 1931 1563 2000 Ezechiam,
1577 1931 1614 1988 de
1637 1947 1699 2004 quo
1723 1930 1866 2004 scripturn

1039 2025 1083 2079 θεῖ
1099 2040 1105 2078 :
1121 2021 1353 2092 Ipsedissipnmt
1367 2023 1494 2093 ecceua,
1514 2027 1541 2078 et
1569 2024 1709 2079 contrivit
1732 2027 1867 2092 statuas;

1040 2117 1068 2168 et
1086 2111 1212 2168 succidit
1232 2112 1324 2176 lucos,
1347 2110 1552 2183 confractique
1570 2117 1735 2182 serpentem
1753 2127 1866 2169 anetem

1039 2216 1125 2272 quem
1137 2201 1253 2272 feceret
1265 2201 1381 2271 Mogses
1397 2202 1425 2270 (I
1431 2202 1456 2256 V
1467 2202 1538 2272 Reg.
1552 2205 1641 2269 xvrn).
1672 2205 1773 2275 ltaque
1799 2205 1867 2274 post

1040 2308 1110 2347 euru
1122 2306 1185 2347 non
1199 2290 1254 2347 luit
1267 2289 1371 2347 similis
1383 2288 1409 2346 ei
1423 2289 1461 2346 de
1490 2290 1604 2347 eunctis
1631 2290 1752 2360 regibus
1778 2291 1865 2360 luda,

1041 2380 1094 2436 sed
1121 2395 1219 2454 neque
1244 2379 1275 2436 in
1303 2379 1359 2447 his,
1387 2378 1440 2452 qui
1465 2383 1534 2436 ante
1561 2395 1631 2435 eum
1664 2379 1792 2437 luerunt.
1834 2383 1868 2437 Et

1039 2470 1166 2528 arlhaesit
1180 2470 1318 2538 nomino,
1334 2474 1363 2527 et
1376 2485 1437 2527 uon
1450 2469 1570 2527 recessit
1584 2486 1602 2526 a
1629 2471 1759 2543 vestigiis
1788 2472 1863 2544 ejus,

1040 2560 1168 2633 iecitque
1182 2559 1326 2616 mandata
1341 2560 1405 2631 ejus
1420 2576 1488 2633 quae
1502 2565 1684 2634 praeeeperat
1710 2561 1864 2618 Dominus.

1038 2649 1093 2706 Alii
1120 2649 1312 2706 llebraeorum
1339 2649 1461 2717 losiam,
1491 2649 1528 2705 de
1556 2665 1617 2723 quo
1642 2649 1863 2724 scriptumest:

1039 2740 1098 2797 Iste
1110 2741 1184 2810 fecit
1197 2739 1278 2810 quod
1289 2744 1403 2795 rectum
1413 2745 1478 2796 eret
1494 2754 1594 2796 ceram
1609 2741 1745 2812 Domino,
1762 2746 1789 2796 et
1804 2756 1866 2797 anr-

1041 2828 1156 2885 latcur't
1164 2843 1223 2898 per
1233 2842 1332 2884 orienes
1346 2829 1409 2884 eras
1423 2828 1523 2885 naara
1539 2830 1640 2897 paens
1657 2831 1706 2885 sai
1718 2845 1730 2885 .·
1756 2835 1784 2886 et
1803 2845 1862 2886 non

1002 2949 1023 3005 C
1039 2917 1201 2974 declaravit
1217 2915 1257 2974 nd
1270 2916 1424 2973 dexteram
1434 2918 1495 2973 siae
1508 2917 1549 2973 cd
1557 2918 1710 2974 sinistram
1724 2919 1769 2985 all
1788 2918 1862 2974 Par.

1037 3010 1146 3076 xxxiv).

1074 3101 1258 3152 aianeoane.
1284 3098 1391 3152 hoctor
1413 3095 1532 3167 justitia
1559 3095 1690 3154 Christus
1719 3099 1785 3163 est;
1812 3096 1864 3152 do-

1039 3189 1110 3254 ctor,
1127 3184 1179 3259 qui
1197 3184 1285 3241 docet
1298 3185 1453 3241 hominem
1478 3184 1651 3253 seientian13
1680 3186 1784 3242 doctor
1810 3185 1865 3241 uti-

1037 3290 1107 3347 que,
1119 3273 1172 3348 qui
1186 3274 1298 3331 invenit
1312 3290 1434 3330 ornnem
1446 3272 1526 3330 riam
1538 3273 1713 3347 discipline,
1728 3278 1756 3330 et
1782 3274 1864 3330 dedit

1038 3379 1106 3421 earn
1120 3363 1212 3420 laceb
1226 3379 1320 3436 puero
1334 3379 1398 3431 suo,
1428 3366 1456 3420 et
1481 3362 1568 3420 lsrael
1591 3363 1698 3419 dilecto
1724 3380 1788 3420 suo.
1815 3366 1863 3419 lu-

1038 3452 1133 3520 stitia,
1144 3452 1225 3509 unde
1240 3453 1441 3525 scriptumest
1456 3471 1463 3508 ι
1478 3453 1632 3523 Magister,
1657 3453 1765 3508 seimus
1792 3455 1864 3523 qru'u

1038 3557 1132 3599 verae
1142 3557 1181 3609 er,
1196 3547 1223 3600 et
1233 3544 1311 3599 eriam
1324 3543 1380 3598 Dei
1387 3543 1418 3597 in
1433 3542 1556 3598 remeate
1571 3541 1666 3612 doces,
1686 3547 1714 3598 et
1735 3558 1794 3597 non
1821 3548 1863 3599 est

1038 3632 1094 3687 lidi
1108 3646 1183 3687 euru
1197 3632 1233 3689 de
1246 3632 1369 3703 aliquo:
1387 3645 1447 3686 reon
1473 3630 1549 3685 enim
1577 3631 1699 3699 respiras
1719 3645 1863 3698 personas

1039 3719 1192 3777 lominum
1208 3718 1328 3788 (Mutela
1345 3722 1425 3783 ωε).
1438 3715 1560 3773 lustina
1578 3715 1690 3790 utique,
1718 3717 1791 3790 quie
1813 3734 1863 3774 err-

154 3809 262 3862 eemmt
300 3808 430 3876 speciosa
463 3809 574 3866 deserti
579 3823 592 3881 ,·
631 3810 702 3881 quia
729 3813 843 3883 tignum
877 3817 981 3872 attulit
1036 3811 1128 3868 cussit
1140 3826 1249 3867 manus
1263 3806 1377 3864 suasab
1391 3807 1475 3863 omni
1488 3821 1626 3869 munere;
1641 3805 1759 3877 justitia
1781 3823 1863 3864 rere-

151 3889 289 3961 sruetam
317 3910 403 3951 rreum
412 3912 425 3953 .·
436 3897 512 3967 ficar
526 3903 554 3956 et
570 3901 657 3957 cerua
670 3899 817 3958 dederunt
840 3903 979 3962 virtatem
1036 3916 1079 3968 ra,
1095 3899 1167 3972 quia
1181 3898 1279 3958 reddit
1288 3897 1449 3968 unicuiqae
1456 3897 1550 3966 jueta
1564 3911 1655 3966 opere
1669 3911 1724 3953 crea
1740 3897 1860 3964 (Matll.

153 3995 247 4039 raam.
268 3986 491 4057 llrsrorurnrea,
514 3990 581 4045 Post
602 3988 753 4047 interitum
779 3991 882 4062 hostis,
911 4000 979 4068 post
1036 3993 1105 4058 ru).
1129 3986 1259 4054 lustitiae,
1288 3985 1423 4058 inquam,
1452 3984 1524 4058 quia
1550 3986 1628 4058 juste
1657 3992 1757 4056 creent,
1782 3992 1861 4058 juste

152 4068 345 4142 naufragium
394 4076 570 4150 captivitatis
616 4073 718 4136 iudaea
769 4082 877 4155 recepit
921 4084 979 4156 pri·
1033 4077 1184 4152 justitient,
1209 4075 1287 4147 juste
1316 4074 1465 4148 reprobat,
1493 4075 1572 4148 juste
1599 4075 1752 4146 glorificat,
1784 4077 1862 4148 juste

154 4157 238 4214 stinre
252 4158 359 4239 laeiem
374 4164 641 4239 serenitatislsolis,
663 4172 872 4227 testamentum
893 4170 979 4228 uber·
1034 4167 1168 4226 damnat.
1198 4163 1296 4222 lmlrer
1319 4165 1483 4222 matutinus
1510 4169 1555 4221 est
1587 4165 1660 4238 legis
1702 4166 1861 4239 spiritualis

153 4245 230 4304 telis.
255 4250 428 4308 Aereeoamr
455 4269 524 4310 vero
550 4254 680 4312 fructum
702 4273 791 4314 suum
817 4258 913 4316 attulit
947 4260 980 4317 li·
1036 4255 1177 4324 scientia,
1201 4255 1357 4325 serotinus,
1387 4254 1535 4327 Evangelii
1564 4255 1667 4326 gratia.
1693 4255 1743 4311 Vel
1766 4255 1861 4312 imber

153 4350 247 4406 gnum
261 4340 602 4416 Dominicaepassionis·;
616 4342 691 4401 ficus
706 4345 844 4403 vhtutem
868 4351 896 4403 et
915 4348 979 4405 dul-
1035 4347 1209 4415 matutinus,
1240 4351 1284 4402 est
1308 4346 1402 4419 ipsius
1427 4350 1455 4401 et
1484 4344 1688 4418 apostolorum
1713 4346 1777 4417 ejus
1804 4347 1862 4403 elo-

152 4425 289 4483 cedinem
329 4431 561 4489 resurrectionis.
604 4437 635 4489 ln
664 4433 796 4490 adventu
826 4435 977 4506 Paracleti,
1036 4435 1127 4509 quia,
1153 4433 1309 4502 serotinus,
1338 4437 1459 4491 Petrum
1482 4433 1679 4506 spiritualium
1705 4434 1861 4508 expositio

152 4515 238 4573 vinea
267 4518 473 4592 apostolorum
509 4522 591 4578 dedit
629 4523 758 4580 fructum
797 4541 887 4580 suum
913 4541 981 4597 pro·
1034 4541 1098 4594 nes,
1124 4540 1255 4582 canones
1283 4528 1311 4579 et
1343 4523 1480 4590 decreta;
1511 4537 1597 4591 arere,
1639 4529 1709 4580 sunt
1746 4530 1860 4581 mentes

152 4606 329 4677 pagationis.
367 4609 437 4665 lnde
477 4616 720 4681 germinaverunt
766 4613 874 4670 deserti
914 4631 979 4688 spe·
1035 4613 1171 4671 fidelium
1183 4611 1433 4685 jugo'diseiplinae
1448 4615 1584 4677 assueta,
1610 4612 1720 4669 semitis
1745 4614 1860 4685 religio-

153 4693 257 4777 ciosa,¹
273 4696 344 4768 quia
385 4714 421 4753 ex
462 4698 625 4757 imitatione
664 4701 823 4775 passionis,
862 4720 898 4760 ex
926 4720 979 4777 spe
1035 4703 1081 4760 nis
1096 4702 1211 4771 athila,
1226 4701 1433 4759 traditionibus
1443 4700 1607 4774 disciplinae
1635 4701 1780 4773 regularis
1808 4720 1860 4777 po

151 4783 384 4854 resurrectionis,
407 4802 443 4843 ex
468 4788 602 4846 doctrina
617 4791 715 4847 etrite
738 4791 901 4864 apostolica
915 4791 979 4848 reli·
1032 4793 1102 4850 litte.
1130 4791 1309 4859 Torcularia,
1325 4789 1390 4862 ipsa
1410 4795 1480 4846 sunt
1499 4791 1592 4846 eorda
1618 4790 1692 4847 inter
1717 4808 1804 4864 spem
1832 4798 1860 4850 θῖ

152 4871 248 4943 giouis
289 4881 455 4946 propagata
496 4883 565 4934 sunt
600 4878 730 4948 gloriosa
762 4880 976 4944 conventicula.
1034 4882 1172 4938 timorem
1187 4879 1293 4952 posita,
1310 4879 1510 4936 constantiam
1529 4879 1661 4944 iuferius,
1685 4881 1858 4953 patientiam

151 4960 299 5018 Animalia
324 4964 463 5035 regionis,
505 4966 642 5023 homines
669 4971 738 5023 sunt
765 4968 831 5024 vita».
855 4969 977 5026 saecula·
1034 4967 1171 5042 superius
1194 4967 1354 5036 halieutia3
1380 4966 1578 5025 constantiam
1615 4967 1646 5024 in
1686 4970 1857 5039 tentatione,

151 5051 200 5108 ris.
239 5054 280 5109 Ne
312 5059 448 5113 metuant
474 5071 545 5126 ergo
572 5055 701 5126 regionis
727 5055 878 5125 animalia,
906 5057 978 5130 quia
1033 5056 1206 5131 patientiam
1230 5056 1261 5112 in
1291 5055 1488 5124 tribulatione,
1515 5056 1545 5112 in
1579 5056 1738 5114 tentatione
1778 5058 1859 5116 ritio-

151 5142 394 5212 germinavcrunt
407 5145 514 5202 deserti
527 5144 672 5218 speciosa,
687 5145 832 5217 quoniam
845 5162 898 5218 per
925 5146 979 5202 do·
1032 5161 1111 5214 rum,
1127 5145 1158 5202 iu
1179 5144 1369 5203 tribulatione
1397 5144 1593 5217 flagellorum.
1624 5147 1795 5204 Constantia
1823 5146 1860 5203 si-

151 5230 278 5289 cuinam
291 5233 498 5303 religiosorum
512 5238 540 5291 et
567 5233 797 5290 sanctimoniam
820 5235 979 5292 uehuntur
1032 5233 1156 5306 quidem
1192 5233 1310 5306 premit,
1348 5237 1377 5290 ot
1413 5233 1542 5306 desuper
1575 5238 1677 5304 arcet;
1718 5234 1859 5308 patientie

151 5321 308 5378 saculares
336 5323 375 5379 ad
401 5328 659 5382 sacramentorum
696 5322 900 5390 reverentiam,
937 5324 977 5380 ad
1033 5322 1156 5379 iuferius
1192 5323 1271 5394 jacet
1309 5327 1338 5380 et
1374 5321 1493 5397 pondus
1537 5323 1669 5380 sustinet.
1716 5325 1858 5381 Constan-

151 5410 757 5480 praceptorumobedientiam,admorum
765 5410 976 5482 innocentiam,
1030 5411 1071 5469 tia
1096 5411 1270 5480 mcetvitia,
1295 5412 1437 5485 patientia
1465 5413 1590 5470 sustinet
1612 5412 1784 5470 certamina.
1811 5416 1856 5469 ln-

152 5493 192 5551 ad
206 5495 398 5555 consiliorum
411 5501 614 5569 eminentiam,
624 5502 664 5558 ad
673 5499 869 5558 imitationem
882 5501 979 5559 Domi·
1032 5506 1074 5560 ter
1088 5502 1152 5559 haec
1166 5502 1227 5559 duo
1240 5519 1326 5559 mens
1339 5508 1442 5560 saneta
1453 5503 1540 5577 quasi
1562 5503 1594 5560 in
1617 5502 1755 5563 torculari
1775 5503 1855 5577 posi-

151 5581 225 5641 uioae
239 5583 397 5659 passionis,
413 5589 453 5650 ad
480 5606 566 5666 spem
591 5589 717 5652 eoelestis
744 5589 977 5666 resurrectionis,
1031 5594 1062 5654 ta
1074 5590 1229 5668 premitur,
1245 5590 1415 5662 delaeeetur,
1443 5591 1613 5667 eliquatur:
1641 5588 1785 5667 premitur
1803 5590 1857 5651 tla-
