3832 6044
62 154 95 207 u
413 138 603 210 'irrorat
626 140 806 214 crucium.
828 137 1165 217 rurrrrrr‘uucror.
1187 147 1273 218 -ir
1294 142 1395 221 riou.
1480 188 1484 195 -
1735 159 1769 230 o

60 279 213 349 egypto;
234 276 288 333 secl
303 276 470 333 seeundum
493 280 742 337 consuetudinem
762 286 846 337 tertre
861 283 892 337 il·
905 287 929 338 A
948 282 1034 351 tritta,
1051 301 1112 341 non
1127 290 1273 358 quantum
1288 290 1326 344 acl
1342 290 1482 362 spatium,
1505 293 1558 349 sed
1570 297 1719 366 quantum
1734 296 1773 351 ad

59 365 127 429 lius,
143 365 176 422 in
191 382 256 440 qua
273 366 370 423 farina
381 367 539 440 conspergi
553 367 636 437 solet,
653 375 682 426 et
695 369 736 426 ita
749 371 894 428 reservari
949 371 1132 441 dignitatem,
1149 375 1257 432 scilicet
1271 393 1361 451 super
1385 395 1490 436 omnes
1504 386 1533 437 ct
1557 381 1773 456 superomnia.

59 458 90 509 ut
102 453 241 528 quob’die
260 455 347 529 panis
361 461 508 529 coquatur
526 462 673 530 quantum
692 474 769 532 opus
788 466 841 516 est.
857 462 894 517 Ia
948 461 1080 532 Sumpsit
1092 479 1162 534 erpo
1172 466 1282 538 Morio,
1295 471 1348 524 etc.
1359 471 1418 524 lioe
1432 468 1544 527 foetum
1557 476 1601 529 cst
1614 476 1776 546 postqum

60 559 120 600 uuo
134 543 236 612 domo,
252 543 341 601 idest
355 545 474 602 uuusin
489 561 550 602 unu
563 563 570 613 ;
581 545 622 604 ita
636 548 719 620 quod
738 547 813 605 nihil
825 549 894 605 etie-
949 549 1002 606 riri
1015 556 1219 621 cantaverunt,
1234 559 1267 610 ut
1281 556 1420 613 midieres
1434 557 1514 615 idem
1527 559 1610 633 quod
1635 559 1691 618 riri
1703 559 1777 618 oeci·

58 636 141 689 ratur
152 632 360 690 decernibus.
948 641 1170 714 nerantetipse
1184 658 1306 716 quoque
1323 651 1472 705 canerent.

91 750 195 819 (Exeo.
208 749 288 822 xiil.)
298 749 460 819 sanctifico
471 750 546 807 ruiti
554 767 640 809 mirre
646 753 892 826 primopenitum.

58 839 112 894 Pro
123 836 289 895 interfectis
305 837 512 912 primogenitis
524 841 740 914 AEgyptiorum.
763 844 895 901 Sanctifi-

57 925 209 984 eubantur
218 930 320 985 autem
329 926 445 1001 inopus
459 927 662 996 levitarumut
675 947 705 987 se
718 930 760 988 eis
770 933 894 989 redime-

57 1019 130 1084 rent,
140 1015 196 1089 qui
207 1016 314 1089 procis
325 1017 451 1074 Domino
462 1017 640 1087 serviebant,
652 1024 781 1093 prototo
793 1021 891 1079 isreel.

58 1104 91 1161 Iu
102 1105 249 1161 columna
264 1104 361 1178 nutis,
378 1112 406 1164 et
419 1106 508 1179 ipris.
524 1109 739 1165 Unaeteadem
752 1110 893 1168 columna

57 1198 120 1250 erat
132 1198 242 1251 eontra
252 1192 383 1252 calorem
393 1194 589 1265 obumbrans,
602 1201 631 1254 et
643 1203 746 1254 eontra
755 1199 893 1258 tenebras

57 1281 244 1348 illuminans,
260 1287 294 1340 ut
304 1283 368 1358 dux
382 1289 459 1342 esset
471 1285 625 1359 utriusque
641 1287 793 1361 temporis.

984 776 1072 847 (Esou
1084 776 1162 848 XVI.)
1182 777 1305 847 Vespere
1332 781 1488 837 comedetis
1503 798 1617 856 centes,
1634 790 1662 840 et
1689 799 1777 841 neone

947 864 1161 922 saturabimini
1165 866 1307 936 parribus.
1327 869 1777 945 Vespere,quandoplenasatia·

948 957 993 1010 tas
1006 954 1237 1012 convenientior.
1245 956 1344 1030 Morte,
1357 956 1673 1032 solitopuuccoutenti.
1687 963 1779 1031 (tuost

948 1048 1047 1098 tusum
1059 1044 1135 1115 pito,
1153 1044 1263 1101 scilieet
1276 1046 1374 1119 qualis
1390 1052 1434 1104 cst
1449 1062 1553 1117 grossa
1568 1048 1664 1106 terina
1681 1050 1777 1108 attrita

948 1131 978 1188 iu
990 1131 1061 1205 pilo,
1078 1131 1108 1188 id
1123 1135 1166 1188 cst
1180 1132 1299 1206 pistillo.
1314 1134 1372 1191 Sed
1384 1136 1572 1210 dimiserunt,
1590 1138 1727 1210 quedam
1740 1155 1779 1196 ee

948 1222 1090 1292 risusque
1102 1236 1197 1279 iuuere.
1212 1222 1393 1293 Difssdcutes,
1406 1224 1687 1284 neiucrustiuonon
1697 1227 1778 1287 inve·

947 1309 1059 1365 nirctur
1073 1325 1195 1366 manua.
1212 1311 1246 1368 Iu
1260 1312 1308 1369 dic
1323 1328 1390 1370 vero
1403 1320 1488 1370 seete
1499 1314 1684 1385 colleperunt
1699 1318 1778 1377 cibor

90 1399 890 1477 (Exon.iilV.)CeutroBeelseplronr'ucorrspectuejur.
947 1399 1091 1469 duplicet·
1106 1398 1776 1477 Vidssitlbqllffllpffl'miraculum⁰0flessi⁵⁸01¹i3

59 1487 133 1544 illud
157 1489 225 1559 ejus
249 1495 351 1564 posset
370 1490 470 1548 reterri
495 1491 533 1547 ad
558 1492 750 1566 beelsephon,
775 1498 802 1551 ct
822 1499 892 1552 tuuc
946 1487 1028 1560 quia,
1040 1492 1068 1543 ei
1082 1488 1107 1543 Sl
1117 1487 1174 1544 11⁰0
1185 1490 1261 1545 Deus
1270 1490 1518 1564 lll'tfflssilllMQ'Si,
1530 1492 1666 1551 noudum
1676 1497 1777 1552 iumen

58 1575 150 1650 plana
162 1577 323 1647 estlittera3
335 1578 382 1635 vel
395 1578 434 1635 ad
447 1580 634 1637 Pharaonem
645 1587 677 1637 ut
686 1581 892 1657 interponatm·
947 1574 1101 1632 intentum
1117 1580 1161 1633 Osi
1175 1579 1295 1650 Moysen
1306 1579 1481 1652 pnecepisse
1491 1581 1614 1654 ΡΟΡΠῙΟ,
1627 1582 1679 1639 sed
1690 1583 1777 1657 quasi

58 1664 219 1722 relativum
230 1666 294 1738 cius
305 1666 344 1722 ad
353 1666 577 1740 quodreiertur,
590 1673 696 1743 puetcr
706 1671 894 1729 consuetudi·
913 1639 933 1693 B
949 1663 1528 1740 admiransresponditprincipibus.ilic
1538 1675 1580 1726 est
1588 1686 1684 1728 sermo
1691 1687 1777 1744 quem

60 1769 140 1822 nem,
157 1752 235 1811 sieut
249 1759 294 1810 est
305 1753 387 1811 illud:
403 1755 613 1813 Fundamenta
627 1760 692 1828 ejus
704 1759 734 1814 tn
745 1759 893 1815 ruentibus
945 1754 1100 1824 pracepit,
1117 1756 1171 1809 cte.
1186 1752 1236 1808 Vel
1249 1769 1411 1827 possumus
1426 1754 1586 1825 intelligere
1603 1761 1723 1832 Moysen
1737 1759 1778 1818 ita

60 1843 174 1899 sanctis
197 1842 515 1915 (praeteriuntur.
535 1844 893 1919 Tolleusqueseeupctus
948 1842 1135 1915 plutoris&
1159 1842 1298 1916 quamtis
1332 1845 1467 1901 nondum
1486 1846 1636 1920 Scriptura
1659 1847 1776 1907 diarii

60 1931 192 1988 Domini.
205 1930 376 2005 Aliquando
391 1932 527 2000 Borrine,
544 1932 707 2007 aliquando
719 1935 826 2005 angelo
837 1935 895 1992 iac·
950 1929 1026 1986 Creu
1040 1930 1187 2002 quidquid
1196 1937 1240 1988 est
1249 1932 1435 2002 operandum
1444 1934 1539 2003 facite
1553 1935 1658 2008 bodie;
1672 1942 1700 1993 et
1713 1952 1779 2008 que

62 2024 124 2077 tum
138 2019 321 2089 attribuitur3
330 2021 402 2094 quia
417 2039 519 2079 revera
528 2021 652 2093 augelus
664 2023 782 2081 Domini
793 2025 895 2082 minis·
950 2019 1113 2092 coquendo,
1129 2019 1214 2076 idest
1228 2036 1296 2093 quie
1310 2021 1580 2094 oportebatfueere,
1593 2022 1639 2079 rel
1650 2040 1779 2098 coquere

62 2114 103 2167 (ει.
119 2110 237 2180 adem,
256 2114 284 2167 et
298 2111 443 2168 pominus
458 2111 488 2167 i„
504 2111 570 2185 ipso
587 2117 615 2168 οἱ
635 2128 689 2186 pel·
708 2113 807 2187 ipsum
825 2130 895 2188 090.
950 2106 974 2162 si
988 2122 1049 2163 nou
1064 2111 1140 2163 esset
1164 2107 1338 2173 Sabbatum,
1366 2108 1451 2165 tacite
1466 2109 1512 2165 rel
1541 2110 1658 2185 coquite
1668 2111 1778 2181 hodie;

62 2215 141 2256 rans.
157 2198 320 2271 Abittpost
334 2216 392 2269 eos,
406 2201 747 2276 utdctenderctcosper
762 2203 893 2261 nidrem:
950 2196 1022 2268 quia
1036 2212 1101 2252 c1·sss
1125 2196 1241 2269 requies
1272 2196 1403 2254 Sabbati-
1437 2200 1591 2272 Usquequo
1605 2216 1665 2258 '³⁰⁷²
1688 2203 1779 2260 vuli&

64 2287 249 2358 amalumen,
266 2288 330 2346 aliis
340 2289 478 2347 tenebras
489 2307 542 2364 per
552 2290 658 2347 eadem
672 2291 762 2348 simul
771 2292 893 2350 faciens.
951 2285 1071 2342 credere
1080 2285 1224 2342 irroudctu
1234 2302 1309 2355 meo,
1319 2293 1346 2344 et
1357 2288 1447 2358 leperu
1457 2293 1571 2345 rueom?
1580 2289 1721 2347 Nondum
1731 2294 1780 2348 lex

64 2378 200 2451 AEqppti
215 2378 427 2452 meretricum
445 2384 515 2450 pest
535 2395 592 2437 eos.
618 2380 764 2446 Quaeritur
787 2381 811 2437 si
834 2397 895 2439 non
950 2372 1112 2441 cratdata3
1130 2373 1182 2430 sed
1203 2373 1301 2445 legem
1314 2380 1401 2432 vocat
1418 2376 1574 2448 quodlibet
1588 2377 1777 2446 mandatum,

64 2466 208 2525 ridebant
224 2484 277 2525 ρος
291 2468 494 2544 praecedentes
509 2473 630 2544 propter
646 2468 758 2526 nubem
768 2469 896 2545 rumpo.
951 2461 1026 2518 sicut
1040 2461 1077 2518 dc
1095 2460 1302 2519 observatione
1320 2463 1451 2531 sabbati,
1470 2464 1547 2520 etde
1566 2481 1708 2523 mensura
1729 2482 1780 2538 go

65 2554 158 2625 sitam,
176 2557 334 2631 quomodo
348 2556 433 2631 sequi
446 2558 628 2631 potuerunt?
644 2561 702 2614 Aut
715 2557 739 2614 si
753 2557 897 2615 videbant
950 2567 1026 2607 mor.
1044 2551 1136 2619 Orroei
1147 2552 1253 2608 siruiloe
1265 2568 1331 2608 clim
1346 2554 1444 2623 melle,
1464 2552 1495 2608 id
1510 2558 1553 2609 esi
1567 2553 1686 2611 melliloe
1701 2555 1780 2613 simi·

64 2643 244 2701 miraculum
259 2643 360 2714 maris,
374 2645 530 2719 quomodo
550 2645 618 2703 ausi
638 2651 708 2703 sunt
727 2663 779 2703 eos
798 2663 896 2721 perse.
950 2638 996 2695 lae.
1013 2638 1067 2695 Alii
1088 2643 1189 2696 tamen
1216 2639 1328 2696 dicunt.
1344 2640 1428 2713 quod
1454 2640 1590 2713 sapiebat
1617 2640 1780 2717 uuicuique

64 2733 135 2807 qui?
148 2733 197 2791 Ad
212 2734 297 2809 quod
306 2735 512 2808 respondetur,
527 2735 611 2810 quod
624 2752 685 2793 non
695 2740 833 2810 poterant
845 2753 896 2793 eos
950 2726 1033 2801 (1¹¹0‘l
1047 2728 1145 2800 magis
1153 2728 1322 2802 appetebat
1336 2730 1432 2800 lmine
1443 2745 1548 2801 9⁰m⁰t'
1561 2746 1599 2788 35⁶
1612 2746 1654 2801 ³⁰2
1670 2737 1699 2789 0²
1714 2749 1780 2790 ⁶1⁴⁸·

64 2821 161 2879 ridere
172 2822 314 2897 perfecte,
326 2827 356 2881 et
365 2823 545 2899 tamenquia
559 2823 641 2880 aliine
656 2841 708 2881 eos
719 2824 894 2893 sentiebant,
952 2817 1095 2874 rodiano.
1113 2819 1172 2875 lloe
1183 2817 1295 2873 dictum
1306 2822 1350 2875 cst
1359 2834 1413 2891 per
1427 2818 1680 2892 anticipationem.

64 2927 113 3012 ΡΨ
126 2911 223 2969 aliam
239 2911 321 3012 vimi
341 2911 523 3012 pedeteniim
541 2928 592 3012 ⁰⁰?
619 2912 823 3014 sequebam
841 2930 935 3043 ,ως
987 2953 1085 3023 (Eion.
1110 2951 1274 3024 XVlitCur·
1299 2953 1420 3009 tentatis
1446 2953 1631 3009 Dominum?
1657 2956 1780 3012 Tentare

64 3004 188 3058 serentes
200 3017 233 3057 se
243 3000 367 3058 veldlos
377 3016 461 3059 mare
472 3001 646 3071 rugredrdlt
658 3018 724 3059 ecce
737 3018 896 3073 respiciens
930 3024 936 3041 ·
951 3043 1045 3097 Deum
1059 3045 1104 3096 est
1115 3057 1185 3096 eum
1200 3040 1351 3113 postulare
1368 3041 1482 3114 aliquid
1498 3042 1537 3098 ad
1552 3042 1779 3115 experiendum,

64 3104 152 3160 capno
164 3094 270 3146 eastra
283 3105 341 3160 por
353 3089 534 3146 columnam.
549 3089 626 3156 Quid
634 3094 677 3147 est
685 3090 767 3164 quod
778 3106 831 3165 per
842 3107 896 3147 nu-

64 3175 128 3233 bem
140 3176 264 3245 dicitur,
288 3179 366 3235 Deus
380 3178 525 3251 respicere
540 3194 631 3252 super
646 3183 752 3247 castra,
770 3178 826 3235 uisi
839 3179 896 3235 hoe

65 3264 172 3323 seilicet
188 3265 275 3339 quod
295 3265 402 3335 nubes,
423 3282 492 3340 quie
511 3265 594 3341 prius
611 3266 750 3323 tenebras
769 3266 896 3324 iaciebat

64 3354 218 3430 AEgypb'is,
233 3353 333 3412 lucem
347 3354 475 3430 proebuit
485 3355 550 3411 eis?
563 3355 620 3413 Sed
634 3355 674 3412 od
688 3354 895 3412 confusionem

65 3458 167 3501 eorum
179 3446 280 3500 totum
291 3443 349 3500 hoe
360 3442 472 3500 iactum
483 3447 536 3512 est,
549 3443 699 3500 scilicctut
720 3442 855 3501 riderent
865 3461 896 3501 se

64 3532 200 3591 bareto
217 3532 375 3605 Interfecit
389 3534 563 3601 exercitum,
580 3538 634 3591 ete.
658 3532 787 3589 Breviter
801 3536 895 3590 totum

65 3621 219 3694 negotium
233 3621 469 3695 comprehendit,
489 3626 517 3678 et
537 3621 645 3678 ‹lcinde
658 3621 803 3695 prolixius
815 3621 895 3678 idem

65 3710 176 3787 repetit,
189 3708 235 3767 ibi
244 3708 370 3768 scilicet:
382 3711 591 3782 Diceruntque
600 3711 755 3784 AEppput,
767 3715 821 3768 etc.
837 3710 896 3766 Fu-

13 3830 16 3873 ;
66 3799 503 3873 olentibusqueAEpyptiiuetc.
516 3798 599 3855 rrius
609 3798 711 3870 iugali,
721 3797 897 3873 etprostrati

67 3893 130 3946 sunt
149 3906 170 3947 a
192 3886 321 3947 Domino
343 3887 491 3963 AEgyptii;
513 3887 552 3944 ad
572 3887 711 3946 ultimum
735 3887 822 3962 aquis
844 3887 897 3945 ob·

13 4056 16 4063 Ι
67 3977 165 4036 utcu.

95 4106 199 4177 (Exco.
213 4103 280 4175 ΧΥ).
295 4103 405 4175 Aorsoi
416 4109 600 4175 operuerunt
612 4120 668 4160 eor.
686 4106 728 4159 Ex
741 4102 834 4159 nimiu
846 4102 895 4158 lae·

66 4192 121 4251 titia
135 4208 222 4267 soepe
238 4191 318 4249 idem
332 4192 424 4262 aliter,
446 4198 475 4250 et
487 4192 570 4249 aliter
582 4192 750 4265 replicatur.
770 4193 897 4263 Conpre-

65 4280 337 4353 intimabunt,
363 4281 394 4339 id
410 4286 456 4338 est
472 4281 690 4356 profunditates
700 4281 852 4339 undarum
868 4285 897 4338 et

950 3146 990 3186 an
1005 3133 1082 3186 Deus
1094 3130 1249 3186 bominem
1269 3129 1372 3199 diligat
1390 3146 1426 3185 ex
1441 3130 1576 3203 quadam
1602 3130 1779 3190 diffidentia.

949 3218 1781 3291 Munusilloysieroutpruoeaquietotudiesteteratole-

949 3310 1025 3365 ratis
1039 3307 1189 3364 manibus.
1203 3310 1310 3364 lassus
1321 3312 1392 3374 erat,
1405 3323 1460 3364 nee
1472 3306 1673 3381 poteratultra
1682 3307 1781 3366 levare

950 3412 1068 3464 manus,
1084 3411 1139 3453 nee
1151 3395 1240 3452 etiam
1255 3401 1332 3453 sture
1345 3415 1352 3464 ;
1363 3396 1443 3453 uude
1455 3396 1557 3454 sedere
1567 3413 1637 3453 eum
1648 3395 1782 3455 iecerunt

950 3490 1058 3553 Aaron,
1074 3486 1186 3552 ellim,
1202 3489 1230 3541 et
1251 3500 1361 3541 manus
1383 3485 1448 3556 ejus
1473 3485 1656 3543 levaverunt.
1671 3486 1708 3544 In
1729 3502 1782 3545 ore

949 3574 1055 3644 pluuii.
1070 3576 1102 3629 ln
1112 3573 1253 3630 instantia
1263 3572 1362 3643 gladii.
1377 3573 1479 3630 Scribe
1490 3572 1544 3632 boe
1555 3580 1780 3634 monuncnrum

950 3663 981 3718 in
998 3662 1083 3733 libro,
1098 3678 1136 3718 ne
1147 3661 1290 3719 oblivioni
1304 3661 1439 3719 tredatm·
1453 3662 1484 3719 in
1498 3661 1610 3719 futuro.

986 3795 1083 3866 (Exeo.
1100 3795 1202 3865 xviii.)
1218 3794 1351 3866 Cumque
1372 3796 1513 3852 intrasset
1539 3794 1779 3853 tabernaculum.

951 3884 1079 3951 Quidam
1105 3889 1173 3941 suut
1187 3884 1239 3958 qui
1260 3884 1428 3956 intelligunt
1439 3885 1496 3941 hoe
1524 3884 1561 3939 de
1588 3883 1781 3943 tabernaculo

951 3973 1078 4037 bomini,
1093 3977 1121 4029 et
1133 3972 1236 4030 dicunt
1250 3974 1306 4031 hoe
1322 3989 1386 4030 esse
1403 3974 1515 4030 dictum
1530 3990 1584 4047 per
1597 3971 1782 4048 anticipatio

951 4077 1040 4130 ncm;
1056 4061 1109 4117 sed
1123 4077 1185 4118 non
1196 4067 1321 4134 oportet,
1337 4060 1528 4135 nequeenim
1543 4078 1679 4135 uuquam
1690 4061 1720 4119 in
1741 4065 1782 4119 la-

950 4150 1113 4208 bernaeulo
1130 4149 1248 4208 Domini
1258 4150 1434 4221 immolavit,
1446 4151 1494 4208 vcl
1508 4151 1598 4208 eliani
1609 4149 1683 4209 illud
1692 4150 1781 4209 intra·

950 4239 1001 4308 rit,
1017 4239 1090 4313 quie
1104 4239 1220 4310 gentilis
1235 4244 1307 4297 crat.

66 4387 226 4447 quarum
240 4371 342 4429 Fleuit
351 4372 476 4442 spirituc
486 4377 565 4445 treus,
577 4376 605 4429 et
615 4372 731 4442 operuit
741 4386 808 4428 eos:
824 4340 933 4428 divi-⁰
989 4376 1086 4445 (Exco.
1103 4375 1180 4446 iix.)
1193 4376 1229 4431 Iu
1242 4374 1291 4431 die
1301 4374 1368 4446 bec,
1384 4374 1471 4430 idest
1486 4372 1571 4429 tertia
1590 4371 1648 4439 die,
1664 4371 1741 4428 sieut
1753 4376 1782 4429 et

65 4476 105 4519 ne
118 4459 267 4536 potentie
280 4463 365 4517 notet
376 4459 557 4517 facilitatem.
575 4459 665 4527 erasi
681 4460 779 4517 dicat:
799 4461 896 4526 Quam
950 4464 1034 4521 tertio
1045 4479 1157 4520 mense.
1169 4465 1236 4520 dem
1248 4479 1330 4519 necue
1342 4463 1504 4519 veuiomcd
1518 4466 1555 4535 te,
1562 4460 1593 4517 id
1603 4463 1647 4517 est
1656 4458 1687 4516 in
1696 4460 1783 4519 tertia

66 4548 145 4608 boile
155 4548 270 4624 aliquis
279 4548 381 4606 tlaudo
395 4548 515 4623 projicit
523 4548 687 4623 pulverem,
698 4553 759 4607 tam
769 4547 855 4610 facile
864 4552 897 4605 tu
947 4550 998 4608 dic
1010 4551 1052 4618 ab,
1062 4551 1120 4608 ista
1134 4551 1258 4624 quando
1272 4548 1375 4620 danda
1387 4552 1452 4612 ¹erut
1465 4548 1521 4606 lex.
1536 4547 1697 4606 Nuntioeit
1711 4562 1782 4620 erqo

66 4653 110 4696 eos
123 4636 311 4697 interfecisti.
327 4639 489 4696 Devoreuit
500 4654 547 4696 eos
563 4644 655 4696 terra.
668 4641 731 4696 Uno
742 4637 896 4694 communi
951 4641 1067 4710 Moyses
1075 4639 1164 4697 verbu
1171 4639 1326 4710 poputiad
1333 4638 1503 4695 Dominum.
1514 4636 1783 4711 Exhrevitatepre·

65 4728 186 4786 nomine
197 4726 262 4785 duo
275 4725 416 4784 inferiora
428 4727 576 4785 elementa
588 4732 685 4793 vocat,
700 4727 776 4784 sieut
789 4731 817 4784 et
832 4726 893 4783 tibi.
951 4727 1081 4785 termittit
1095 4728 1180 4801 quod
1190 4730 1304 4801 Moyses
1315 4727 1397 4800 prius
1410 4726 1508 4783 tulerit
1516 4726 1609 4785 rerba
1618 4727 1670 4785 Dei
1680 4725 1720 4786 ad
1729 4742 1784 4802 po·

64 4816 215 4876 Feruentis
222 4817 319 4888 ipitur
326 4817 670 4875 cunceucnimaueusde
678 4814 894 4884 bumoetalibi:
950 4817 1066 4890 pulum,
1080 4823 1109 4875 et
1122 4817 1170 4875 ille
1185 4817 1287 4875 omniu
1300 4816 1480 4874 concesserit
1500 4834 1530 4874 se
1541 4816 1711 4886 laconum
1728 4816 1782 4874 sad

63 4906 96 4964 In
111 4907 274 4980 prerupto
294 4909 406 4965 creavit
424 4908 506 4965 Deus
525 4908 631 4965 eoelum
650 4913 678 4963 et
693 4912 815 4975 terram,
839 4909 894 4963 etc.
950 4906 1039 4963 istam
1053 4908 1277 4965 concessionem
1289 4907 1535 4965 statimdicitbeo
1547 4906 1716 4965 nuntiatam
1728 4916 1782 4979 per

63 4997 275 5057 tumuerunt
278 4998 397 5068 populi,
408 5002 437 5054 et
446 4997 521 5054 irati
529 5002 610 5065 arent,
622 4999 676 5053 ete.
689 4999 848 5069 Hucusque
859 4995 896 5051 de
951 5000 1080 5069 Moysen.
1098 4997 1147 5054 Vel
1161 4999 1259 5054 dicere
1275 5014 1447 5072 possumus,
1464 4996 1547 5070 quod
1561 5001 1657 5053 totum
1683 4998 1728 5051 est
1738 4993 1782 5050 in·

10 5150 12 5163 ¹
62 5086 260 5161 repraeterita
272 5084 432 5144 canticum.
458 5086 576 5143 Amodo
589 5084 737 5159 quidquid
752 5085 895 5159 sequitur,
952 5087 1103 5161 terpositio
1117 5087 1156 5143 ab
1172 5087 1221 5144 illo
1236 5086 1312 5144 loco.
1338 5087 1471 5159 Cretaque
1483 5086 1632 5142 retulisset
1653 5083 1780 5152 Moyses,

10 5238 12 5243 ,
62 5174 223 5251 prophetia
232 5172 897 5247 estdeiuturo.Extantoenimgaudio‚quod
952 5179 1006 5231 eto.
1022 5174 1067 5231 bd
1076 5175 1157 5231 hune
1167 5175 1278 5243 locum,
1288 5175 1329 5231 itu
1338 5175 1421 5248 quod
1432 5174 1479 5229 hic
1489 5187 1593 5228 versus
1604 5168 1782 5227 ordinenar·

62 5263 90 5322 iu
111 5263 262 5341 monenti
281 5263 444 5333 habebant,
472 5263 596 5338 Spiritus
610 5269 730 5321 sanetus
753 5263 784 5320 in
805 5262 898 5320 corda
951 5261 1074 5320 rationis
1100 5263 1188 5320 debet
1213 5264 1361 5319 eohaerere
1390 5276 1459 5317 cum
1482 5254 1719 5331 precedentibus
1731 5273 1739 5326 3
1753 5261 1783 5314 et

62 5370 165 5414 comm
180 5352 314 5422 intravit,
329 5358 359 5410 et
374 5367 480 5411 omnes
494 5353 575 5410 idem
586 5352 755 5427 prophetati
770 5356 849 5409 sunt.
860 5353 896 5408 Iu
951 5354 1023 5407 tuno
1037 5354 1098 5406 tota
1111 5349 1162 5406 iila
1171 5349 1356 5421 interpositio
1367 5345 1461 5419 sequi,
1472 5343 1640 5401 hocmodo.
1651 5347 1782 5419 Respon-

63 5450 208 5504 ntemum
222 5444 361 5510 recuro,
391 5440 422 5499 id
436 5446 480 5499 est
489 5458 543 5516 per
553 5457 685 5516 praesens
695 5442 840 5499 seculum
856 5445 897 5498 to·
951 5439 995 5497 dit
1008 5439 1165 5496 universus
1176 5437 1306 5511 populus
1326 5452 1356 5491 se
1375 5436 1523 5491 iacturum
1536 5452 1542 5503 ;
1557 5434 1615 5492 hoc
1634 5434 1783 5494 nuntiavit

64 5539 133 5604 tom,
147 5538 180 5593 et
190 5532 283 5591 etiam
297 5547 352 5606 per
365 5529 510 5589 futurum.
523 5530 573 5589 Vel
584 5545 637 5603 per
649 5530 780 5604 spatium
790 5533 895 5598 totum,
952 5532 1067 5602 Moyses
1080 5527 1216 5585 Domino.
1243 5526 1317 5583 Cum
1331 5525 1491 5596 retulisset,
1507 5528 1562 5582 etc.
1574 5525 1620 5582 ait
1643 5525 1670 5582 ei
1685 5523 1782 5583 bomi-

11 5598 17 5695 *,
65 5624 232 5697 moricum
246 5620 365 5682 mundo
380 5620 630 5695 nemptonum
638 5619 857 5680 muudofiniet:
870 5623 899 5676 et
953 5611 1781 5690 nus:ramnecne,eucrasoeeeurjaeute.&pressius
