3832 6044
152 120 204 174 967
342 110 495 168 undonis
513 110 559 165 DE
578 108 607 164 S.
626 105 775 162 vitreus
795 105 870 160 OPP.
890 99 978 159 PARS
997 106 1019 159 l.
1039 133 1073 143 -
1092 102 1293 160 nituerint.
1313 135 1348 145 -
1366 105 1387 160 1.
1407 69 1446 160 IN·
1461 103 1668 160 lucornara
1815 107 1871 160 968

153 237 295 305 etiamid,
310 236 393 310 quod
405 233 560 308 proprium
576 230 667 287 videri
678 231 801 302 poterat,
817 228 979 299 figuratum
998 231 1021 284 Α
1037 227 1106 284 sitas
1122 244 1185 284 esse
1199 233 1329 286 terrenas
1344 232 1373 286 et
1386 226 1574 296 novissimas,
1590 227 1621 282 id
1636 230 1681 284 ost
1691 225 1818 283 ultimas
1826 226 1873 282 vel

153 332 182 384 ct
195 326 327 384 alienum
339 324 378 382 nd
392 322 604 397 proprietatem
614 322 796 390 agnoscatur
812 337 818 374 :
1036 315 1165 386 infimas,
1197 318 1259 375 sive
1274 318 1407 391 abjectas
1421 315 1682 384 multiformitates,
1698 314 1730 371 id
1761 320 1808 372 est
1836 333 1872 372 ex

1033 408 1136 465 multis
1149 408 1252 465 formis
1268 408 1389 465 etvariis
1395 405 1576 480 compositas
1585 405 1709 477 figuras,
1717 406 1872 463 deiformi-

189 509 249 561 Hoc
263 507 315 571 est,
332 501 416 575 quod
431 500 564 573 sequitur
581 517 587 555 :
603 521 616 548 α
635 497 665 555 Si
680 496 728 554 cui
738 501 839 554 autem
865 495 981 553 videtur
1033 495 1091 552 bus
1102 496 1436 570 simplicitatibus‚idcst
1443 494 1645 569 spiritualibus
1654 494 1790 552 naturis:
1802 510 1871 568 quaa

154 609 256 651 sacras
268 591 391 666 quidem
412 589 502 662 recipi
524 588 633 644 dobere
649 585 889 660 compositiones,
917 588 980 641 tan·
1034 587 1105 659 quia
1119 586 1278 643 deiformes
1292 591 1362 642 sunt
1375 585 1519 657 ingloria,
1543 590 1666 642 terrena
1695 589 1726 642 et
1744 585 1872 642 novissi-

153 699 246 755 quam
259 680 440 754 simplicium
453 678 483 735 in
499 676 604 751 seipsis
626 676 857 749 ignotorumque
881 674 978 742 nobis,
1034 693 1102 745 mre,
1114 680 1143 733 et
1156 677 1227 750 quia
1241 676 1390 749 simplices
1404 675 1436 732 in
1449 675 1586 744 essentia,
1611 672 1870 731 multiformitates

152 776 181 828 et
194 768 505 842 incontemplabilium
520 765 773 822 subsistentium.»
790 768 848 820 lloc
867 769 920 832 est,
937 764 980 820 di·
1034 765 1061 822 ei
1088 766 1212 822 omnino
1239 765 1358 822 attribui
1381 781 1443 822 non
1470 764 1646 822 debuerunt.
1676 767 1711 820 Et
1736 764 1763 820 si
1791 763 1870 821 dicat

153 877 247 932 gnum
261 876 325 916 esse
340 862 373 914 ut
385 857 567 929 recipiantur
581 871 673 911 sacrae
686 853 927 926 compositiones,
949 853 980 910 id
1034 856 1134 912 adhuc
1150 873 1156 912 :
1173 857 1233 912 Hoc
1248 854 1414 929 quidem,id
1429 858 1473 912 est
1483 855 1508 910 si
1519 871 1556 911 ex
1568 853 1705 928 pretiosis
1720 856 1750 910 θῖ
1767 870 1869 927 super-

153 955 196 1007 est
207 948 401 1020 figurationes
413 945 460 1002 vel
475 944 667 1001 formationes
682 960 784 1013 sacrae,
800 960 867 1017 quae
886 943 924 999 do
938 943 980 1016 ip·
1035 944 1236 1002 eminentibus
1274 943 1409 1001 essentiis
1457 943 1560 1016 figurae
1595 942 1797 1000 invisibilium
1824 959 1869 998 su·

153 1038 192 1094 sis
206 1037 314 1093 divinis
328 1041 356 1091 et
368 1033 568 1091 invisibilibus
584 1033 666 1089 iactae
681 1037 759 1100 sunt,
776 1037 878 1105 utpote
892 1033 930 1088 dc
945 1032 980 1088 iis
1033 1038 1195 1103 merentur,
1225 1038 1253 1091 θῖ
1276 1038 1409 1103 terrena,
1438 1039 1467 1089 ct
1494 1034 1665 1090 novissimae
1699 1032 1868 1089 formitates

152 1145 221 1201 qum
235 1125 381 1199 simphcia
394 1128 422 1180 ct
436 1124 636 1197 incomposita
648 1124 711 1179 sine
724 1123 902 1194 figuratione
917 1139 980 1179 cor·
1033 1123 1231 1180 deiformibus
1247 1122 1488 1196 simplicitatibus
1512 1137 1574 1179 non
1603 1123 1868 1194 circumponeren-

152 1216 257 1290 pcrali,
273 1219 302 1272 ct
313 1215 420 1282 forma,
435 1231 470 1270 ac
483 1231 536 1286 per
548 1213 605 1269 hoc
631 1213 729 1282 nohis,
747 1213 800 1285 qui
814 1212 980 1285 corporaha
1034 1216 1091 1286 tur,
1106 1213 1153 1269 vel
1168 1216 1341 1287 aptarentur
1357 1230 1363 1268 :
1378 1213 1436 1268 hoc
1449 1212 1573 1285 quidem
1594 1216 1624 1268 θῖ
1650 1215 1796 1268 nostrum
1824 1227 1868 1266 su-

152 1311 269 1364 tantum
283 1302 479 1376 contemplari
499 1307 528 1359 θῖ
548 1303 677 1372 cogitare
703 1301 854 1372 novimus,
878 1301 980 1373 ignota
1032 1301 1156 1359 blimius
1169 1303 1304 1359 futurum
1318 1305 1404 1369 essct,
1418 1301 1476 1358 hoc
1489 1304 1542 1370 θεῖ,
1559 1300 1721 1357 sublimius
1745 1317 1806 1357 nos
1830 1300 1867 1356 ad

152 1399 182 1452 et
194 1391 469 1465 incontemplabilia
485 1391 660 1460 subsistunt,
671 1391 765 1447 etnisi
781 1405 834 1462 per
853 1389 980 1447 visibilia
1033 1394 1236 1463 cognitionem
1262 1390 1464 1465 spiritualium
1491 1391 1674 1463 proveheret.
1720 1389 1774 1445 Vel
1812 1390 1866 1446 hoo

152 1489 182 1542 et
195 1480 465 1540 demonstrationes
480 1480 610 1536 visibiles
626 1480 753 1548 ostendi,
765 1497 800 1536 ac
813 1479 979 1553 percipiab
1033 1483 1159 1556 quidem
1172 1487 1200 1539 ct
1216 1485 1354 1538 nostrum
1383 1486 1468 1550 esset,
1494 1483 1567 1553 quia
1593 1479 1751 1553 corporale
1780 1484 1864 1548 esset,

152 1574 286 1630 humano
313 1570 402 1627 corde
416 1585 478 1626 non
492 1573 628 1643 possunt.
646 1569 674 1625 Si
688 1569 736 1625 cui
762 1586 833 1641 ergo
853 1569 980 1640 dignum
999 1586 1018 1640 B
1034 1577 1063 1629 et
1098 1571 1273 1640 materialc;
1316 1575 1345 1626 et
1383 1570 1542 1628 sublimius
1591 1570 1728 1627 futurum
1780 1575 1864 1640 esset,

152 1660 279 1728 videtur,
295 1663 324 1716 ct
335 1657 537 1714 necessarium
551 1660 673 1730 propter
697 1657 847 1729 ejusmodi
873 1674 979 1714 causas
1033 1663 1064 1717 id
1092 1666 1136 1718 est
1163 1661 1274 1718 divinis
1295 1664 1324 1716 θῖ
1355 1659 1561 1733 spiritualibus
1594 1661 1734 1728 vicinius,
1771 1664 1806 1717 ut
1831 1676 1865 1715 ex

153 1764 254 1807 sacras
270 1746 502 1820 compositiones
518 1745 704 1819 recipiendas
718 1761 791 1815 csse,
806 1746 846 1803 ita
874 1746 980 1802 dunta-

152 1842 204 1896 xat
218 1837 242 1893 si
256 1837 380 1911 pulchre
395 1839 424 1892 et
436 1836 584 1904 decenter,
602 1839 751 1908 tantaque
766 1835 888 1908 puritati
912 1851 981 1891 con-

152 1926 302 1984 venientes
326 1925 534 1992 formarentur,
560 1940 641 1979 nunc
671 1927 771 1980 autern
810 1923 980 1979 indecentes

152 2033 226 2084 esse,
241 2039 255 2069 «ι
272 2018 301 2072 θῖ
311 2013 554 2071 inconvenientes
573 2013 731 2082 existimat,
745 2035 759 2064 »
773 2012 821 2069 ilie
846 2012 982 2070 videlicet

152 2120 351 2180 quaecunque,
368 2126 381 2153 «
407 2106 579 2160 sanctorum
607 2101 819 2170 intellectuum,
849 2123 863 2152 »
888 2101 920 2158 id
938 2105 982 2158 θεῖ

152 2197 311 2270 spirituum
325 2193 548 2266 descriptiones
565 2209 632 2266 quae
651 2215 664 2243 α
679 2192 711 2248 in
723 2191 847 2266 eloquiis
859 2191 950 2249 sacris
967 2214 981 2242 »

152 2285 237 2342 factae
255 2288 325 2341 sunt
340 2302 347 2352 ;
363 2287 392 2339 θῖ
410 2282 559 2339 existimat
581 2280 630 2338 ibe
656 2281 746 2338 etiam
768 2281 981 2339 inconveniens

152 2390 227 2443 esse,
241 2389 330 2430 omne
344 2372 402 2428 hoc
417 2370 622 2441 angchoorum
647 2370 816 2440 nominum,
847 2375 879 2427 ut
903 2370 982 2427 thea-

152 2463 224 2521 trale
239 2461 424 2518 sibividetur
437 2461 627 2530 figmentum,
654 2464 687 2518 ut
711 2460 848 2517 videlicet
871 2460 980 2531 angeli,

151 2552 256 2622 boves,
271 2556 300 2608 ct
313 2550 424 2617 leones,
440 2552 469 2605 et
483 2548 601 2623 aquilae,
618 2552 646 2606 θῖ
657 2549 863 2622 equi,etrotae,
880 2553 982 2605 etcur-

1032 1756 1159 1824 utraque
1182 1754 1266 1823 parte
1296 1747 1473 1806 rationabile
1511 1747 1616 1805 ficret:
1647 1752 1679 1804 ut
1714 1763 1783 1821 per⁴
1800 1748 1865 1815 hoc,

1032 1838 1113 1912 quod
1139 1841 1277 1894 nostrum
1298 1842 1384 1906 essct,
1411 1838 1444 1893 id
1475 1842 1519 1894 est
1545 1837 1692 1894 familiare
1716 1840 1746 1893 et
1765 1839 1866 1907 cogni-

1033 1933 1098 1985 tum
1110 1927 1209 1999 nobis,
1221 1927 1338 1984 erudire
1352 1943 1415 1983 non
1425 1929 1543 2000 posset3
1559 1931 1588 1983 et
1606 1943 1660 2000 per
1688 1927 1758 1994 hoc,
1784 1925 1867 1999 quod

1034 2014 1193 2070 sublimius
1206 2018 1235 2071 θῖ
1243 2014 1364 2086 dignius
1378 2021 1465 2084 esset,
1473 2015 1674 2089 spiritualium
1682 2013 1867 2070 excellentie

1034 2108 1063 2160 et
1075 2104 1213 2175 dignitati
1224 2107 1446 2174 congrueret.Et
1470 2103 1734 2178 supermundanas
1760 2106 1865 2174 etiam,

1034 2193 1122 2250 idest
1136 2193 1308 2251 coelesteset
1329 2193 1499 2266 spirituales
1522 2193 1784 2250 manifestationes
1806 2208 1867 2249 non

1035 2282 1195 2339 deduceret
1210 2285 1240 2338 in
1248 2284 1491 2340 inconvenientes
1503 2282 1767 2340 dissimilitudines
1796 2299 1868 2356 que

1034 2372 1234 2430 madmodmn
1250 2371 1667 2446 istaedcscriptionesfaciunt;
1680 2374 1757 2445 quia
1770 2377 1869 2429 exter·

1033 2465 1114 2520 renis
1123 2467 1153 2519 et
1166 2462 1339 2518 novissimis
1353 2461 1488 2519 essentiis
1503 2461 1715 2517 similitudines
1726 2463 1868 2518 inconve-

1033 2553 1149 2609 nientes
1162 2555 1191 2607 θῖ
1202 2550 1363 2606 dissimiles
1374 2550 1464 2607 rebus
1478 2549 1683 2624 spiritualibus
1697 2549 1866 2606 adducunt.

151 2659 213 2710 rus,
230 2645 258 2698 et
272 2640 381 2712 throni,
393 2644 422 2695 θῖ
435 2643 542 2696 caetera
556 2638 731 2709 hujusmodi
753 2638 981 2695 introducantur

152 2736 181 2789 et
193 2729 386 2794 nominentur
401 2747 408 2784 :
421 2727 505 2801 quod
518 2727 684 2784 secundum
711 2726 805 2800 ipsius
833 2725 981 2783 existima·
1033 2730 1150 2784 tantmn
1165 2726 1366 2800 spiritualimn
1380 2727 1484 2798 figurae
1500 2727 1710 2796 formarentur,
1722 2744 1787 2784 non
1793 2728 1869 2784 lace

151 2819 264 2876 tionem
280 2817 420 2874 theatrale
435 2817 563 2882 videtur,
575 2819 603 2871 ct
618 2814 754 2872 theatrali
765 2815 936 2871 recitatione
952 2818 981 2870 et
1032 2821 1077 2873 ret
1091 2817 1234 2887 injuriam
1244 2819 1276 2872 in
1290 2815 1409 2873 divinas
1416 2819 1537 2874 virtutes
1562 2833 1624 2874 nen
1652 2819 1867 2874 convenientes

152 2908 287 2965 irrisione
301 2907 437 2978 dignum.
451 2904 542 2961 h'obis
555 2907 656 2961 autem
666 2903 714 2977 pie
725 2903 929 2974 sentientibus,
952 2906 980 2959 et
999 2943 1018 2999 C
1033 2904 1145 2963 formas
1160 2907 1203 2961 eis
1213 2905 1405 2963 attribuendo
1416 2925 1422 2964 :
1432 2907 1515 2980 quod
1526 2906 1622 2963 iacere
1635 2910 1680 2963 cst
1706 2906 1866 2979 injustum.

153 3001 230 3054 recte
245 2995 434 3053 credentibus
450 2994 491 3050 sic
506 2993 604 3049 dicere
619 2993 740 3061 durum,
755 2992 804 3048 vel
824 3006 914 3049 omne
939 2994 980 3047 sic
1034 2999 1067 3053 Et
1082 2994 1216 3069 aeqve,id
1229 2998 1281 3064 θεῖ,
1306 2995 1443 3052 similiter
1470 3013 1531 3053 non
1547 2995 1701 3052 seduceret
1728 2997 1866 3053 animum

153 3085 251 3143 dicare
264 3086 386 3156 durum,
399 3083 431 3139 id
443 3086 489 3138 est
501 3097 606 3138 omncs
622 3080 664 3137 sic
676 3081 759 3137 dures
787 3085 816 3137 et
842 3080 981 3137 inconve-
1033 3085 1609 3158 nostrum,sicutistaturpisetindecens
1623 3085 1767 3143 formatio
1782 3085 1866 3142 sedu-

152 3176 266 3234 nientes
280 3175 435 3245 dictiones,
450 3171 713 3244 etdescriptiones,
730 3170 813 3243 quod
835 3175 879 3227 est
893 3169 981 3244 quasi
1034 3177 1083 3244 cit,
1098 3180 1132 3232 ut
1145 3174 1244 3231 aliena
1256 3174 1293 3231 dc
1303 3174 1359 3230 illis
1369 3175 1529 3232 virtutibus
1544 3180 1572 3232 et
1590 3176 1719 3246 indigna
1746 3178 1865 3247 cogitet,

152 3266 308 3339 quoddam
322 3262 531 3333 angelicorum¹
548 3261 706 3317 nominum
730 3260 903 3328 theatrum;
934 3258 981 3316 vel
1033 3266 1108 3321 dum
1123 3280 1154 3320 se
1168 3265 1201 3320 in
1215 3265 1287 3320 istas
1298 3264 1472 3321 immundas
1486 3267 1598 3332 inserit,
1610 3265 1657 3323 vel
1665 3267 1778 3336 ingerit
1787 3282 1867 3322 com·

152 3354 177 3411 si
191 3355 340 3412 existimat
351 3353 398 3409 ifie
413 3352 454 3408 sic
468 3352 576 3420 dicere,
592 3350 623 3407 id
633 3354 677 3406 est
691 3349 732 3406 sic
746 3349 981 3406 dicendumesse
1033 3357 1214 3427 positiones:
1227 3371 1296 3427 quae
1309 3355 1346 3410 de
1360 3356 1434 3428 ipsis
1445 3355 1616 3411 indecenter
1630 3355 1716 3410 factae
1735 3358 1817 3410 sunt.
1835 3354 1867 3407 lit

151 3439 981 3516 hoc,inqu0dScripturafingitur,quasidurum,idestin-
1033 3443 1167 3500 fortassis
1182 3443 1281 3499 adhuc
1297 3442 1379 3500 aliud
1393 3443 1431 3500 de
1445 3444 1492 3500 his
1508 3443 1647 3518 turpibus
1670 3443 1867 3507 compositio·

152 3547 321 3588 consonum
335 3535 364 3586 et
376 3530 587 3587 inconveniens
607 3527 810 3598 angelicorum
820 3527 980 3584 nominum
1033 3531 1123 3587 nibus
1134 3530 1248 3587 malum
1263 3533 1428 3603 proveniat,
1443 3532 1527 3603 quod
1543 3530 1801 3589 existimabuntur
1819 3546 1867 3587 su·

152 3621 300 3676 theatrum
317 3634 380 3674 esse
398 3637 404 3673 :
421 3624 450 3674 et
463 3619 487 3673 si
505 3618 552 3674 ille
567 3617 656 3673 etiam
678 3616 718 3672 ait
740 3614 880 3671 debuisse
900 3617 978 3672 theo·
1033 3619 1219 3693 percoelestia
1232 3620 1348 3691 repleri,
1358 3619 1594 3693 velrepletaessc
1601 3620 1732 3676 leoninis
1739 3619 1865 3693 quibus·

150 3708 236 3788 logos
246 3704 667 3764 venientesveldescendentcs
682 3707 710 3758 ct
720 3718 906 3775 corpoream,
917 3702 978 3759 fac·
1032 3710 1114 3777 dam,
1124 3712 1153 3764 et
1163 3708 1582 3780 equinismultitudinibus‚id
1596 3713 1641 3766 est
1655 3724 1809 3782 equorum
1837 3711 1864 3764 et

151 3791 976 3862 turamidcstmaterialemfigurationem,universalitcr,
1032 3795 1163 3865 leonum,
1180 3800 1208 3853 ct
1222 3798 1369 3868 mugitiva
1383 3797 1509 3854 laudum
1523 3800 1668 3867 oratione,
1696 3801 1727 3854 et
1750 3795 1861 3855 volatili

127 3886 360 3942 ·idestomnino
374 3880 616 3954 incorporalium,
629 3879 978 3939 coetesuumviuelieetet
1032 3884 1209 3955 angelorum
1222 3887 1411 3959 praecipitatu
1426 3888 1517 3961 ;quia
1543 3886 1648 3959 figurae
1670 3886 1806 3955 leonum,
1836 3889 1862 3942 et

150 3971 485 4038 invisibilium,formare
500 3968 659 4037 ea,scilicet
671 3968 872 4039 invisibilia,et
883 3971 977 4028 mani·
1032 3991 1189 4048 equorum,
1207 3981 1236 4032 et
1247 3975 1352 4050 boum,
1372 3980 1401 4033 θῖ
1412 3979 1523 4046 avium,
1540 3992 1671 4050 quorum
1694 3979 1808 4047 rugire,
1835 3978 1862 4031 et

149 4060 266 4129 festare,
289 4062 437 4133 qnantum
460 4057 603 4131 possibile
627 4059 668 4114 eis
689 4063 767 4116 esset
789 4060 918 4132 propriis
948 4065 977 4117 et
1032 4065 1160 4134 hinnire,
1176 4064 1861 4140 etvolereest,etquiueumlaudarenonpos-

150 4149 284 4221 cognatis
298 4145 538 4219 figurationibus,
554 4146 585 4204 id
595 4153 640 4205 est
653 4141 941 4206 inconvenientibus
950 4153 979 4207 ot
1032 4158 1102 4211 sunt
1120 4155 1178 4210 nisi
1190 4155 1364 4226 mugiendo,
1376 4154 1424 4211 vel
1434 4155 1590 4225 rugiendo,
1607 4154 1861 4226 angelistribnun·

150 4239 296 4296 similibus
307 4236 537 4309 figuraiifflllbus
553 4238 681 4310 sumptis
694 4238 776 4311 apud
790 4254 856 4304 110³,
878 4239 909 4295 id
934 4243 976 4295 θεῖ
1032 4249 1088 4301 tur.
1105 4249 1139 4302 Et
1159 4245 1410 4303 existimabuntur
1435 4248 1502 4318 ipsa
1521 4245 1652 4303 coelestia
1675 4260 1739 4302 non
1764 4244 1859 4302 solnm

149 4329 225 4387 inter
237 4328 364 4386 visibilia
378 4326 434 4385 ista
446 4344 483 4384 ex
495 4326 725 4401 pretiosissimis,
740 4326 786 4382 vel
799 4328 925 4400 sumptis
941 4345 977 4383 en
1030 4333 1088 4402 his,
1104 4333 1157 4390 scd
1172 4336 1262 4391 etiam
1275 4334 1342 4390 aliis
1359 4334 1542 4392 animalibus
1562 4338 1590 4392 et
1616 4336 1753 4392 materiis
1779 4336 1861 4405 igno·

149 4417 370 4493 pretiosissimis
386 4415 468 4490 apud
482 4432 548 4485 nos,
563 4417 620 4473 hoc
631 4420 676 4473 θεῖ
687 4432 724 4472 ex
736 4415 789 4484 eis,
818 4431 885 4488 quac
912 4432 977 4490 pre·
1029 4420 1199 4491 bilioribus,
1215 4426 1249 4478 ut
1261 4422 1463 4493 vermibus,et
1473 4422 1665 4492 carbonibus,
1683 4427 1712 4479 et
1725 4422 1795 4481 aliis
1807 4423 1861 4478 hu·

149 4508 309 4565 tiosissima
322 4511 392 4564 sunt
414 4506 495 4580 apud
513 4521 592 4574 nos;
619 4509 648 4562 θῖ
675 4521 712 4561 ex
730 4504 977 4563 immaterialibus
1028 4511 1173 4584 J‘usmodi,
1187 4528 1255 4584 quae
1268 4528 1322 4586 per
1335 4513 1465 4583 figuram
1482 4513 1519 4569 de
1546 4511 1755 4587 spiritualibus
1782 4513 1861 4570 dicta

147 4596 374 4671 quoquomodo,
391 4595 422 4651 id
438 4599 482 4652 est
496 4611 533 4651 ex
547 4594 599 4662 eis,
621 4610 689 4667 quae
718 4610 852 4667 quoquo,
881 4594 913 4651 id
933 4599 978 4651 est
1030 4601 1223 4658 inveniuntur
1234 4600 1355 4673 repleta,
1372 4605 1517 4673 tanquam
1531 4601 1657 4673 reclusa,
1673 4599 1705 4657 id
1720 4605 1768 4658 est
1781 4605 1862 4675 pate·

149 4684 272 4757 aliquod
286 4683 378 4740 mcdo
390 4681 600 4738 immaterialia
613 4698 678 4738 esse
693 4682 870 4740 videnturet
881 4683 977 4740 incor-
1029 4686 1117 4756 facta,
1133 4691 1162 4744 et
1176 4690 1279 4760 aperta
1288 4689 1347 4743 sint
1353 4689 1420 4760 ipsa
1426 4687 1566 4757 coelestia,
1578 4689 1617 4745 ad
1625 4690 1860 4762 inconsequens,

148 4773 274 4848 poralia,
288 4771 512 4828 sicutvidelicet
529 4771 591 4839 lux,
607 4776 636 4828 et
655 4771 741 4843 ignis,
771 4777 799 4828 ct
824 4772 974 4846 splendor,
1030 4777 1060 4831 id
1076 4781 1120 4832 est
1133 4777 1346 4833 inconveniens
1356 4779 1386 4833 et
1398 4776 1540 4847 ignobile,
1556 4782 1583 4834 θῖ
1594 4777 1736 4851 possibile
1768 4794 1863 4851 supra

1034 2643 1094 2697 iioc
1110 2639 1326 2708 etiam,idestsi
1335 2639 1511 2712 expulchris
1524 2643 1552 2695 et
1570 2637 1750 2695 decentibus
1762 2638 1868 2694 formis

32 4890 35 4901 ·
149 4866 178 4921 ct
192 4861 283 4930 calor,
300 4866 329 4918 et
341 4864 446 4917 caetera
465 4861 659 4932 hujusmodi:
680 4878 758 4934 qnae,
786 4879 857 4919 cum
885 4866 976 4920 matc-

148 4952 232 5011 rialia
253 4950 320 5020 sint,
346 4949 522 5023 corporalia,
551 4950 680 5007 multum
703 4955 803 5007 tamen
832 4950 976 5025 spirituali

148 5047 264 5099 natura
275 5039 434 5097 subtilitate
457 5044 486 5096 et
510 5039 635 5113 puritate
662 5039 916 5113 appropinquant.
947 5040 976 5097 Si

148 5148 219 5202 ergo
234 5130 369 5188 dicatille
380 5146 417 5185 cx
431 5129 465 5184 iis
479 5127 707 5202 pretiosissimis,
722 5131 750 5183 ct
768 5128 868 5201 aliquo
883 5129 975 5186 modo

146 5220 394 5279 immaterialibus
410 5223 438 5275 et
457 5216 747 5293 supereminentibus
761 5218 894 5274 essentiis
925 5219 975 5275 de-

146 5308 218 5366 here
232 5310 388 5380 theologos
402 5307 566 5381 sumpsisse
576 5307 689 5376 figuras
704 5321 819 5373 eorum,
835 5322 902 5378 quae
912 5323 975 5363 om-

147 5398 219 5451 nino
232 5399 428 5471 incorporalia
453 5401 530 5459 sunt..
547 5400 580 5451 ut
602 5412 656 5468 per
670 5411 786 5468 ea,spue
803 5394 974 5451 fcreimma-

147 5484 260 5540 ferialia
269 5487 501 5560 ctincorporalia
512 5490 660 5554 suut,vcrc
677 5485 875 5558 incorporalia
885 5485 973 5555 signi-

146 5573 315 5630 ficarentur.
333 5576 390 5633 Etsi
405 5577 504 5633 adhuc
518 5576 597 5633 dicat
610 5592 673 5634 non
686 5576 795 5634 debere
807 5576 973 5649 circumpo-

1030 4866 1077 4933 sit,
1088 4869 1121 4921 nt
1133 4865 1282 4937 ejusmodi
1295 4865 1492 4923 admittantur
1506 4868 1538 4924 iu
1553 4883 1598 4936 ca,
1612 4866 1659 4923 vel
1687 4870 1716 4923 ct
1729 4868 1863 4940 passibi-

1029 4955 1067 5024 le,
1082 4954 1170 5011 idest
1185 4956 1388 5028 corruptibile.
1402 4959 1436 5014 Et
1447 4958 1511 5015 haec
1526 4958 1650 5031 quidem
1671 4959 1780 5016 omnia
1801 4959 1864 5015 cxi-

1030 5043 1240 5112 stimabuntur,
1255 5044 1330 5101 dum
1343 5045 1562 5115 describuntur,
1579 5046 1794 5104 similitudines
1800 5065 1865 5106 ma·

1029 5132 1268 5190 niicstativorum
1281 5133 1469 5207 eloquiorrun
1482 5153 1489 5191 :
1502 5150 1579 5207 quas
1594 5135 1632 5192 ad
1642 5135 1866 5195 manifestatio-

1029 5238 1099 5278 nem
1112 5221 1232 5295 etoquia
1249 5227 1423 5296 proponunt
1446 5224 1533 5293 clare,
1562 5224 1594 5279 id
1619 5229 1664 5281 cst
1686 5226 1862 5298 manifeste,

1029 5310 1188 5368 deformes.
1203 5313 1233 5368 Si
1247 5314 1294 5368 cui
1306 5328 1377 5382 crgo
1391 5313 1448 5370 hoc
1464 5318 1559 5371 toturn
1571 5314 1708 5372 videatur
1739 5320 1787 5384 (ut
1800 5317 1863 5374 huc

1027 5416 1123 5472 usque
1138 5400 1268 5471 pendeat
1282 5405 1437 5470 sententia,
1453 5406 1481 5458 ct
1494 5403 1617 5458 demum
1637 5406 1678 5459 ita
1701 5405 1863 5477 inferatur)

1027 5494 1056 5544 et
1076 5488 1201 5561 quidem
1211 5489 1252 5544 ita
1265 5491 1369 5563 videri,
1382 5493 1461 5548 solas
1474 5492 1584 5548 seilicet
1597 5491 1739 5564 pulchras
1753 5499 1786 5551 ct
1813 5513 1863 5551 ex-

1026 5578 1163 5636 cellentes
1178 5579 1292 5652 species
1307 5580 1517 5652 spiritualium,
1533 5584 1561 5638 θῖ
1575 5581 1749 5640 divinorum
1764 5585 1862 5655 signi-
