3832 6044
32 171 36 178 ·
59 150 114 206 473
428 149 655 215 QUAES'llONES
676 153 708 207 {a
728 147 918 209 trisceles
936 150 1048 212 raeti.
1069 182 1104 192 -
1124 156 1157 209 lN
1182 155 1234 212 ΕΡ.
1255 158 1302 213 An
1321 159 1404 216 eorl.
1717 168 1770 222 474
1869 179 1873 188 ’

60 276 207 345 peceato:
234 272 333 328 nullus
347 272 426 328 euim
445 290 581 346 unquam
594 275 635 330 sio
661 274 763 330 dilexit
785 286 890 344 peeca-
909 275 933 329 A
948 274 1038 345 mala,
1054 277 1106 332 sed
1118 277 1216 347 bona;
1233 296 1287 337 nee
1308 286 1351 339 est
1363 298 1454 340 eausa
1468 282 1593 357 peceati,
1606 284 1660 341 etsi
1672 285 1771 345 videa·

61 368 137 432 tum,
153 366 186 418 ut
201 378 256 434 pro
268 379 304 418 eo
320 378 381 417 nou
394 363 509 419 timeret
530 364 616 419 mori.
640 364 696 420 Sed
712 379 781 419 eum
797 362 890 417 simus
949 368 995 419 tur
1009 366 1137 424 occasio.

60 450 149 523 proni
161 450 202 507 ad
214 450 339 523 malum,
355 451 438 523 quod
451 450 484 507 fit
496 452 558 508 siue
571 452 673 508 labore
683 456 713 507 θῖ
721 451 804 507 omni
816 447 891 504 diffl-
983 457 1110 521 Quesrro
1134 462 1228 516 CLXX.
1257 463 1334 518 Nara
1362 465 1630 533 concupiscentiam
1663 466 1770 522 nescie-

61 538 180 609 eultate,
196 538 319 610 iusuper
334 555 404 594 cum
419 555 531 609 magua
551 540 693 596 suavitate
708 538 893 596 etimmode-
947 544 1024 616 ham,
1041 549 1096 603 etc,
1128 550 1274 614 Quarum
1299 552 1336 608 de
1359 569 1421 625 qua
1447 554 1688 627 concupiscentia
1712 555 1770 611 hoe

58 632 126 684 rata
140 628 347 700 delectatione,
362 628 401 683 ad
415 627 531 684 honum
554 646 626 685 vero
651 630 727 686 tardi
752 633 781 685 θῖ
804 627 891 700 pigri,
947 634 1026 690 dicat
1037 638 1205 711 Apostolus,
1223 643 1256 697 Εῖ
1266 642 1370 699 dicunt
1380 643 1528 715 doctores,
1542 643 1626 716 quod
1649 643 1770 718 deque

59 717 144 789 quod
159 716 337 773 nonlitnisi
352 733 421 775 eum
446 734 557 787 magno
583 718 695 792 labore,
723 723 751 775 θῖ
780 718 892 787 ingenti
946 725 1121 795 prohibetur
1132 726 1162 783 in
1178 730 1335 800 decalogo.
1363 734 1402 786 De
1426 748 1487 804 qua
1502 733 1608 789 iterum
1626 733 1770 806 queritur

59 806 245 877 difficultate,
264 811 291 862 et
302 823 381 878 sepe
397 807 515 867 modica
526 808 573 863 vel
584 808 668 864 nulla
678 808 889 875 delectation03
946 829 1013 883 que
1027 814 1076 871 illa
1089 816 1292 874 sithomine
1308 820 1388 876 enim
1402 822 1648 893 concupiscentie
1673 838 1770 895 quan·

59 897 133 969 qiua
147 897 201 952 iter
226 896 370 952 virtutum
394 897 523 955 arduum
551 902 580 953 et
593 898 714 969 durum,
729 902 844 954 aretum
864 899 892 950 θῖ-
945 905 1044 975 doque
1057 905 1241 973 significatur
1256 908 1361 965 vitium
1380 911 1637 982 concupiscentie,
1661 911 1770 968 seilicet
1865 908 1867 913 ’

37 992 237 1055 ‘origustum
944 992 1038 1049 lomes
1066 995 1198 1067 peccati;
1225 998 1409 1072 quandoque
1440 1000 1555 1072 primus
1581 1004 1689 1070 motuS,
1717 1001 1769 1073 qui

96 1077 224 1141 Ouesrro
240 1078 348 1131 CLXVl.
372 1075 428 1131 Sed
455 1076 598 1149 queritur
625 1076 780 1149 quomodo
810 1076 889 1132 dieat
944 1082 1051 1138 dicitur
1065 1087 1222 1158 propassio
1239 1106 1245 1156 ;
1265 1088 1449 1162 quandoque
1479 1087 1629 1145 secundus
1657 1091 1767 1161 molus,

58 1165 218 1237 Apostolus
234 1182 297 1219 esse
317 1166 486 1221 humanum
500 1170 581 1221 tanto
607 1183 720 1238 amore,
747 1170 888 1239 tantaque
943 1171 995 1242 qui
1010 1171 1117 1229 dicitur
1130 1176 1240 1247 passio,
1257 1176 1304 1232 vel
1317 1176 1489 1246 delectatio;
1502 1178 1685 1252 quandoque
1700 1192 1769 1234 eon-

58 1254 253 1311 delectatione
267 1255 375 1311 seruire
393 1256 523 1327 justitie,
540 1260 653 1329 quanto
672 1256 755 1329 prius
771 1255 887 1310 serviri·
944 1277 1048 1316 sensus
1061 1281 1067 1331 ;
1081 1266 1265 1339 quandoque
1279 1267 1405 1323 exterior
1419 1272 1564 1335 conatus;
1588 1283 1681 1340 quam
1696 1283 1767 1337 ergo
1803 1310 1807 1316 .

58 1360 128 1399 mus
139 1343 297 1416 iniquitati,
309 1349 378 1400 c'um
391 1345 448 1400 hoe
462 1345 597 1401 videatur
609 1362 672 1401 esse
686 1344 850 1419 perfeetum
861 1350 889 1400 et
941 1350 1079 1421 prohibet
1090 1355 1137 1408 lex
1155 1355 1257 1411 (licens
1273 1375 1279 1411 :
1294 1358 1360 1413 Non
1374 1359 1561 1426 conccupisces
1573 1356 1670 1427 (lota.)
1687 1356 1768 1413 Solu-

28 1442 30 1444 ·
58 1434 328 1492 consummatum?
353 1434 474 1490 Solulio.
491 1438 538 1490 Est
552 1435 675 1507 quidem
686 1450 790 1490 verum
805 1435 887 1506 quod
940 1439 989 1494 tio.
1005 1444 1037 1495 ln
1053 1444 1246 1514 responsione
1261 1446 1350 1517 hujus
1362 1445 1535 1518 questionis
1550 1443 1685 1500 moderni
1698 1443 1767 1500 doe-

57 1522 333 1604 quandoviclemus
349 1524 480 1596 aliquem
509 1540 610 1580 amore
634 1524 741 1579 serrire
756 1525 885 1595 justitie,
941 1532 1018 1583 tores
1037 1529 1223 1588 dissentiunt.
1251 1534 1305 1588 Alii
1319 1535 1399 1589 enim
1427 1535 1540 1599 dicunt,
1556 1521 1767 1610 quodlprir'nos

56 1612 187 1667 dicimus
211 1613 294 1685 quod
309 1613 456 1686 perlectus
483 1619 535 1679 θεῖ,
550 1614 681 1669 maxime
694 1614 723 1669 iu
739 1615 797 1669 hoc
814 1619 887 1670 tcm-
905 1623 926 1676 B
940 1623 1038 1672 motus
1051 1620 1189 1692 prohibet
1200 1622 1246 1677 lex
1260 1642 1266 1691 ;
1279 1623 1328 1679 alii
1340 1639 1412 1679 vero
1426 1624 1530 1679 dicunt
1543 1623 1627 1695 quod
1645 1637 1766 1678 eonsen-

56 1718 131 1775 pore
144 1703 267 1776 quando
282 1703 388 1759 deiecit
401 1710 521 1760 sancius
538 1723 544 1759 :
571 1709 670 1760 lamen
686 1709 834 1777 quantum
847 1705 885 1760 ad
940 1723 1024 1776 sum;
1054 1708 1103 1765 alii
1118 1710 1159 1765 sic
1172 1717 1326 1784 exponunt
1341 1732 1347 1767 ε
1371 1717 1434 1769 Xon
1461 1712 1664 1786 concupisces,
1677 1710 1708 1766 id
1723 1714 1767 1766 θεῖ

55 1792 156 1863 ipsam
168 1793 332 1865 veritatem,
345 1793 534 1864 imperfectus
545 1798 598 1864 est,
611 1794 667 1849 nisi
676 1794 764 1850 etiam
778 1809 832 1866 pro
838 1794 884 1864 ju-
939 1797 1012 1852 scito
1036 1800 1308 1872 concupiscentiam
1333 1802 1455 1874 malam,
1472 1806 1659 1875 etqnautum
1681 1803 1765 1873 potes

56 1881 135 1936 stitia
150 1883 617 1956 nonsolumcetera,se‹lipsarn
628 1887 883 1956 quoquernortcm
939 1887 1047 1956 devita,
1074 1888 1167 1946 etita
1192 1891 1359 1947 secundum
1384 1891 1442 1948 hoc
1482 1890 1554 1947 nihil
1579 1888 1763 1963 prohibetur.

56 1974 238 2027 contemnat.
255 1971 368 2027 Adulte
384 1972 578 2044 [adulterine]
605 1989 676 2042 orgo
699 1972 828 2043 justitie,
856 1978 885 2028 ct
940 1977 995 2032 Sed
1009 1978 1156 2051 quidquid
1173 1980 1339 2036 continetur
1352 1981 1382 2036 in
1405 1981 1561 2048 bernego,
1575 1978 1622 2033 vel
1635 1992 1765 2050 preeep

54 2076 117 2116 non
131 2060 268 2132 perfecte
285 2066 329 2118 est
357 2078 458 2118 amore
482 2063 578 2119 faeere
607 2066 789 2136 preceptum
815 2078 884 2117 cunr
939 2072 1002 2121 turn
1018 2073 1070 2138 cst,
1085 2069 1327 2142 velprolribitio:
1357 2070 1436 2125 unde
1454 2072 1578 2142 oportet,
1594 2071 1627 2122 ut
1652 2065 1765 2138 aliquid

54 2150 210 2221 proposito
225 2152 371 2208 moriendi
387 2169 441 2225 pro
457 2155 580 2226 Christo,
596 2153 648 2209 etsi
668 2153 805 2209 nondum
820 2157 882 2207 tan·
937 2157 1131 2229 prohibeatur
1146 2176 1215 2215 cum
1227 2159 1334 2215 (licitur
1351 2177 1357 2215 :
1374 2162 1438 2215 Non
1463 2157 1666 2229 concupisces.
1694 2154 1763 2227 dle,

54 2245 118 2294 tam
133 2239 243 2297 habeat
260 2242 432 2298 charitatem
462 2243 507 2298 rel
532 2242 730 2299 constantiam
760 2258 796 2296 ex
821 2257 883 2313 qua
936 2245 988 2317 qui
1003 2247 1211 2320 dieunt‚quod
1228 2265 1392 2304 consensus
1408 2247 1610 2321 prohibeatur,
1632 2245 1673 2300 sie
1691 2243 1764 2315 obji-

54 2329 149 2401 possit
162 2329 260 2401 ipsam
276 2336 402 2388 mortem
418 2333 572 2403 sustinere,
587 2333 681 2388 eliste
697 2331 808 2400 gradus
825 2331 883 2387 sul·
937 2335 1021 2409 citur,
1036 2337 1193 2409 Apostolus
1205 2337 1276 2393 dicit
1290 2355 1296 2392 ε
1312 2339 1404 2393 Facio
1417 2337 1497 2408 qrcod
1509 2337 1588 2406 noto,
1612 2335 1638 2389 si
1664 2338 1762 2389 eutem

53 2418 117 2474 ficit
139 2419 332 2491 adsalutem,
348 2426 377 2477 θῖ
397 2423 542 2490 erinitum
572 2421 882 2495 quiasineeonullus
937 2425 1066 2481 troecst:
1091 2428 1241 2483 consentio
1258 2428 1315 2497 lenz
1331 2443 1391 2482 uon
1405 2421 1762 2496 faciendo,sectnolcndo
1857 2419 1859 2422 ’

54 2513 98 2563 θεῖ
110 2509 221 2578 dignus
234 2510 338 2579 gloria.
352 2512 566 2568 Perfectevero
575 2511 693 2583 justitie
707 2514 735 2566 θῖ
745 2528 884 2566 consum·
936 2515 1029 2586 (ibid.)

54 2604 145 2653 mate
159 2604 203 2654 est
219 2605 335 2657 tautum
348 2601 691 2674 virtutemhahere‚que
704 2601 831 2657 sufficiat
845 2602 884 2659 ad
972 2605 1098 2669 Quesrro
1112 2607 1219 2660 CLXXl.
1247 2605 1393 2670 Queritur
1419 2619 1490 2672 crgo
1517 2602 1591 2674 quid
1616 2600 1691 2656 illud
1714 2599 1759 2671 sit,

54 2688 241 2745 tolerandam
257 2694 384 2746 mortem
396 2706 452 2762 pro
466 2692 588 2747 veritate
598 2696 627 2747 et
639 2707 741 2748 amore
750 2691 880 2762 justitie.
936 2693 1017 2766 quod
1030 2693 1075 2748 lex
1091 2693 1238 2766 prohibet,
1258 2698 1285 2750 et
1300 2693 1458 2767 Apostolus
1468 2751 1470 2755 ,
1482 2691 1587 2748 nolens
1614 2687 1763 2745 iaciebat?

55 2779 187 2833 Primum
203 2780 331 2848 gradum
344 2781 485 2837 habuisse
501 2781 582 2837 visus
595 2785 746 2838 estPetrus
757 2783 881 2854 quando
936 2782 1045 2838 sedisti
1059 2783 1163 2838 dicunt
1187 2783 1270 2856 qnod
1291 2798 1473 2839 consensum
1487 2781 1536 2837 lex
1548 2777 1696 2853 prohihet,
1710 2775 1763 2851 sed

53 2866 194 2924 dicebat:
223 2870 262 2924 Et
274 2872 302 2924 si
315 2873 479 2939 oportuerit
493 2887 537 2927 mc
550 2873 627 2927 mori
641 2878 745 2939 tecam,
772 2888 831 2928 non
854 2879 883 2927 te
936 2877 1051 2928 constat
1070 2872 1152 2945 quod
1168 2873 1326 2946 Apostolus
1341 2888 1403 2929 non
1425 2869 1629 2927 consentiebat
1646 2863 1720 2941 quia
1738 2865 1763 2920 si

53 2958 169 3026 rceqaho
182 2959 301 3028 (dietih.
317 2961 405 3032 εκεῖ).
423 2961 561 3016 Nondum
576 2978 646 3016 vero
660 2961 766 3018 hahuit
777 2978 881 3018 secun·
900 2971 921 3034 c
936 2962 1113 3017 consentiret
1127 2962 1387 3036 concupiscentie,
1402 2960 1484 3016 nullo
1510 2958 1602 3015 modo
1623 2954 1681 3025 legi
1694 2970 1763 3010 con-

52 3045 140 3119 dum,
157 3064 247 3119 quem
259 3055 437 3105 consecutus
452 3055 496 3105 est
509 3067 562 3123 per
574 3050 736 3108 adrentum
757 3052 880 3124 Spiritus
934 3051 1062 3123 sentiret,
1078 3051 1130 3106 sed
1145 3057 1327 3108 contrusam
1340 3053 1449 3121 ageret.
1466 3045 1648 3117 Augustinus
1661 3047 1761 3100 autern

52 3137 161 3192 saneti.
934 3141 1061 3197 ostendit
1076 3144 1175 3213 aperte
1190 3140 1265 3212 quid
1280 3141 1325 3212 sit,
1340 3140 1423 3213 quod
1444 3134 1604 3211 Apostolus
1628 3131 1760 3200 nolebat,

92 3245 221 3309 Qresno
235 3248 354 3304 CLXVll.
376 3249 683 3306 Viventeviromutier
696 3250 825 3319 altipeta
836 3256 879 3307 cst
934 3235 962 3285 θῑ
980 3233 1080 3286 ’ῘᾶΠῙθῐὶ
1095 3228 1231 3284 fassiflbflt·
1248 3232 1359 3286 uotum
1374 3227 1485 3282 scillsssst
1496 3313 1501 3324 Ι
1512 3216 1760 3320 ⁰⁰1¹⁰Ul>i⁸⁰01¹fiffl

52 3334 118 3401 tene
133 3335 194 3390 oiri
207 3335 300 3406 (Rom.
317 3339 375 3408 ru),
391 3342 445 3392 ete.
463 3338 609 3404 Queritur
627 3338 665 3394 de
680 3339 773 3395 David
785 3342 814 3395 et
826 3357 880 3396 ce·
934 3319 1087 3390 sentiebat,
1102 3317 1154 3374 80⁴1
1170 3322 1269 3373 “lmen
1284 3333 1344 3372 non
1371 3311 1583 3381 consentiebat,
1612 3323 1672 3364 ¹11¹0
1699 3319 1761 3360 ¹¹0¹¹

50 3421 120 3477 teris
133 3424 231 3495 justis,
245 3441 284 3480 an
296 3425 360 3495 lege
376 3427 501 3493 vivente,
515 3426 545 3482 id
561 3432 604 3483 est
616 3431 726 3483 statum
739 3428 878 3498 habente,
935 3408 1040 3464 semim
1052 3407 1179 3509 fiebant·
1195 3407 1277 3463 Unde
1299 3405 1390 3506 li‘lUOi
1414 3402 1496 3476 quod
1520 3415 1633 3475 Pl¹m⁰³
1661 3397 1760 3453 ¹¹¹⁰t¹¹⁸

51 3516 222 3569 tenerentur
233 3514 331 3584 legem
344 3532 472 3586 servare,
488 3520 516 3571 et
529 3533 567 3572 an
582 3517 701 3573 dicendi
716 3522 785 3574 sunt
797 3518 879 3575 adul·
936 3502 1183 3571 ⁰0¹¹⁰¹¹P¹⁵⁰ffl¹¹¹ae
1195 3497 1242 3553 lex
1255 3495 1403 3570 Pl'Ohlbet·

50 3602 114 3668 teri,
131 3604 203 3675 quia
218 3604 337 3660 luerunt
350 3623 419 3661 curn
433 3606 502 3676 alio,
517 3607 603 3661 idest
618 3624 687 3663 eum
710 3607 833 3680 Christo,
848 3608 878 3665 in
971 3609 1100 3672 eresrro
1116 3608 1225 3662 CLXXll
1252 3604 1309 3663 Sed
1320 3603 1463 3677 queritur
1484 3601 1591 3658 iterum
1617 3611 1670 3653 eur
1683 3597 1760 3651 Deus

50 3708 143 3764 quern
159 3694 329 3764 credebant,
347 3701 374 3751 θῖ
389 3713 407 3751 a
428 3712 489 3767 quo
502 3695 658 3766 justificari
677 3698 878 3769 querebant?
934 3695 1086 3769 prohibuit
1099 3695 1182 3769 quod
1197 3711 1286 3751 nemo
1301 3709 1437 3766 unquam
1449 3691 1541 3747 vitare
1552 3682 1760 3763 potuittvide·

52 3781 176 3838 Solutio.
193 3786 249 3839 lex
261 3785 385 3856 quidem
410 3785 491 3854 justo
504 3785 600 3858 posita
612 3802 673 3841 non
688 3791 741 3858 est,
754 3803 822 3859 que
835 3793 880 3844 est
934 3789 982 3841 tur
996 3785 1076 3841 enim
1088 3785 1136 3840 lex
1147 3800 1209 3840 non
1225 3784 1323 3840 solum
1336 3782 1466 3855 inutilis,¹
1480 3779 1532 3836 sed
1547 3778 1638 3835 etiam
1648 3772 1761 3836 irratio·

51 3871 137 3943 qnasi
151 3873 326 3944 pedagogus
342 3874 556 3946 parvulorum
586 3880 684 3932 tamen
703 3876 796 3932 David
809 3893 878 3933 curn
934 3874 1052 3945 nabide,
1061 3874 1145 3946 quod
1152 3873 1308 3929 interdicat
1316 3872 1399 3945 quod
1409 3875 1453 3927 est
1462 3865 1646 3942 impossibile
1655 3862 1758 3919 vitare.

35 3962 164 4018 ,ceteris
174 3963 261 4033 justis
274 3963 451 4019 tenebantur
474 3964 571 4036 legera
594 3966 741 4022 custodire
759 3971 880 4039 propter
935 3967 1056 4037 Propter
1068 3964 1145 4019 hanc
1161 3963 1307 4020 rationem
1326 3962 1432 4019 nolunt
1456 3955 1588 4033 predicti
1611 3953 1759 4023 doctores,

49 4051 127 4123 illos,
141 4053 252 4124 quibus
264 4055 310 4109 lex
324 4059 386 4109 erat
398 4055 564 4110 necessaria
575 4071 612 4110 ne
625 4072 729 4112 eorum
742 4056 879 4129 exemplo
933 4053 1017 4126 quod
1028 4052 1075 4108 lex
1089 4052 1202 4125 primos
1213 4057 1312 4108 motus
1320 4049 1486 4124 prohibeat.
1499 4046 1612 4114 Quibus
1623 4040 1760 4113 objicitur

49 4158 118 4197 eam
132 4143 418 4211 transgrederentur.
435 4147 491 4198 Nee
504 4143 576 4214 quia
592 4144 783 4201 cnmChristo
795 4149 880 4202 erant
935 4143 994 4199 sic:
1013 4147 1115 4198 Nonne
1142 4142 1190 4197 lex
1216 4140 1357 4214 precepit
1382 4139 1503 4207 diligere
1532 4139 1626 4192 Deum
1647 4148 1684 4187 ex
1699 4133 1759 4186 toto

48 4247 104 4303 per
116 4230 207 4286 tidem
222 4235 249 4286 et
261 4232 460 4303 dilectionem,
470 4232 588 4287 dicendi
597 4237 665 4288 sunt
676 4233 816 4290 adulteri:
827 4234 879 4289 sed
934 4231 1045 4287 eorde?
1070 4231 1126 4288 Sed
1146 4231 1203 4286 hoe
1219 4233 1413 4303 preceptum,
1439 4230 1471 4282 ut
1483 4223 1554 4280 dicit
1565 4219 1758 4318 Augustinus,

48 4319 72 4376 si
97 4321 292 4376 sacramentis
318 4320 463 4390 legalibus
489 4322 676 4393 contemptis,
689 4322 753 4392 jam
780 4339 877 4380 sacra·
896 4319 920 4374 ll
933 4337 1022 4377 nemo
1037 4321 1067 4377 in
1081 4318 1217 4393 presenti
1226 4321 1320 4391 potest
1332 4314 1512 4388 adimplere:
1526 4311 1549 4365 si
1565 4324 1636 4378 ergo
1647 4305 1760 4404 ahquid

48 4415 152 4466 menta
165 4411 237 4466 Nori
251 4411 429 4467 Testamenti
442 4411 628 4467 introducere
650 4419 875 4485 presumerent,
933 4411 1113 4483 precipitur,
1127 4407 1210 4480 quod
1224 4423 1285 4463 non
1300 4403 1435 4461 vedethie
1464 4418 1482 4457 a
1506 4412 1661 4472 quoquam
1684 4393 1757 4460 sserr,

48 4505 120 4556 tunc
137 4499 263 4556 adulteri
277 4501 456 4556 viderentur.
933 4500 1006 4571 quid
1019 4499 1130 4555 mirum
1143 4497 1167 4551 si
1188 4495 1261 4569 quid
1274 4493 1448 4568 prohibetur
1475 4487 1557 4562 quod
1587 4500 1647 4541 non
1662 4485 1760 4557 potest
1822 4500 1825 4504 ’
1904 4531 1907 4540 .

87 4610 217 4674 Qresrro
234 4611 368 4665 CLXVlll.
385 4610 459 4664 Cum
475 4626 552 4665 emm
582 4626 707 4666 cssernns
731 4611 761 4665 in
788 4627 878 4667 carne
933 4589 1040 4645 Vitari?

45 4699 201 4768 passiones
213 4704 414 4769 peccatoram,
438 4703 492 4755 ete.
522 4700 667 4765 ereritur
693 4701 766 4772 quid
794 4705 879 4756 vocet
968 4697 1097 4761 Qresrro
1113 4694 1244 4749 CLXXlll.
1259 4689 1405 4757 Queritur
1423 4704 1494 4758 ergo
1507 4701 1600 4760 quare
1614 4687 1691 4742 Deus
1713 4681 1759 4739 vel

48 4787 217 4860 passiones,
234 4804 272 4842 an
289 4788 402 4860 primos
418 4793 527 4859 motus,
542 4806 580 4845 nn
596 4790 708 4862 aliquid
723 4790 813 4847 aliud.
828 4792 878 4847 So·
932 4784 1084 4860 prohibuit
1098 4783 1180 4856 quod
1194 4798 1256 4838 non
1269 4784 1366 4855 potest
1376 4779 1471 4850 vitari,
1480 4778 1527 4834 vel
1535 4775 1669 4851 precipit
1677 4773 1760 4848 quod

47 4877 132 4933 lutio.
148 4879 244 4933 Potest
262 4876 330 4948 dici,
358 4878 441 4949 quod
468 4879 723 4951 concupiscentias
748 4880 876 4950 innatas,
932 4892 993 4931 nou
1004 4874 1082 4931 valet
1094 4872 1261 4945 adimpleri.
1275 4871 1395 4927 Videtur
1405 4869 1485 4925 enirn
1497 4864 1759 4936 er·udeliS,relnon

47 4983 118 5039 que
134 4971 203 5022 sunt
216 4983 307 5022 causa
320 4968 444 5038 precanti,
459 4972 487 5024 et
502 4968 579 5023 iniis
598 4968 649 5039 qui
677 4983 738 5024 non
765 4970 876 5025 suntin
933 4982 1048 5038 equus,
1062 4962 1182 5020 Solulio.
1200 4961 1406 5035 Utsuperbum
1419 4957 1598 5037 humiliaret,
1608 4958 1636 5010 θῖ
1646 4966 1759 5009 cecum

48 5055 175 5123 Christo,
192 5056 281 5112 etiarn
301 5056 425 5112 mortale
440 5061 606 5128 peceatum.
621 5056 670 5112 Vel
685 5057 798 5129 primos
813 5076 876 5114 mo·
932 5056 1153 5123 iduminaret,et
1162 5051 1204 5108 sic
1215 5052 1340 5121 dignmn
1351 5051 1390 5108 ad
1401 5050 1526 5120 gratiam
1538 5041 1759 5115 suscipiendam
1803 5074 1815 5094 .

47 5149 107 5216 tus,
123 5145 176 5217 qui
191 5161 251 5200 non
267 5146 453 5217 imputantur
466 5146 575 5201 renatis
588 5165 594 5213 3
609 5146 694 5219 {quos
708 5146 776 5203 ideo
790 5154 878 5204 vocat
931 5147 1122 5219 prepararet.
1137 5148 1168 5198 ln
1184 5143 1241 5199 hoe
1254 5141 1336 5214 quod
1351 5138 1503 5214 prohibuit
1513 5133 1596 5206 quod
1605 5143 1695 5185 nemo
1707 5140 1759 5196 po-

47 5235 217 5307 pnssiones‚
244 5236 315 5309 quia
330 5241 469 5293 naturam
485 5237 607 5303 ledunt,
632 5236 661 5292 in
680 5237 780 5309 aliquo
795 5238 877 5294 bono
933 5235 1101 5302 testatore,
1115 5238 1143 5288 θῖ
1158 5231 1298 5305 precepit
1323 5228 1404 5300 quod
1418 5225 1518 5282 nullus
1533 5222 1628 5318 lacere
1649 5217 1756 5315 potest,
1827 5250 1872 5289 ,-

47 5324 177 5396 privant.
933 5324 1140 5394 ostenditque
1156 5321 1192 5375 sit
1204 5317 1345 5391 perfectio
1359 5315 1467 5370 divine
1486 5311 1616 5382 justrtre,
1644 5309 1672 5359 θῖ
1684 5303 1758 5405 quid

89 5414 221 5479 Quesrro
241 5417 348 5471 CLXlX.
375 5417 452 5484 (lirici
466 5417 618 5472 dicemus?
638 5417 701 5471 Len
719 5423 876 5485 peecatum
929 5416 1008 5487 juste
1019 5417 1096 5469 Deus
1107 5411 1145 5466 ab
1155 5409 1275 5465 homine
1286 5406 1402 5473 exigere
1414 5399 1516 5474 possit.
1527 5402 1651 5500 iusuper
1659 5395 1758 5497 qualis

47 5508 90 5560 est
104 5507 118 5558 ?
130 5502 216 5558 Absit
229 5508 239 5559 t
253 5505 398 5570 Queritur
422 5522 460 5561 an
476 5506 540 5577 ipsa
553 5506 600 5560 lex
629 5504 717 5560 iaciat
741 5520 876 5578 peecare,
932 5505 1024 5559 homo
1037 5500 1123 5558 tuerit
1136 5502 1203 5562 ante
1218 5499 1387 5568 peceatum,
1402 5489 1511 5546 scilieet
1532 5487 1598 5546 talis
1619 5503 1672 5561 qur
1687 5501 1757 5589 'sine

42 5592 95 5649 vel
120 5591 240 5663 doceat,
266 5595 360 5650 etsie
386 5595 422 5651 sit
447 5594 571 5651 melum.
598 5592 719 5659 Soluti0.
747 5596 811 5650 Non
835 5597 878 5650 est
932 5593 1014 5649 omni
1024 5588 1196 5648 difficultate
1209 5584 1303 5657 gratia
1312 5583 1473 5658 adjurante
1482 5580 1556 5641 nihil
1567 5593 1757 5657 concupisce·
