3832 6044
165 114 199 172 ss
322 118 473 175 auectus
493 120 538 174 oa
559 119 586 176 s.
607 118 754 175 uerene
772 107 848 173 cer.
869 116 957 173 raas
977 108 998 172 t.
1018 134 1052 155 -ι
1072 105 1272 173 exedebat.
1293 139 1327 156 »-
1347 118 1366 172 t.
1388 118 1422 172 tn
1444 115 1472 172 s.
1494 111 1710 172 sentrruaan
1822 110 1870 171 ico

163 241 271 298 remoti
281 237 394 297 famam
404 240 533 299 victerlae
545 243 682 299 audirent
696 260 702 310 ;
714 257 802 315 ques,
814 245 842 299 et
851 243 990 299 Hebraeos
1009 242 1033 298 Α
1048 247 1134 300 vocat
1147 261 1153 312 ;
1168 258 1363 316 nequaquam
1378 241 1487 300 netitlte
1509 237 1720 298 ascribendum
1741 242 1786 296 est
1799 240 1872 313 quia

165 329 290 388 discrete
325 329 475 403 Scriptura
498 332 642 400 nominat,
669 324 805 388 alludens
830 331 987 401 vocabule,
1044 348 1080 388 eo
1095 332 1217 390 nomine
1230 331 1315 389 illum
1326 336 1411 389 vocat
1424 331 1508 406 qued
1518 349 1554 388 ex
1562 330 1703 387 relatione
1712 343 1871 400 suggeren-

164 413 237 494 quia
252 420 291 476 ad
304 419 447 476 auxilium
458 420 573 493 reliquo
584 415 682 475 Israeli
692 420 842 477 venientes
853 420 989 494 frequen·
1043 414 1119 479 tium
1133 416 1244 479 didicit.
1261 424 1324 479 Non
1338 426 1438 479 autem
1458 439 1494 479 ex
1504 419 1700 495 precedentis
1711 419 1815 476 notitia
1830 420 1870 475 la-

164 509 208 566 ter
229 508 390 566 terdonam
416 509 543 566 transire
567 506 734 582 oportebat,
763 511 834 583 quia
848 511 989 567 ῖῖθῖιιιθιιε
1045 512 1219 570 miliaritatis
1234 513 1363 583 agnovit.

165 600 313 656 transiens
328 595 545 672 interpretatur.
1079 602 1101 672 (l
1117 605 1185 658 Rec.
1201 601 1304 674 xvrn.)
1327 603 1489 674 Pesaitqae
1510 610 1575 658 eam
1598 600 1676 657 Saul
1689 615 1779 670 super
1792 601 1870 656 eires

198 686 220 760 fl
232 685 300 746 ttae.
320 681 386 763 nt.)
409 691 506 746 Perre
530 688 735 759 trirtmpltcter
757 690 789 745 in
812 688 910 746 lsrttet
931 704 991 745 eon
1047 683 1126 747 betti.
1144 692 1202 747 lloe
1217 705 1279 748 nen
1294 707 1406 759 amere,
1423 688 1476 747 sed
1489 689 1560 746 odie
1585 687 1689 745 fecisse
1709 687 1871 759 intelligen-

161 776 277 852 pcrcet,
301 790 355 835 ner
371 778 558 849 penitudine
574 777 720 848 flectetur.
746 774 887 834 Hebraeus
901 777 993 834 habet
1045 777 1103 834 dus
1130 781 1183 845 est,
1209 782 1242 835 ut
1269 779 1409 852 cupidate
1432 778 1541 846 laudls,
1571 776 1655 833 bellis
1670 793 1701 833 se
1720 776 1869 848 ingerens,

162 866 214 923 sic:
230 866 374 938 vagham,
384 869 439 923 ch
450 867 628 923 alzrahelloe
636 863 748 936 zachir,
758 876 836 956 apert
845 853 883 927 ab
893 852 990 929 ’ῖῖῖῖῖῖῖῖ
1046 865 1186 924 interiret.
1211 863 1373 924 tamenim
1395 862 1530 924 audierat
1553 865 1691 922 muheres
1709 870 1868 922 canentes:

162 963 219 1018 nrt
235 960 304 1024 aaa
327 953 357 1012 id
378 960 431 1024 θεῖ,
443 972 537 1026 perro
552 957 647 1012 virtus
662 958 759 1013 Isruet
786 972 845 1013 nort
872 957 992 1013 mentia·
1044 954 1197 1012 Persuasit
1209 957 1286 1014 scut
1301 958 1393 1028 mille,
1410 962 1437 1014 et
1450 954 1560 1027 David,
1580 954 1676 1012 decern
1699 954 1807 1011 rnt'ttia.
1823 958 1870 1010 at-

163 1046 222 1102 tur.
240 1044 299 1102 fiee
313 1039 376 1102 snlt
389 1043 497 1114 dicere,
513 1045 597 1119 quod
609 1048 687 1102 Deus
701 1046 755 1118 qui
769 1050 814 1102 est
826 1045 991 1119 triumpha·
1042 1060 1103 1119 que
1124 1045 1181 1102 hac
1197 1043 1288 1102 laude
1308 1043 1401 1102 llaeid
1423 1046 1452 1102 in
1473 1044 1549 1101 iram
1572 1044 1717 1100 excitatus
1741 1046 1869 1099 mortem

160 1137 207 1191 ter
231 1133 262 1191 in
289 1133 387 1202 lsrael,
414 1134 487 1207 quia
514 1151 567 1208 per
586 1147 656 1192 eum
675 1132 764 1192 lsrael
785 1130 950 1209 triumphat
962 1141 991 1192 et
1044 1134 1109 1205 ejus
1123 1132 1260 1191 meditari
1274 1139 1415 1208 coeperat.
1432 1133 1561 1208 Ideoque
1576 1132 1781 1205 subjungitur}
1798 1133 1870 1188 Por·

160 1223 269 1294 rineft;
285 1224 348 1281 sine
362 1224 476 1281 virtutis
491 1226 590 1295 lsrael,
605 1225 635 1281 id
650 1230 694 1283 cst
722 1225 799 1282 dans
812 1227 951 1282 virtutem
962 1231 990 1283 et
1043 1240 1077 1279 re
1101 1240 1168 1279 cum
1191 1229 1392 1281 reverteretur
1408 1239 1550 1294 percusse
1570 1222 1746 1279 Ptttntteo
1760 1219 1869 1292 David,

161 1309 365 1371 fortitudinem
381 1313 489 1382 lsrael;
512 1315 575 1388 ipsc
597 1331 660 1372 non
681 1315 849 1386 mentietur,
869 1319 902 1372 ut
927 1332 990 1372 ver·
1043 1315 1098 1368 etc.
1115 1315 1174 1368 llee
1187 1312 1252 1384 jam
1267 1317 1469 1388 precesserat,
1486 1312 1539 1370 sed
1558 1314 1697 1369 narratur
1711 1314 1871 1384 preposte-

161 1400 236 1459 bum
251 1419 341 1460 suum
355 1407 458 1473 mutet,
475 1404 550 1461 sicut
565 1409 596 1460 tu
610 1405 703 1461 medo
714 1405 839 1462 verbum
855 1405 919 1476 ejus
927 1421 990 1462 cas·
1043 1416 1084 1458 re.
1098 1405 1131 1458 ln
1143 1401 1263 1458 (luobus
1277 1401 1367 1459 rebus
1382 1414 1472 1472 gener
1485 1416 1572 1458 meus
1587 1401 1653 1457 eris.
1670 1400 1802 1456 Primum
1816 1398 1870 1454 sci·

161 1505 227 1549 sare
241 1497 367 1549 cenatus
381 1510 423 1562 es,
446 1509 508 1549 non
523 1493 634 1550 faciens
649 1494 731 1568 qnod
747 1495 897 1568 precepit.
923 1498 989 1567 lpse
1042 1490 1109 1547 lieet
1123 1489 1160 1547 de
1175 1491 1273 1548 llereb
1288 1491 1437 1566 premissa
1452 1496 1482 1548 at
1494 1490 1602 1547 deinde
1613 1488 1807 1547 ldfelioldata.

160 1568 261 1639 ιιιιῖθιιι
280 1597 342 1638 nen
365 1581 533 1652 mentietur,
558 1583 610 1639 sed
634 1583 674 1640 ad
691 1582 832 1640 eflectum
846 1583 988 1657 perducet
1008 1599 1028 1654 B
1077 1581 1098 1652 (l
1125 1583 1192 1637 ltre.
1216 1581 1293 1652 lllll.)
1316 1581 1454 1638 Fuerant
1478 1589 1549 1637 cesa
1566 1592 1731 1650 puerorum
1752 1582 1868 1634 sancte.

160 1669 288 1728 verbum
303 1687 402 1740 suum,
419 1672 479 1728 sive
493 1689 555 1728 nen
569 1676 671 1745 parcet
689 1673 778 1746 quasi
797 1673 987 1730 miseratione
1042 1671 1140 1726 Porro
1154 1671 1204 1727 eie
1220 1669 1281 1726 itare
1290 1672 1412 1740 peltata
1427 1674 1480 1743 est,
1493 1668 1554 1740 sed,
1571 1675 1598 1725 et
1612 1670 1677 1739 ipsa
1692 1667 1870 1723 ltedieeenr·

160 1758 262 1834 aliqua
274 1764 416 1830 mutatus,
433 1766 465 1817 ut
485 1778 546 1818 nen
570 1760 694 1834 impleat
714 1761 797 1836 qued
820 1762 986 1836 proposuit,
1044 1760 1208 1829 tificebt'tar
1222 1762 1253 1815 ta
1274 1761 1362 1816 vasis.
1387 1759 1559 1817 Secundum
1573 1757 1663 1813 ritum
1680 1756 1753 1828 legis
1773 1755 1869 1829 loqui-

159 1846 236 1906 slcut
249 1853 281 1906 tu
295 1850 378 1923 prius
391 1849 483 1907 videri
496 1849 613 1907 soluisti
621 1850 930 1924 parcensheminibus
944 1851 987 1908 di-

160 1938 226 2009 gnis
240 1943 345 2009 merto,
363 1943 391 1996 et
404 1939 583 1996 mendacem
603 1940 716 1996 faciens
736 1940 840 1997 ileum.
856 1943 913 1997 Nec
928 1954 987 2013 pae-

158 2026 294 2084 nitudine
316 2028 458 2098 flectetur,
480 2033 512 2086 ut
526 2028 666 2102 paeniteat
687 2045 757 2086 eum
782 2027 985 2102 proposuisse,

159 2121 188 2174 et
202 2108 399 2186 sledectatur,
429 2122 456 2174 et
474 2129 536 2174 nen
556 2115 645 2175 faciat
663 2116 746 2190 qued
765 2114 861 2174 faeere
877 2117 987 2189 cegita-

157 2205 208 2264 rit.
221 2201 335 2281 ‘Neque
356 2207 436 2264 enim
457 2208 549 2264 homo
570 2211 614 2264 θεῖ
633 2212 666 2264 ut
688 2211 759 2278 agat
772 2207 984 2282 penitentiam.

1042 1852 1099 1916 tur,
1116 1848 1283 1906 seeundum
1298 1865 1390 1922 (Ῑιιθιιι
1405 1849 1539 1905 illicitum
1554 1852 1617 1904 erat
1637 1847 1714 1904 utin
1735 1845 1822 1914 vasis,
1838 1845 1868 1900 in

1041 1935 1153 2012 quilius
1168 1943 1235 1996 ante
1248 1938 1419 1996 commimis
1429 1938 1515 1995 cibus
1529 1937 1644 2010 pesitus
1652 1935 1764 2004 fuisset,
1785 1950 1868 1990 sanc-

1042 2027 1169 2084 tificatus
1192 2032 1297 2102 postea
1318 2029 1405 2102 panis
1424 2031 1594 2101 poneretur.
1614 2025 1682 2084 ldeo
1703 2025 1775 2082 dicit
1795 2041 1868 2081 rasa

1041 2132 1214 2190 puerorum,
1229 2118 1260 2174 id
1277 2123 1321 2175 est
1344 2117 1489 2175 comitum
1510 2132 1634 2173 suorum
1653 2119 1765 2184 sancta,
1786 2114 1868 2188 quod

1041 2206 1114 2262 nihil
1129 2206 1160 2263 in
1172 2208 1214 2263 eis
1229 2223 1390 2264 commune
1401 2205 1619 2275 continebatur,
1636 2222 1697 2278 que
1714 2203 1815 2260 minus
1830 2201 1867 2259 ci-

1040 2293 1116 2352 bum
1131 2295 1348 2354 sanctificatum
1362 2302 1512 2370 caperent.
1524 2299 1613 2352 Porro
1623 2295 1698 2364 hac,
1707 2292 1812 2366 inquit,
1822 2292 1868 2348 via

1041 2385 1157 2458 polluta
1171 2389 1233 2454 θεῖς
1250 2385 1281 2441 id
1304 2389 1349 2442 est
1369 2402 1425 2442 nes
1440 2385 1488 2443 via
1509 2382 1614 2458 polluti
1634 2399 1738 2440 sumus
1755 2379 1867 2455 aliquid

159 2297 253 2354 llemo
264 2295 345 2354 enim
359 2290 410 2371 qut
426 2295 540 2354 malum
554 2294 628 2353 velle
652 2298 748 2371 petest
763 2301 792 2354 θῖ
803 2301 920 2354 mutare
934 2313 986 2371 pc·

157 2389 222 2456 test,
238 2386 443 2462 poenitentiam
457 2400 545 2459 agere
558 2388 665 2461 petest.

193 2475 214 2550 (f
227 2477 295 2534 ltee'.
311 2477 388 2549 XVI.)
409 2477 488 2534 Nam
512 2491 614 2534 rorem
637 2476 762 2548 Demens
785 2482 827 2535 est
848 2477 986 2533 Christus
1040 2473 1172 2531 videndo
1184 2474 1259 2531 ferte
1277 2475 1323 2530 vel
1343 2472 1554 2546 contingendo,
1577 2469 1792 2547 propterquod
1801 2470 1867 2541 jure

158 2568 223 2637 ejus
238 2565 252 2622 t
267 2563 299 2622 ld
320 2568 365 2623 est
383 2565 523 2639 nunquid
545 2567 599 2623 iste
622 2565 674 2639 qui
697 2565 749 2621 tihi
761 2578 842 2623 nune
856 2581 986 2639 praesen·
1041 2562 1209 2619 secundum
1221 2562 1295 2634 legis
1311 2562 1559 2620 consuetudinem
1574 2573 1593 2618 a
1606 2557 1814 2631 contingendis
1822 2573 1867 2615 sa·

159 2656 238 2711 tatus
252 2654 305 2722 θεῖ,
321 2656 350 2708 θῖ
364 2670 466 2710 ceram
488 2653 647 2722 adductus,
663 2650 800 2726 provisus
814 2659 859 2711 θεῖ
872 2671 890 2711 a
902 2658 939 2722 te,
954 2659 986 2710 ut
1040 2651 1098 2706 cris
1110 2650 1261 2724 prohiberi
1279 2651 1467 2708 deberemus.
1491 2652 1552 2707 Sed
1572 2656 1600 2707 et
1623 2653 1688 2721 apsa
1701 2649 1867 2718 sanctifica·

158 2741 195 2799 slt
209 2734 341 2800 Christus
357 2741 450 2798 tuus?
464 2734 596 2798 Adducti
607 2743 708 2814 itaque
717 2743 782 2799 laci
788 2749 898 2813 septem
905 2744 985 2812 titios
1041 2740 1121 2797 bitur
1135 2742 1166 2796 tn
1181 2742 1270 2813 ensis,
1285 2740 1317 2796 id
1334 2745 1378 2798 est
1398 2745 1537 2815 parcetur
1551 2739 1638 2797 nobis
1655 2739 1693 2795 de
1709 2737 1755 2794 his
1770 2737 1867 2810 siqua

156 2844 225 2888 suos
239 2842 340 2889 'eorum
353 2829 514 2903 Βιιιηιιθῖθ,Ι
532 2835 560 2888 θῖ
574 2832 618 2888 eft
631 2832 754 2889 Samuel
768 2833 809 2889 ad
821 2830 904 2889 lsai:
915 2833 984 2889 Non
1038 2829 1189 2901 tetigimus
1212 2831 1381 2887 immunda.
1404 2834 1543 2888 Parectur
1565 2829 1634 2887 dico
1653 2832 1775 2902 prepter
1795 2844 1867 2885 vasa

158 2919 241 2993 eligit
254 2913 399 2978 Domitius
412 2933 450 2978 etr
464 2921 537 2978 istis.
553 2921 711 2987 Quomodo
721 2934 825 2978 verum
836 2926 888 2989 est,
901 2923 984 2996 quod
1004 2956 1024 3011 C
1038 2935 1106 2992 qua
1121 2917 1238 2976 munda
1251 2926 1419 2994 portamus.

158 3008 214 3067 lsai
225 3013 339 3084 septem
352 3009 429 3067 filios
444 3022 514 3067 suos
529 3009 569 3066 ad
584 2999 753 3067 Samuelem
766 3010 928 3067 adduxisse
939 3011 981 3068 di·
1073 3010 1094 3081 (l
1109 3012 1176 3066 Rae.
1190 3011 1290 3082 Xllvl.)
1312 3012 1348 3067 st
1366 3012 1509 3067 Dominus
1529 3010 1635 3067 recitat
1658 3015 1686 3066 te
1708 3008 1864 3066 aduersum

158 3099 242 3170 citat,
259 3101 288 3158 et
302 3098 422 3158 Samuel
437 3111 475 3157 ex
493 3099 549 3156 illis
564 3097 701 3157 adductis
722 3096 838 3157 nullum
855 3101 982 3158 electum
1035 3112 1091 3172 me,
1107 3099 1249 3157 ederetur
1262 3102 1464 3172 sucrificium
1477 3098 1613 3173 placatur
1627 3101 1714 3167 fleus,
1733 3099 1758 3154 si
1770 3116 1805 3155 ex
1822 3099 1866 3155 ira

157 3198 221 3247 esse
234 3193 368 3260 testatur,
383 3200 453 3247 eum
464 3189 556 3247 David
570 3205 649 3246 unus
663 3188 700 3246 de
716 3189 830 3264 septem
845 3190 944 3248 adhue
955 3196 983 3247 et
1036 3190 1102 3261 ejus
1115 3194 1176 3246 est:
1195 3188 1276 3245 aliud
1287 3189 1446 3246 consilium
1457 3205 1518 3246 nen
1528 3189 1689 3263 habecpro
1699 3192 1782 3262 parte
1797 3190 1863 3246 hae.

157 3279 304 3338 adductus
323 3287 385 3337 nen
410 3280 456 3350 sil,
481 3285 509 3338 et
530 3279 639 3337 electus
661 3280 697 3337 sit
712 3279 725 3334 f
740 3281 928 3354 Quapropter
941 3280 981 3337 sic
1036 3279 1182 3336 Stantem
1194 3280 1254 3348 filii
1266 3279 1417 3336 terrebam
1434 3279 1488 3335 lter
1501 3280 1643 3351 suriunt,·
1656 3280 1715 3349 ipsi
1726 3277 1866 3335 rnaterfir-

156 3362 382 3442 intetligendum
397 3368 538 3443 estquod
553 3387 604 3426 sex
626 3367 761 3437 addunt,
780 3369 830 3426 ille
847 3369 910 3427 selo
935 3386 983 3427 ex·
1038 3368 1063 3423 c·
1072 3373 1141 3423 ειιιιῖ
1164 3369 1196 3423 in
1220 3374 1378 3438 conspeetu
1401 3369 1531 3441 Domini,
1553 3369 1625 3440 quie
1638 3368 1750 3438 injuste
1770 3372 1863 3439 aptent

156 3464 243 3532 cepto
257 3474 349 3532 quem
364 3474 518 3532 superesse
533 3457 616 3526 dixit,
639 3464 669 3514 et
688 3468 792 3515 verum
815 3464 869 3528 est,
899 3460 982 3533 qued
1037 3459 1091 3529 qui
1103 3460 1254 3528 ejecerunt
1268 3473 1323 3530 me,
1339 3461 1393 3515 ete.

155 3544 193 3602 dc
207 3538 328 3618 reliquis
340 3543 458 3603 liulfum
472 3544 559 3616 elegit
573 3545 725 3603 [lominus.
1072 3547 1094 3618 (l
1108 3550 1176 3603 ltec.
1191 3548 1290 3619 XlllV.)
1304 3547 1359 3604 Est
1373 3547 1456 3618 apud
1468 3562 1514 3606 me
1527 3547 1630 3604 mattis
1639 3546 1742 3604 dietae
1754 3548 1802 3604 vet
1812 3561 1864 3603 urt-

190 3625 616 3706 (raea.ttv11.)neeteccpct
641 3632 814 3691 Philistltai
831 3638 934 3692 attulit
949 3639 981 3693 in
1036 3637 1093 3692 nis.
1116 3635 1258 3708 Superius
1284 3636 1398 3693 dietum
1423 3640 1467 3693 est
1490 3636 1573 3710 qued
1598 3640 1731 3710 quatuor
1747 3639 1863 3693 tantem

154 3710 355 3793 Hieruidlem,
375 3719 444 3778 hine
468 3725 594 3795 apparet
611 3721 675 3793 jnm
696 3731 732 3779 eo
753 3726 886 3796 tempere
902 3742 982 3782 eom·
1036 3724 1191 3782 mensibus
1204 3725 1259 3782 fuit
1271 3725 1433 3797 inregicne
1448 3725 1706 3796 philisthinorum
1723 3740 1863 3782 nunoau-

154 3815 278 3894 munem
307 3809 398 3867 fuisse
427 3807 643 3866 habitationem
664 3808 694 3865 in
729 3810 921 3881 llierusalem,
953 3818 982 3870 et
1035 3820 1096 3872 tem
1109 3813 1200 3872 achis
1212 3814 1280 3882 diei,
1296 3815 1397 3871 multis
1411 3815 1519 3873 diebus
1537 3814 1583 3874 vel
1604 3815 1690 3873 annis
1711 3819 1862 3872 moratum

152 3890 221 3959 titiis
234 3894 325 3956 lsrael
338 3901 367 3955 θῖ
378 3897 512 3955 lebuseis
528 3916 534 3954 :
559 3898 598 3956 ad
619 3914 712 3972 quam
734 3898 815 3955 velut
835 3898 980 3958 excellen-
1035 3903 1117 3977 apud
1132 3920 1173 3973 se,
1189 3904 1272 3978 qued
1296 3903 1428 3961 fortassis
1443 3904 1553 3962 idcirce
1575 3904 1683 3962 dieinrr
1695 3904 1804 3961 rectius
1818 3920 1862 3960 ar-

152 3984 259 4043 tiorem
274 3978 430 4056 civitatem,
447 3985 487 4043 eb
498 3986 624 4059 gloriam
646 3986 789 4060 triumphi
803 3994 893 4061 eaput
916 3989 980 4045 Phi·
1035 3996 1212 4065 gumentum
1227 3992 1377 4050 fidelitatis
1392 3994 1486 4067 ipsius
1500 3998 1641 4069 caperent
1661 4011 1697 4051 ex
1720 3993 1861 4067 temporis

151 4071 258 4140 listhaei
282 4072 374 4131 David
397 4073 500 4132 attulit.
524 4075 568 4133 De
586 4090 646 4148 que
660 4077 751 4145 stirpe
765 4076 918 4134 descendit*
930 4077 979 4135 tic
1034 4082 1210 4156 prolixitate,
1225 4081 1353 4157 ideoque
1367 4084 1454 4140 annis
1464 4083 1611 4155 adjunxit.

151 4155 351 4248 adolescens?
372 4158 592 4237 Respondttqae
614 4165 726 4237 abner,
743 4168 797 4221 ete.
820 4166 977 4232 Quomodo
1161 4186 1412 4230 noserarnucean
1430 4184 1458 4230 nr
1477 4189 1568 4230 neuun
1588 4188 1739 4230 secunaum

153 4251 223 4310 Saul
232 4242 280 4310 hic
295 4251 387 4310 David
406 4250 533 4324 ignerat,
549 4253 759 4327 etprogeniem
773 4253 838 4325 ejus
853 4255 974 4327 quierit;
1068 4259 1111 4331 (ll.
1125 4262 1194 4317 flac.
1211 4260 1243 4334 l.)
1257 4262 1387 4319 Ptanrit
1399 4267 1497 4319 uatem
1518 4261 1618 4319 David
1631 4262 1791 4332 planctum
1808 4256 1861 4319 tc-

150 4360 220 4428 cum
236 4344 372 4419 superius
387 4343 426 4401 ad
440 4342 497 4400 lsai
510 4348 626 4419 patrem
640 4344 705 4415 ejus
719 4343 835 4401 misisse
849 4344 974 4416 legatur,
1027 4349 1197 4419 jnsrernedi
1220 4365 1311 4420 super
1337 4351 1415 4408 scat
1436 4356 1464 4408 et
1487 4365 1577 4421 super
1596 4350 1752 4409 derretlten
1762 4353 1858 4420 filiurn

150 4433 271 4494 dicem:
288 4435 364 4494 llitte
388 4435 427 4493 ad
446 4451 495 4492 me
515 4435 608 4493 Dauid
627 4434 724 4492 filium
739 4439 835 4504 tuum,
860 4436 912 4509 qui
934 4442 979 4495 θεῖ
1032 4439 1117 4510 ejas,·
1131 4441 1324 4512 etproerepit,
1347 4446 1380 4495 ut
1406 4439 1545 4496 docerent
1557 4441 1635 4510 filies
1647 4440 1728 4497 Juda
1743 4456 1859 4512 erarem,

149 4523 180 4582 in
208 4524 339 4599 pascuis.
364 4520 457 4584 David
485 4540 607 4600 quoque
635 4525 674 4582 ad
702 4538 773 4582 eum
799 4524 978 4595 venissest
1031 4525 1126 4583 idest
1147 4531 1242 4584 artem
1265 4527 1601 4601 sagittandi3quoniam
1627 4528 1706 4597 Saul
1727 4533 1755 4586 et
1773 4531 1860 4585 tona-

150 4629 252 4671 ceram
267 4630 302 4670 eo
324 4615 447 4682 stetisse,
464 4611 648 4690 dilectusque
663 4613 702 4672 ab
716 4630 752 4671 ee
767 4614 867 4684 fuisse,
889 4621 918 4673 et
932 4631 977 4673 ar·
1030 4614 1098 4671 thas
1123 4614 1203 4672 filius
1225 4617 1290 4688 ejus
1316 4615 1428 4688 sagittis
1442 4614 1616 4673 Philisthiim
1630 4616 1812 4685 interierant,
1828 4620 1860 4673 ut

148 4701 244 4774 miger
258 4703 323 4773 ejus
339 4698 435 4759 factus
448 4709 606 4761 asseratus.
629 4704 685 4761 Sed
704 4705 872 4761 notandum
894 4706 977 4778 quod
1032 4704 1055 4759 si
1074 4704 1175 4762 denuo
1198 4704 1313 4761 bellum
1334 4706 1475 4777 surgeret,
1495 4710 1599 4763 eontra
1620 4696 1808 4763 adversaries
1828 4720 1858 4760 sc

148 4793 284 4864 potentes
298 4789 680 4864 inquetidianaheminum
695 4791 862 4866 frequentia
875 4794 974 4867 positi,
1031 4792 1190 4850 defendere
1214 4798 1346 4868 possent.
1372 4796 1458 4852 Sicut
1484 4797 1629 4867 scriptam
1655 4797 1752 4853 estin
1782 4796 1858 4852 libro

148 4894 210 4936 non
224 4878 420 4936 omncseirca
443 4896 475 4936 se
494 4885 703 4936 conversantes
724 4886 850 4954 pessunt
871 4898 977 4954 agnos·
1024 4884 1188 4953 justorum.
1213 4883 1342 4950 Quidam
1365 4883 1476 4942 ibrum
1498 4885 1649 4957 justorum
1673 4886 1754 4942 hunc
1776 4899 1859 4943 cum*

148 4984 233 5025 cere:
264 4966 414 5041 precipue
443 4983 494 5025 ees
518 4984 595 5041 ques
612 4982 666 5025 nec
686 4967 815 5040 dignitas
839 4986 975 5043 personae
1029 4971 1100 5027 dem
1113 4970 1224 5028 librum
1237 4971 1722 5048 intelligendumputant,prepter
1738 4976 1859 5032 Samue-

147 5057 349 5128 cemmeudat,
374 5074 430 5115 nec
458 5057 574 5115 diutina
602 5059 786 5116 conversatio
814 5059 974 5118 familiares
1028 5057 1089 5115 lem
1112 5064 1141 5116 et
1164 5059 1275 5117 David:
1298 5061 1336 5118 de
1360 5063 1472 5136 quibus
1489 5063 1692 5138 principaliter
1715 5063 1785 5135 agit,
1802 5062 1858 5119 Alii

147 5138 246 5206 efficit.
263 5147 338 5217 Quia
350 5146 440 5220 igitm·
461 5147 553 5204 David
576 5159 652 5222 puer
666 5146 765 5206 adhue
780 5153 808 5205 θῖ
821 5154 974 5224 centemp—
1028 5148 1139 5206 librum
1154 5149 1315 5222 justorum,
1341 5150 1438 5223 legem
1457 5153 1548 5228 Moysi
1570 5153 1810 5228 interpretantur,
1827 5152 1856 5207 iu

146 5234 245 5307 tibilis,
272 5247 371 5313 neque
396 5236 478 5310 'regia
517 5234 714 5295 familiaritate
747 5238 857 5309 dignus
890 5238 974 5296 brevi
1026 5238 1199 5311 quaferma
1211 5238 1331 5309 justitie
1346 5239 1521 5297 bominibus
1540 5242 1727 5316 preponitur.
1742 5243 1857 5314 Exque

146 5328 280 5399 tempore
307 5337 376 5385 cum
409 5326 495 5385 Saule
521 5331 682 5395 manserat,
713 5341 773 5383 non
794 5326 906 5384 mirum
930 5332 974 5384 est
1026 5322 1135 5398 conjici
1148 5330 1256 5399 putant
1269 5327 1299 5384 in
1314 5328 1466 5385 nonnullis
1482 5329 1555 5387 locis
1579 5335 1675 5389 artem
1695 5329 1854 5401 sagittandi

146 5412 172 5469 si
185 5413 326 5473 eumdem
344 5415 438 5473 mede
460 5416 499 5475 ad
520 5416 756 5488 tamegregium
777 5424 855 5489 epus
869 5431 972 5489 prece·
1026 5414 1139 5484 utilem,
1163 5415 1241 5473 sieut
1262 5417 1396 5475 fortassis
1417 5419 1492 5476 illud
1514 5420 1545 5476 in
1569 5421 1675 5480 Genesi
1695 5419 1788 5476 Jacob
1813 5419 1856 5474 di·

145 5499 267 5559 dentem
287 5501 456 5576 diligentius
477 5507 613 5563 notatum
634 5504 760 5577 ignerat.
788 5506 863 5561 Nam
887 5505 971 5578 qued
1024 5505 1635 5580 motaquodportienemtnleritdemanu
1649 5508 1854 5567 nmerrhoeiin

143 5590 229 5667 prlus
243 5604 313 5652 eum
323 5590 363 5654 ed
376 5594 433 5654 nai
447 5600 563 5670 patrem
585 5595 649 5669 ejus
663 5595 783 5656 mittens
797 5609 834 5653 ex
848 5594 970 5654 nomine
1024 5595 1126 5670 gladie
1138 5600 1169 5656 et
1183 5610 1264 5656 arcu.
1280 5596 1611 5673 Abilmrumtastertm
1621 5612 1684 5660 aaa
1694 5598 1853 5659 hominum
