3832 6044
156 109 206 170 na
298 112 449 171 uucovrs
468 114 513 171 ne
534 113 561 170 s.
582 112 729 169 vroronn
749 91 824 166 err.
844 102 933 162 vens
952 101 974 158 ι.
1001 127 1039 146 -
1065 103 1266 165 araceum.
1294 140 1327 150 -
1346 111 1366 166 1.
1389 110 1421 165 n
1443 109 1470 166 s.
1493 109 1718 166 scnrvrunnu.

468 241 610 296 ll0lllblh
629 240 671 293 Χῖ.

158 347 215 414 Qnt
227 347 288 401 siret
301 347 373 412 fines
390 352 479 403 terrae
503 348 533 400 in
559 344 665 414 ateihas
688 349 758 398 steret
778 342 860 398 credi
879 340 984 395 stulto·

193 433 260 475 rnrn
275 433 286 473 .·
300 423 327 473 θῖ
341 418 486 488 carcinode
499 416 646 486 sapientia
657 415 779 484 attiapit
792 413 878 482 anne
892 424 984 480 nsqrte

193 488 233 546 ad
245 490 335 559 finem
347 489 479 559 fortiter,
496 492 550 543 etc.

195 595 249 653 Ubi
262 598 361 652 tamen
376 598 445 652 sunt
459 593 598 663 tenebrae,
614 598 642 650 et
656 593 708 649 ubi
722 598 766 651 est
780 591 853 649 lux?
870 592 904 645 Et
917 587 985 660 quis

159 690 203 742 est
216 685 309 743 finis?
324 689 353 741 et
366 684 434 741 linis
443 700 504 757 quo
515 683 631 755 attingit
640 682 795 757 sapientia.
812 684 845 737 Et
858 678 987 754 quisunt

157 775 235 833 fines
248 778 343 843 terra,
359 773 412 830 nbi
423 778 491 830 sunt
505 773 583 830 oculi
597 773 754 829 stultorum
767 770 820 844 qui
830 768 988 826 ambulant

160 862 191 922 in
211 863 349 930 tenebris,
366 866 394 918 ct
408 879 469 918 non
489 862 599 918 vident.
626 865 659 917 Et
681 861 764 935 quod
779 864 823 916 est
837 861 928 932 eaput
943 872 987 912 sa-

160 953 267 1027 pientis
282 951 335 1007 ubi
348 955 418 1008 sunt
431 950 508 1007 oculi
535 951 600 1022 ejus
613 951 665 1024 qui
678 968 738 1007 non
754 948 890 1006 ambulat
903 948 933 1003 in
949 950 988 1002 ῖθ-

160 1040 261 1098 nebris
278 1039 352 1096 sicut
367 1039 482 1108 stultus,
499 1039 552 1096 sed
566 1040 747 1096 illuminatos
764 1038 855 1094 habet
865 1035 987 1101 oculos;

162 1134 202 1186 h'e
216 1129 290 1185 forto
304 1145 374 1200 ergo
389 1134 416 1185 ct
431 1145 486 1185 nos
510 1129 540 1184 in
560 1130 687 1186 tenebris
710 1145 929 1194 remaneamus,
947 1125 989 1181 in-

162 1218 319 1293 quiramus
344 1219 442 1276 lucem
470 1219 633 1292 sapientire,
648 1224 681 1275 ut
703 1219 913 1288 intelligamus,
937 1216 990 1272 ubi

163 1307 229 1381 ipsa
256 1313 377 1364 mancat
394 1308 548 1381 sapientia,
579 1313 607 1364 et
626 1308 805 1365 divisionem
818 1307 893 1364 lucis
908 1310 936 1362 θῖ
950 1309 990 1362 ῖθ-

163 1394 337 1454 nebrarum.
355 1396 409 1452 Ubi
423 1397 568 1454 finirmtur
586 1398 638 1455 lux
652 1403 680 1455 et
694 1397 834 1466 tenebrae,
849 1401 877 1453 et
895 1395 992 1453 termi-

163 1501 238 1541 num
266 1485 478 1559 uniuscusque.
509 1490 670 1561 Usquequo
699 1488 764 1561 ipsa
787 1486 942 1562 sapientia,
965 1489 994 1541 et

1813 112 1862 163 tet

996 229 1020 282 A
1038 229 1130 286 modo
1144 231 1333 291 distinximus
1347 234 1423 290 duos
1438 234 1513 290 lines
1527 233 1566 289 nd
1582 249 1658 305 quos
1668 232 1808 306 pertinen
1819 248 1864 287 sa-

1037 318 1158 391 pientia,
1172 339 1294 379 snmum
1321 329 1349 381 et
1373 323 1521 391 infirnrun,
1542 339 1671 396 quorum
1693 321 1866 393 alterquasi

1037 408 1121 465 loeus
1134 416 1178 467 θεῖ
1202 399 1353 486 sapientire
1378 414 1429 470 ubi
1457 413 1602 480 consistit,
1617 411 1772 468 alternare
1788 411 1866 466 velut

1039 516 1181 556 excursus
1192 502 1316 575 quidam
1332 507 1369 571 et,
1382 507 1414 559 ut
1428 503 1467 559 ita
1480 503 1605 569 dicatur,
1617 505 1695 557 meta
1710 501 1866 573 porrectio-

1039 590 1161 664 nisque
1177 607 1207 648 se
1222 592 1361 648 extendit.
1374 592 1451 647 Finis
1467 592 1514 648 ille
1535 608 1626 665 aquo
1638 590 1696 646 exit
1712 589 1865 662 sapientia,

1040 684 1179 752 caputet,
1196 684 1369 754 antequem
1382 681 1465 738 nihil.
1487 681 1561 737 Finis
1576 697 1646 736 vero
1669 679 1698 735 in
1714 696 1805 752 quem
1820 695 1868 733 ex-

1041 770 1141 838 currit,
1155 770 1224 826 finis
1236 770 1314 827 ultra
1329 788 1421 844 quem
1433 772 1516 828 nihil.
1527 771 1603 828 Finis
1614 770 1661 826 ille
1676 774 1774 842 eaput,
1788 772 1829 823 est
1841 772 1868 822 ct

1042 859 1120 916 linis.
1136 858 1212 916 Finis
1225 859 1279 916 iste
1293 877 1355 916 non
1371 865 1469 934 eaput,
1487 861 1539 917 sed
1553 864 1665 916 tantam
1680 859 1756 915 linis.
1774 861 1869 930 Caput

1043 953 1087 1004 est
1102 947 1149 1004 ille
1164 947 1242 1016 finis,
1258 949 1330 1021 quia
1343 950 1381 1005 nh
1396 950 1472 1022 ipso,
1494 953 1522 1005 θῖ
1536 965 1595 1005 non
1612 965 1719 1022 supra,
1735 947 1802 1002 finis
1814 951 1865 1008 est,

1043 1037 1114 1111 quia
1129 1053 1224 1111 usque
1239 1038 1401 1111 adipsum,
1426 1043 1455 1094 θῖ
1474 1055 1536 1094 non
1563 1038 1649 1093 ultra.
1675 1037 1753 1092 Alter
1769 1039 1867 1091 autem

1043 1126 1121 1193 finis,
1136 1133 1226 1199 caput
1240 1144 1300 1183 non
1320 1133 1379 1194 est;
1394 1128 1464 1202 quia
1478 1128 1517 1183 ab
1530 1128 1595 1200 ipso
1606 1127 1693 1183 nihil:
1707 1126 1758 1181 sed
1770 1130 1868 1181 tamen

1045 1216 1122 1284 linis,
1148 1217 1220 1290 quia
1242 1216 1390 1291 quidquid
1411 1234 1506 1290 usque
1529 1217 1567 1273 ad
1591 1217 1700 1289 ipsum,
1717 1232 1777 1272 non
1793 1207 1869 1269 ultra

1045 1305 1155 1378 ipsum.
1172 1304 1220 1362 llle
1231 1305 1319 1375 igitur
1333 1306 1402 1363 finis
1417 1306 1468 1379 qui
1486 1322 1606 1362 sursum
1621 1310 1673 1373 est,
1690 1306 1775 1378 quasi
1791 1303 1870 1377 prin-

1046 1394 1159 1467 cipium
1174 1399 1203 1451 et
1217 1395 1300 1466 erigo
1317 1401 1369 1464 est,
1391 1411 1481 1468 supra
1503 1411 1594 1468 quem
1607 1394 1689 1450 nihil.
1707 1393 1784 1449 Finis
1800 1410 1871 1448 vero

1047 1484 1098 1556 qni
1112 1484 1254 1541 deorsum
1282 1489 1335 1553 cst,
1364 1484 1450 1558 quasi
1473 1489 1552 1541 meta
1576 1487 1604 1540 θῖ
1632 1483 1775 1538 terminus
1796 1482 1873 1537 ultra

164 1573 323 1649 quidipsa,
346 1579 374 1632 et
397 1576 471 1648 quid
493 1581 576 1633 extra
591 1577 698 1650 ipsam,
716 1582 744 1634 ct
758 1577 832 1651 quid
846 1576 909 1632 sinc
919 1575 995 1649 ipsa.
1012 1578 1032 1633 Β
1051 1589 1144 1647 quam
1159 1573 1242 1631 nihil.
1265 1575 1406 1631 Omnium
1421 1574 1501 1631 enim
1515 1590 1614 1630 rernm
1629 1573 1712 1642 origo
1726 1576 1753 1627 et
1766 1571 1874 1643 prinei-

165 1663 307 1733 Primmn,
323 1665 395 1738 quia
418 1664 494 1723 duos
521 1666 597 1722 fines
626 1667 804 1736 audivimus
834 1665 960 1723 alterum
975 1681 994 1720 a

166 1769 228 1827 quo
243 1757 271 1809 et
283 1753 409 1811 alterum
425 1770 520 1828 usque
533 1756 674 1829 adquam
686 1773 716 1813 se
727 1757 858 1813 extendit
874 1755 994 1828 Sapien-

167 1843 216 1911 tia,
233 1845 383 1915 attinqens
409 1861 427 1902 a
449 1847 510 1914 fine
532 1862 624 1917 usqne
645 1847 686 1903 ad
707 1847 797 1916 ficem
818 1847 951 1918 fortiter,
966 1852 994 1902 et

167 1932 327 2003 disponens
345 1935 444 1990 omitia
471 1936 604 1991 suaviter
628 1935 794 2008 (Sap.v111).
812 1939 844 1993 Et
858 1936 994 1993 nondum

169 2020 268 2078 adhue
290 2021 487 2092 cognovimus
511 2023 563 2098 qui
579 2027 648 2080 sunt
662 2024 708 2080 isti
728 2023 789 2082 duo
803 2025 888 2094 fines,
905 2029 933 2081 θῖ
944 2025 996 2081 ubi

169 2114 248 2179 sunt,
262 2114 291 2168 et
305 2127 344 2167 an
358 2111 450 2166 linem
464 2112 597 2168 habeant
610 2113 656 2168 isti
671 2112 755 2182 lines
774 2118 801 2170 et
815 2130 853 2170 an
868 2113 946 2170 ultra
960 2114 997 2169 ls-

169 2205 215 2258 tos
237 2200 320 2256 aliud
335 2199 450 2274 aliquid
473 2201 519 2270 sit,
544 2219 605 2275 quo
630 2218 691 2259 non
712 2202 828 2275 attingit
840 2204 995 2279 sapientia.

170 2292 204 2347 Et
217 2288 242 2345 si
256 2293 309 2357 est,
327 2290 482 2363 quomodo
503 2290 579 2346 flues
593 2296 663 2348 sunt
677 2293 730 2366 qni
744 2309 805 2349 non
821 2294 998 2366 perveniunt

171 2377 211 2435 ad
223 2378 340 2435 finem?
354 2378 382 2436 Si
397 2382 497 2436 annm
512 2396 574 2437 non
589 2385 641 2449 est,
658 2382 813 2455 quomodo
827 2382 902 2439 fines
915 2387 998 2439 terras

171 2466 224 2524 ubi
237 2467 366 2524 tenebra
383 2472 461 2536 sunt,
477 2469 555 2526 intra
572 2469 644 2527 istos
663 2471 738 2527 lines
760 2471 956 2540 continentur,
972 2477 1000 2529 et

171 2555 302 2614 tenebrae
315 2571 379 2612 esse
393 2564 520 2630 possunt
529 2559 560 2615 in
574 2559 650 2627 luce,
665 2561 737 2632 qnia
752 2561 901 2635 Sapientia
915 2563 999 2619 attin-

173 2643 216 2713 git
228 2659 247 2699 a
261 2644 320 2699 tine
336 2660 432 2718 usque
447 2646 487 2701 ad
499 2646 590 2702 finem
611 2647 722 2704 sortiter
745 2654 773 2706 et
794 2650 924 2724 disponit
939 2668 1001 2707 om-

173 2730 224 2790 nia
246 2731 383 2788 suaviter.
401 2732 533 2789 Primum
552 2750 623 2804 ergo
642 2735 704 2792 duo
727 2743 796 2794 sunt
810 2738 885 2795 lines
901 2756 1001 2795 rerum

130 2820 139 2840 '
173 2819 321 2877 omnium.
337 2819 416 2879 Alter
426 2826 470 2877 est
483 2821 551 2877 fiais
566 2839 657 2896 supra
675 2841 767 2898 quem
788 2827 871 2896 nihil,
887 2832 916 2884 et
930 2830 1002 2885 alter

1047 1665 1131 1738 [sium
1146 1681 1163 1721 a
1178 1681 1297 1721 summo
1310 1669 1371 1734 θεῖς
1386 1664 1529 1722 terminus
1540 1668 1639 1720 autem
1654 1666 1682 1718 et
1696 1661 1763 1716 bnis
1778 1679 1795 1716 a
1810 1661 1874 1714 inli-

1048 1772 1108 1811 mo.
1126 1756 1311 1829 Quapropter
1325 1755 1393 1811 finis
1408 1755 1550 1811 deorsum
1564 1752 1632 1808 finis
1648 1756 1700 1818 est,
1717 1756 1745 1806 et
1759 1753 1873 1805 tantum

1048 1843 1127 1899 finis,
1143 1842 1219 1898 Finis
1231 1860 1300 1902 varo
1323 1860 1452 1912 sursum,
1472 1860 1532 1900 non
1558 1842 1655 1899 solum
1682 1840 1759 1906 linis,
1782 1838 1833 1892 sed
1848 1843 1876 1893 θῖ

1050 1936 1141 2005 eaput
1159 1936 1187 1988 θῖ
1212 1932 1290 1989 linis.
1307 1934 1336 1990 Si
1350 1949 1422 2002 ergo
1437 1932 1546 1988 caelum
1561 1947 1680 1987 sursum
1692 1934 1735 1984 est
1751 1933 1778 1984 et
1790 1927 1875 1983 inier-

1050 2038 1108 2077 nus
1121 2022 1273 2089 deorsum,
1289 2027 1317 2078 θῖ
1329 2022 1403 2079 nihil
1417 2021 1504 2079 altius
1526 2021 1610 2088 coelo,
1627 2024 1655 2075 θῖ
1670 2019 1744 2074 nihil
1756 2017 1876 2090 protun-

1051 2110 1118 2167 dius
1146 2110 1261 2168 inferne
1288 2111 1412 2167 inveniri
1433 2114 1548 2184 potest:
1565 2108 1746 2183 principium
1761 2111 1804 2162 est
1821 2123 1877 2161 err-

1051 2201 1125 2268 lum,
1143 2205 1171 2257 et
1183 2200 1316 2256 infernus
1327 2200 1404 2257 finis¹
1421 2202 1443 2257 0
1456 2216 1548 2274 qnam
1561 2199 1678 2255 bonum
1688 2196 1876 2270 principium,

1053 2295 1082 2347 θῖ
1096 2307 1189 2364 qnam
1199 2289 1297 2347 malus
1311 2289 1389 2346 finis.

1090 2380 1158 2437 ldeo
1173 2378 1305 2436 fortassis
1324 2379 1402 2435 oculi
1421 2379 1561 2452 sapientis
1575 2379 1605 2434 in
1618 2378 1712 2452 eapite
1723 2377 1747 2447 ej
1754 2392 1787 2430 ns
1800 2377 1877 2437 sunt,

1055 2469 1126 2543 quia
1136 2468 1273 2525 inmcdio
1282 2468 1457 2525 constitutus
1467 2467 1770 2541 respicitprincipinrn
1780 2479 1878 2523 suurn,

1055 2562 1088 2613 ut
1108 2556 1148 2613 ibi
1161 2557 1253 2612 finem
1275 2557 1363 2613 iaciat
1377 2556 1429 2613 ubi
1446 2556 1566 2629 aceepit
1588 2555 1742 2624 originem.
1759 2556 1821 2607 Non
1837 2555 1881 2604 est

1056 2646 1135 2702 enim
1149 2645 1266 2701 bonnam
1292 2646 1323 2700 in
1345 2645 1437 2702 alium
1464 2646 1556 2701 linem
1581 2644 1668 2709 finiri,
1693 2642 1742 2697 nbi
1757 2641 1824 2694 linis
1838 2643 1882 2692 est

1056 2735 1292 2807 consumptionis
1300 2751 1361 2791 non
1372 2733 1646 2791 consummationis.
1658 2735 1814 2802 Propterea
1830 2729 1881 2782 ho-

1056 2841 1107 2880 mo
1123 2825 1175 2898 qui
1190 2825 1228 2880 ad
1241 2825 1434 2882 aeternitatem
1448 2828 1562 2879 creatus
1576 2825 1628 2889 est,
1641 2821 1721 2875 solus'
1732 2820 1807 2874 inter
1820 2834 1882 2871 om-

175 2908 232 2965 sub
247 2908 403 2981 quanihil.
430 2909 507 2966 Finis
531 2926 622 2982 supra
645 2929 736 2984 quem
749 2914 831 2984 nihil,
849 2933 1003 2974 summum
1019 2925 1039 2982 c
1057 2914 1107 2970 nia
1135 2915 1277 2971 animalia
1305 2915 1420 2970 vultum
1444 2916 1574 2968 erectum
1597 2911 1697 2976 habet,
1721 2913 1752 2964 nt
1772 2908 1881 2962 (mlum

175 2997 312 3055 omnium
340 3002 392 3056 est.
418 2999 494 3056 Finis
518 3000 656 3074 subque
680 3002 764 3070 nihil,
785 3003 933 3062 infimum.
950 3009 1003 3064 lta-

175 3103 234 3161 que
247 3085 308 3144 duo
323 3092 393 3145 sunt
401 3087 476 3146 fides
487 3088 634 3162 omnium,
646 3107 799 3149 summum
810 3099 840 3151 et
852 3094 1001 3153 infimum.

174 3180 208 3233 Et
234 3176 382 3252 quidquid
420 3177 451 3234 in
482 3177 672 3237 universitate
709 3187 753 3238 est
780 3188 887 3256 prater
922 3201 1002 3242 sum-

174 3283 259 3323 mum
272 3271 300 3323 θῖ
313 3266 462 3336 intimum,
487 3268 621 3326 medium
645 3274 689 3327 est
712 3270 787 3329 inter
806 3290 959 3331 summum
975 3279 1004 3332 et

174 3356 204 3413 in
218 3356 336 3414 fimum.
361 3360 396 3414 Et
416 3359 657 3433 unumquodque
680 3362 804 3434 quando
828 3364 925 3435 magis
946 3365 1003 3421 dis-

174 3444 252 3501 cedit
266 3445 305 3500 ab
333 3445 434 3513 altere,
459 3450 540 3504 tanto
563 3449 661 3518 magis
684 3451 849 3508 acceditad
866 3453 1001 3525 alterum,

175 3533 237 3589 sive
250 3549 370 3589 summo
397 3535 437 3590 ad
465 3535 613 3605 infimum,
636 3539 695 3594 sive
720 3541 759 3596 ad
782 3541 855 3599 fimo
870 3544 909 3600 ad
925 3562 1004 3601 sum-

175 3638 271 3678 mum.
288 3622 336 3677 Vis
350 3638 439 3679 nosse
461 3624 486 3679 si
498 3623 572 3681 terte
587 3627 739 3699 Scriptura
751 3631 937 3688 maniicstius
952 3634 1004 3691 ali-

176 3708 246 3767 eubi
266 3709 341 3766 fines
363 3709 434 3767 istos
454 3716 692 3770 commemoret?
715 3716 751 3772 Si
768 3720 938 3792 ascatadere,
961 3721 1005 3777 in-

177 3798 242 3872 quit
259 3798 425 3871 Psalmista,
450 3801 481 3855 ta
505 3803 623 3872 catana,
651 3808 684 3858 tn
706 3805 771 3862 illie
785 3822 837 3875 es;
850 3809 877 3864 si
887 3809 1005 3867 deseen-

176 3888 247 3946 dero
273 3890 314 3945 ad
337 3889 502 3960 infernum,
530 3890 600 3947 ades
629 3892 722 3963 (Psat.
755 3895 899 3967 cxxnvnr).
929 3901 1005 3969 Ergo

178 3975 287 4032 coelnm
301 3980 329 4032 θῖ
343 3976 494 4033 infernum
509 3977 586 4035 aluos
600 3980 675 4037 fines
698 3983 849 4040 constituit
863 4000 1006 4045 excursus

178 4063 233 4120 sui.
243 4063 319 4120 Nihil
334 4068 434 4121 autem
449 4065 536 4123 altius
548 4073 592 4125 est
607 4070 691 4140 coelo,
708 4074 818 4131 etnibil
828 4076 1007 4148 profundius

177 4153 303 4210 interno.
333 4158 434 4227 ltaque
460 4157 569 4214 coelum
598 4176 752 4221 summum
784 4167 919 4224 omnium
944 4175 1006 4239 est;

1057 3004 1289 3077 contempletur,
1304 3003 1371 3060 etin
1382 3003 1473 3058 senem
1486 2999 1752 3059 consummationis
1767 2998 1881 3063 tendat;

1058 3100 1086 3152 et
1100 3112 1161 3152 non
1173 3094 1270 3152 solum
1293 3092 1408 3149 visibile
1421 3092 1479 3148 hoe
1500 3091 1609 3147 carlum
1625 3089 1717 3146 oeulis
1733 3087 1883 3160 corporeis

1058 3185 1282 3260 suspiciendum
1295 3182 1451 3250 existimet,
1465 3181 1518 3237 sed
1533 3184 1631 3236 mente
1645 3195 1765 3252 quoque
1781 3181 1809 3233 et
1821 3192 1883 3232 eor-

1057 3276 1104 3332 dis
1119 3275 1233 3332 visione
1249 3289 1340 3347 supra
1350 3272 1460 3330 eoelum
1475 3271 1621 3344 usquead
1634 3268 1792 3346 invisibilia
1808 3266 1882 3327 areli,

1058 3370 1086 3422 θῖ
1100 3356 1242 3439 spiritalia
1253 3362 1405 3431 virtutum,
1423 3360 1525 3419 ocules
1541 3359 1692 3416 interiores
1707 3355 1828 3413 clariore
1844 3359 1884 3410 nt-

1058 3472 1116 3530 que
1128 3454 1344 3531 perspicaciore
1354 3451 1614 3517 intuituattollens,
1626 3465 1721 3522 usquc
1733 3448 1771 3503 ad
1783 3447 1883 3510 thnm,

1058 3548 1111 3620 qui
1125 3563 1186 3603 non
1206 3546 1297 3602 habet
1319 3544 1419 3608 linem,
1449 3543 1479 3599 in
1500 3541 1612 3597 lumine
1629 3538 1797 3596 aeternitatis
1817 3554 1885 3592 eon-

1059 3635 1249 3710 tcmplatione
1277 3633 1467 3691 conscendat.
1497 3630 1571 3687 lllud
1589 3635 1632 3686 est
1656 3645 1759 3685 rerum
1775 3627 1884 3683 cnhun

1060 3741 1151 3798 supra
1179 3740 1268 3779 omno
1297 3722 1407 3779 coelum
1425 3739 1430 3777 :
1445 3720 1528 3794 quod
1557 3736 1619 3776 non
1648 3718 1745 3773 solnm
1776 3715 1885 3771 calum

1060 3813 1125 3870 coeli
1139 3817 1192 3881 est,
1210 3813 1260 3867 sed
1285 3812 1395 3868 coelum
1415 3810 1568 3866 coelorum.
1594 3812 1655 3865 h'on
1672 3806 1769 3880 primo
1785 3821 1887 3860 secun-

1060 3904 1134 3960 dum
1148 3921 1154 3972 ;
1168 3901 1220 3958 sed
1236 3901 1343 3975 primo,
1361 3904 1389 3956 et
1403 3900 1535 3955 secundo
1551 3899 1678 3954 tertium.
1694 3899 1816 3967 Propter
1830 3894 1886 3949 hoc

1061 3992 1169 4050 Paulus
1185 3990 1333 4064 usquead
1350 3989 1466 4046 tertium
1482 3988 1590 4043 eaelum
1603 3989 1722 4059 raptum
1736 4000 1767 4039 se
1783 3982 1888 4052 gloria-

1061 4087 1109 4139 tur
1122 4081 1166 4153 (H
1178 4080 1246 4137 Cor.
1263 4084 1324 4146 xri),
1338 4079 1390 4153 qui
1405 4078 1444 4135 ad
1470 4092 1624 4132 summurn
1639 4073 1776 4130 omnium
1789 4074 1887 4127 mente

1061 4173 1256 4244 pervenerat:
1269 4173 1298 4224 et
1311 4184 1373 4225 non
1389 4167 1486 4224 solum
1501 4164 1614 4220 visibile
1629 4162 1749 4228 eoelrnn,
1765 4160 1848 4234 quod
1863 4163 1890 4213 et

177 4241 311 4300 internus
335 4243 483 4315 intimum,
499 4263 590 4320 supra
604 4251 687 4323 quod
713 4253 787 4310 nihil
812 4259 841 4312 et
865 4258 921 4314 suh
945 4277 1044 4334 quon
1064 4261 1198 4316 humana
1222 4258 1361 4329 cogitatio
1390 4270 1525 4328 seperare
1548 4257 1644 4326 potest
1659 4250 1824 4314 transierat,
1839 4247 1890 4303 sed

178 4331 262 4401 nihil,
278 4337 306 4390 θῖ
318 4333 458 4406 pertingit
473 4337 622 4410 Sapientia
637 4357 655 4397 a
669 4341 729 4398 nne
743 4360 839 4418 usque
852 4347 891 4403 ad
901 4348 1002 4420 hnam‚
1062 4367 1098 4407 ea
1109 4365 1245 4424 quoque,
1272 4364 1341 4421 qun
1364 4344 1523 4402 invisibilia
1548 4358 1637 4415 super
1651 4342 1707 4397 hoe
1721 4338 1837 4396 visibile
1852 4342 1892 4393 to-

179 4426 208 4480 et
221 4422 324 4496 implet
338 4428 433 4481 totum
444 4441 479 4482 ac
494 4433 638 4501 penetrat.
652 4431 680 4488 Si
695 4434 826 4492 ascendo
838 4436 869 4493 in
884 4438 1004 4513 coelum,

179 4511 286 4585 inquit,
313 4517 344 4569 tu
366 4513 424 4571 illie
450 4532 500 4585 es;
528 4516 552 4573 si
580 4517 762 4579 descendero
787 4525 826 4581 ad
844 4525 1004 4599 infernum,

181 4599 263 4657 ades.
279 4604 343 4658 Non
358 4603 441 4672 dixit,
466 4605 497 4661 in
521 4607 596 4664 coelo
624 4610 706 4668 ades.
723 4616 824 4687 Neque
839 4615 870 4672 in
883 4615 998 4674 interno

181 4688 240 4745 illie
264 4705 305 4745 es.
328 4691 394 4758 Sed,
421 4692 446 4748 si
470 4697 634 4755 ascendero
658 4700 689 4755 in
712 4702 831 4772 caelum,
849 4704 906 4762 illie
921 4723 952 4763 es
967 4726 973 4777 ;
989 4708 1015 4763 si

181 4775 365 4834 descendero
380 4779 419 4835 ad
429 4780 589 4853 inlernum,
601 4786 683 4843 ades.
696 4791 772 4860 Ergo
787 4792 816 4847 in
831 4794 906 4851 eoelo
918 4799 970 4864 est,
986 4796 1017 4852 in

182 4864 298 4923 inferno
313 4866 416 4934 adest;
435 4868 467 4925 in
480 4871 555 4929 eaelo
566 4891 703 4945 manens,
720 4878 750 4935 in
762 4880 912 4941 internum
927 4885 1021 4941 adve-

182 4956 278 5024 niens,
294 4955 325 5013 in
336 4956 411 5013 coele
421 4966 573 5032 exspectat
584 4965 784 5040 advenientes,
797 4972 827 5028 in
846 4973 962 5031 inferno
978 4990 1020 5030 sc·

183 5052 285 5137 quitur
295 5045 451 5116 fugientes.
461 5052 661 5112 ascendentes
672 5057 702 5114 in
712 5060 821 5119 coelum
829 5062 887 5120 illic
897 5079 967 5120 eum
977 5062 1021 5119 in.

184 5148 310 5213 veniunt
322 5139 486 5198 descendes
502 5141 540 5199 ad
555 5143 705 5204 internum
718 5150 776 5208 illio
791 5168 860 5208 erim
872 5169 933 5208 non
949 5151 1023 5209 ellu-

186 5246 280 5316 giunt.
297 5241 326 5298 Si
341 5234 505 5297 ascendero
516 5236 547 5293 in
560 5239 679 5311 eoelum,
696 5243 801 5318 inquit,
818 5247 848 5299 tu
862 5241 920 5298 illic
936 5257 985 5310 es;
998 5225 1022 5296 si

187 5332 371 5393 descendero
391 5334 430 5392 ad
451 5334 611 5402 infernum,
639 5333 721 5390 ades.
746 5335 780 5389 Et
793 5336 894 5404 tamen
909 5329 1021 5387 utrobi·

187 5435 246 5493 que
260 5439 301 5492 es,
318 5429 346 5481 et
360 5425 413 5483 ubi
424 5442 465 5495 es,
482 5430 511 5483 et
522 5424 576 5482 ubi
589 5424 671 5492 ades,
683 5421 855 5497 pertingens
870 5435 888 5475 a
902 5418 962 5475 fine
973 5434 1023 5473 us-

188 5513 299 5587 qnead
313 5514 415 5574 tinem.
431 5521 528 5576 Atina
554 5517 606 5584 ubi
629 5533 671 5585 es,
696 5529 792 5588 usqae
807 5511 847 5568 ad
861 5510 954 5566 finem
971 5508 1025 5566 ubi

189 5600 271 5673 ades,
287 5603 399 5679 lorber
424 5613 452 5671 et
476 5609 640 5685 disponens
665 5603 769 5688 omnia
792 5599 931 5684 sarantes.
946 5603 1019 5657 Ecce

1061 4444 1126 4497 tum
1140 4443 1239 4496 creata
1254 4441 1323 4495 sunt
1346 4435 1457 4493 omnia
1471 4438 1673 4502 transgressus
1699 4430 1737 4486 ad
1759 4428 1891 4502 primum

1061 4528 1253 4604 principium,
1268 4531 1297 4582 ct
1310 4523 1480 4581 aeternitatis
1495 4527 1585 4595 caput
1602 4519 1822 4594 inspiciendum
1838 4517 1893 4571 ele-

1069 4624 1156 4677 vatus
1171 4621 1242 4674 erat.
1260 4619 1318 4671 lloc
1334 4618 1378 4669 est
1396 4610 1504 4669 coelum
1527 4610 1654 4667 tertium.
1668 4608 1799 4664 Primum
1815 4606 1893 4661 enim

1071 4709 1181 4765 coelum
1190 4702 1305 4761 visibile
1316 4700 1485 4758 esteoelum.
1498 4699 1669 4757 Secundum
1680 4696 1789 4753 eaelum
1804 4700 1847 4750 est
1857 4694 1896 4749 vi-

1072 4784 1898 4854 sibiliseteoeliiuvisibileincoelum.Tertiumccelumest

1073 4886 1139 4944 eoeli
1152 4882 1274 4940 visibilis
1294 4885 1323 4936 et
1337 4879 1403 4936 eoeli
1428 4878 1581 4935 invisibilis
1603 4875 1749 4932 invisibile
1776 4874 1896 4929 caelum.

1072 4975 1204 5032 Primum
1218 4970 1327 5027 coelum
1348 4973 1465 5026 tantum
1490 4972 1534 5023 est
1560 4966 1679 5031 eoelum,
1705 4968 1733 5019 θῖ
1747 4967 1900 5018 terr-secer-

1074 5065 1147 5121 lum.
1164 5058 1465 5126 Secundumeoelum,
1486 5056 1552 5113 coeli
1573 5051 1830 5111 columlertium
1843 5066 1902 5104 en-

1074 5153 1148 5222 lum,
1165 5150 1309 5208 coelorum
1335 5148 1454 5204 carlum.
1479 5149 1512 5202 Et
1535 5146 1592 5201 hec
1617 5143 1727 5199 caelum
1752 5156 1843 5212 supra
1870 5155 1900 5193 se

1076 5241 1240 5300 nonhabet
1263 5236 1529 5294 calumniarum
1550 5232 1660 5290 eaelum
1677 5234 1720 5286 est
1742 5245 1902 5300 supremus

1077 5335 1171 5388 status
1189 5326 1376 5385 conditionis.
1403 5324 1573 5383 Secundum
1605 5322 1714 5378 eoelum
1739 5323 1782 5373 est
1811 5332 1903 5389 supra

1078 5420 1279 5478 conditionem
1302 5421 1458 5490 provectus
1489 5411 1611 5469 virtutis.
1636 5409 1764 5466 Tertium
1792 5406 1902 5461 errlurn

1078 5514 1122 5567 est
1143 5508 1270 5564 sublime
1285 5503 1552 5578 contemplationis
1575 5500 1690 5557 Primus
1711 5496 1845 5553 internus
1860 5500 1904 5551 θεῖ

1078 5599 1200 5658 intimus
1224 5601 1317 5677 status
1339 5593 1525 5653 conditionis.
1550 5587 1703 5648 Secundus
1716 5585 1905 5643 internusest
