3832 6044
71 91 127 149 aas
718 99 890 157 uouere.
911 100 945 156 ru
970 94 1140 161 rennues.
1728 98 1781 182 aaa

63 211 251 285 impossibile
268 230 274 267 :
290 211 394 295 uitalis
410 213 447 268 ad
460 214 616 273 sanitatem
631 218 740 277 redeat.
759 223 829 278 tliue
842 229 894 291 est,
915 228 939 280 Α
953 239 1029 280 onus
1045 223 1213 296 Babylonis,
1231 224 1291 282 sire
1307 226 1384 299 Tyri,
1398 222 1457 283 sire
1473 226 1620 295 Damasei,
1637 235 1690 288 ete.
1709 235 1782 291 Sim·

63 300 149 376 qued
173 304 302 358 ioannes
316 302 353 358 de
369 309 511 375 peccante
527 308 564 362 ad
591 313 717 365 mertem
732 310 812 368 dicit.
828 315 896 370 Nea
952 314 1078 370 machus
1089 318 1116 370 et
1130 314 1312 372 Theodotien
1328 319 1491 389 assumptio
1506 317 1688 392 interpretati
1699 326 1779 380 sunt.

60 409 121 464 pre
136 409 169 450 eo
184 393 250 449 dice
265 399 297 449 ut
313 399 377 450 oret
388 396 454 465 orris
470 397 498 466 (l
509 398 596 454 teau.
615 402 650 470 r).
667 403 707 457 ile
730 402 751 457 si
766 402 894 459 diceret:
953 407 986 459 Et
999 403 1085 472 liene,
1097 410 1218 479 prepter
1233 405 1435 479 supradictam
1454 424 1588 478 causum,
1600 413 1726 467 terreres
1737 427 1782 468 so

65 483 147 540 Sicut
174 482 343 539 ‹lesiderare
370 484 496 541 salutem
511 486 575 557 ejus
604 505 664 545 nen
684 491 839 564 prohibeo,
856 493 897 549 sic
952 493 1108 550 lummedo
1124 494 1213 553 falsos
1234 502 1339 568 uocat,
1356 498 1569 571 promissiones
1594 503 1694 557 autem
1719 517 1781 557 nen

63 589 220 646 orarepre
245 589 280 628 ee
295 572 455 646 praecipere
470 592 530 631 nen
559 594 720 651 presumo.
739 580 808 655 arria
836 588 897 638 tam
953 583 1164 653 solumfalsaS,
1190 586 1242 642 scd
1268 592 1297 643 et
1324 587 1426 644 stultas
1448 587 1592 659 nominat,
1618 589 1698 665 quia,
1728 589 1781 647 etsi

64 661 199 718 mortalis
214 661 345 719 vulneris
360 663 483 732 curatio,
503 666 640 739 qrramris
666 670 829 742 potentiam
847 671 896 727 Dei
953 671 1044 728 home
1055 672 1128 747 quid
1142 673 1275 729 futurum
1288 675 1332 742 sit,
1349 693 1410 732 uon
1425 677 1519 750 possit
1531 694 1649 753 semper
1674 694 1781 749 agnes·

61 769 124 808 nen
136 752 269 819 excedat,
283 770 405 809 emnem
420 756 694 813 tamenbumanam
707 759 897 817 existimatio·
953 777 1028 829 cere,
1045 761 1167 818 stultum
1187 768 1286 819 tamen
1306 763 1391 819 valde
1419 765 1505 822 estin
1522 766 1661 840 praesenti
1688 784 1782 825 seme·

63 859 134 897 ncm
149 846 280 916 superat,
301 847 329 898 ct
346 842 414 897 idco
443 841 658 901 consideratius
674 846 771 917 agitur
785 847 809 903 si
824 849 896 905 inte·
954 853 1064 925 tipsum
1076 853 1223 924 ignorare.
1248 853 1329 910 Unde
1342 856 1441 912 statim
1465 861 1627 929 postquam
1654 858 1779 928 dixerat,

62 931 119 988 rim
133 931 284 988 humiliter
304 950 465 1007 suppressa
490 934 622 993 oratioue
638 936 819 994 desiderium
835 945 896 996 tan·
952 941 1088 999 siderum
1102 942 1154 999 tibi
1169 943 1244 999 falsa
1255 943 1388 1013 etstulta,
1401 944 1564 1017 subjungit.
1589 948 1650 1004 Nee
1670 951 1781 1019 aperie-

63 1025 127 1076 tum
144 1024 202 1078 fleo
213 1022 365 1091 offeratur,
381 1023 452 1096 (laria
466 1022 598 1080 fortassis
614 1024 698 1082 citius
713 1028 893 1100 impetrabit,
952 1030 1023 1086 beat
1035 1031 1090 1087 rut
1102 1034 1288 1105 iniquitatem
1299 1040 1391 1091 teratu.
1405 1034 1460 1101 eui
1470 1035 1550 1091 enim
1560 1041 1699 1110 peccator
1707 1053 1781 1112 pree·

63 1111 92 1166 in
108 1128 201 1167 causa
213 1116 272 1168 tarn
297 1111 418 1178 difficili,
434 1112 555 1169 humilis
570 1120 598 1171 ct
613 1115 750 1172 timorata
764 1117 892 1181 deretie,
951 1118 1046 1174 rniurrr
1059 1120 1130 1191 justi
1146 1121 1298 1194 premittit,
1314 1123 1401 1196 quasi
1428 1122 1615 1198 uriquitatem
1641 1123 1727 1196 iltius,
1743 1142 1781 1185 ne

63 1218 157 1275 quam
167 1201 268 1275 petitio
282 1207 532 1275 praesumptuosa.
548 1203 621 1260 eicit
632 1222 703 1276 erge
720 1225 726 1261 :
749 1208 820 1273 eris
834 1225 895 1263 me-
952 1207 1096 1278 rideatur,
1109 1209 1276 1268 abscondit.

63 1290 183 1347 debitur
199 1292 263 1348 tui?
279 1290 462 1357 Quasidicat
479 1310 485 1347 :
501 1293 893 1370 Periculosaestplagatua,
986 1298 1144 1375 Propheta
1170 1302 1224 1373 tui,
1258 1305 1311 1357 etc.
1333 1304 1436 1358 beree.
1474 1301 1552 1359 Siout
1578 1301 1667 1379 culpe
1694 1305 1781 1363 malis

63 1380 110 1436 eni
127 1397 181 1454 per
207 1382 374 1438 humanam
403 1382 580 1439 industriam
600 1383 751 1441 subreniri
766 1402 826 1442 non
841 1404 894 1460 po·
951 1387 1135 1460 p1·reletiscst
1155 1390 1238 1463 qued
1253 1407 1418 1465 percorum
1429 1391 1640 1464 negligentiam
1655 1395 1781 1469 subjecti

64 1474 128 1538 test,
141 1476 170 1527 ct
183 1488 251 1545 quiae
266 1475 388 1545 prepter
402 1472 523 1545 eulpam
539 1474 717 1547 praeteritam
742 1478 833 1533 alico
849 1494 894 1534 sa·
950 1483 1085 1550 pereunt,
1110 1478 1150 1536 ita
1176 1497 1297 1554 quoquc
1324 1481 1464 1554 subjectis
1492 1482 1522 1538 in
1551 1483 1672 1557 eulpam
1687 1485 1780 1560 depu-

62 1561 129 1619 nau'
155 1562 246 1634 digna
261 1579 322 1619 uon
337 1567 389 1619 est.
913 1571 1028 1641 sstarur
1041 1570 1134 1643 quod,
1157 1571 1261 1644 spretis
1283 1571 1381 1640 benis,
1409 1572 1560 1630 malorum
1588 1573 1779 1648 praelatorum

97 1651 257 1721 Propheta
272 1653 326 1724 tui,
343 1657 397 1708 cte.
414 1653 558 1709 terreum.
576 1657 648 1711 Cum
665 1656 893 1729 exprobratione
949 1655 1088 1731 exemplo
1113 1657 1276 1727 imitantur,
1311 1664 1339 1716 et
1362 1677 1518 1735 perversas
1549 1661 1699 1720 doctrinas
1728 1680 1780 1721 au·

61 1741 171 1799 dicitxu·
187 1743 355 1817 :Prophetae
373 1744 423 1801 tui.
445 1747 484 1800 he
516 1744 540 1800 si
568 1744 736 1803 diceretur:
766 1750 839 1804 Ecce
854 1750 893 1805 ad
949 1745 1044 1801 diunt.
1075 1749 1210 1817 Congruc
1221 1747 1309 1817 igitur
1324 1754 1486 1823 postquam
1499 1750 1691 1824 prelatorum
1715 1767 1780 1826 per·

60 1838 210 1907 quautam
225 1833 377 1891 miseriam
401 1835 539 1892 cler-olata
561 1853 602 1906 es,
616 1839 778 1912 prophetas
801 1838 892 1896 falsos
949 1834 1118 1891 versitatum
1143 1836 1249 1909 arguit,
1266 1837 1396 1893 nuuead
1423 1837 1504 1912 ipsos
1519 1856 1640 1916 queque
1663 1840 1779 1913 subjee-

59 1923 224 1991 audiende‚
240 1941 317 1999 quos
333 1931 364 1981 tu
378 1924 514 1991 dilexisti,
531 1931 559 1983 et
570 1929 732 2001 prophetas
748 1929 798 1985 Dei
824 1946 892 1987 cera
948 1926 993 1979 tos
1009 1924 1099 1982 rerba
1122 1925 1233 1982 deteris
1257 1943 1311 2001 per
1336 1926 1597 2000 exprobrationem
1625 1930 1776 1999 convertit,

60 2015 194 2072 diceutes
213 2015 315 2072 audire
332 2017 460 2074 noluisti.
484 2018 625 2075 t'r‘ctcruut
642 2019 704 2076 tihi.
721 2019 784 2076 Tibi
814 2020 892 2077 virle·
948 2013 1071 2071 dicens:
1101 2017 1253 2090 Propheta
1280 2017 1322 2073 tui
1337 2017 1475 2074 victorum
1500 2017 1550 2075 tihi
1565 2018 1641 2076 falsa
1661 2023 1689 2076 et
1710 2018 1779 2077 stut-

61 2111 139 2169 runt.
154 2105 225 2181 quia
238 2108 390 2180 prophete
407 2107 448 2164 tui
466 2107 594 2165 fuerunt.
611 2110 680 2167 Ideo
699 2110 892 2168 mendacium
948 2109 986 2163 te.
1003 2106 1116 2164 Preleti
1143 2107 1279 2165 ecclesia
1304 2108 1455 2182 prophetae
1484 2112 1563 2178 sunt,
1590 2106 1714 2184 quande
1739 2110 1779 2168 ad

60 2195 181 2253 illorum
205 2197 244 2252 ad
279 2201 305 2253 te
327 2198 513 2267 redundarit,
538 2199 609 2271 quia
637 2199 749 2257 malitia
772 2201 891 2258 illorum
947 2195 1154 2254 instruendam
1168 2197 1259 2254 fidem
1281 2215 1441 2272 moresque
1466 2199 1681 2271 subjectorum,
1697 2215 1778 2257 nune

63 2287 115 2342 tibi
144 2287 265 2361 placuit.
291 2289 444 2361 Propheta
471 2289 512 2344 tui
547 2289 684 2347 viderunt
720 2290 781 2347 tibi.
816 2291 892 2359 Quid
947 2286 1064 2343 occulta
1091 2287 1310 2361 seripturarum
1325 2292 1466 2357 reserant,
1491 2305 1572 2346 nunc
1586 2289 1624 2346 de
1647 2287 1777 2363 praehniis

61 2376 287 2435 tiliixideruut?
302 2379 393 2435 Falso
417 2384 443 2434 et
472 2380 576 2435 stulte.
607 2380 701 2447 falsa,
727 2380 757 2436 in
782 2381 892 2453 quihus
946 2376 1178 2445 honorumsirc
1194 2377 1450 2450 penismalornm
1464 2377 1775 2452 rentmapraedieunt.

60 2466 186 2539 decepta
201 2483 242 2523 es,
265 2467 366 2536 Stulta,
392 2467 420 2522 in
448 2468 559 2542 quibus
574 2469 710 2526 excusari
724 2486 786 2526 uon
796 2475 890 2544 petes.
946 2467 1078 2524 Perversi
1106 2471 1205 2524 autern
1232 2466 1355 2542 qrrieuc,
1383 2466 1455 2543 quia
1483 2466 1514 2523 in
1536 2466 1688 2543 loquendo
1715 2482 1777 2529 nou

61 2556 91 2612 Si
130 2561 244 2613 tautum
276 2556 352 2613 falsa
388 2556 539 2625 vidissent,
567 2558 597 2613 iu
634 2559 745 2632 quibus
787 2559 891 2617 saltem
947 2561 1009 2613 tam
1024 2557 1237 2614 correctionem
1257 2556 1452 2626 audientium,
1474 2574 1567 2631 quam
1589 2556 1683 2636 terem
1696 2573 1778 2633 quoe-

61 2644 165 2702 tuisset
192 2645 294 2718 aliqua
330 2645 457 2703 veritatis
496 2647 669 2716 similitudo,
699 2651 814 2722 poterat
836 2649 892 2706 for·
946 2651 1024 2716 runt,
1054 2652 1131 2704 recte
1158 2663 1238 2705 nunc
1266 2647 1303 2703 de
1336 2645 1378 2703 eis
1403 2645 1533 2707 dieitur:
1563 2645 1705 2703 Viderunt
1725 2644 1777 2704 tihi

62 2735 148 2791 tussis
162 2735 299 2792 excusari
330 2752 383 2809 per
406 2736 605 2806 ignorantiam
634 2737 806 2811 simplicitas
821 2744 890 2808 tua,
946 2736 1021 2792 falsa
1047 2740 1076 2793 et
1099 2736 1197 2794 stulta.
1235 2735 1319 2793 Falsa
1360 2734 1468 2793 etenim
1497 2738 1525 2793 et
1552 2735 1640 2793 stulta
1666 2729 1776 2804 vident,

58 2841 140 2881 nunc
165 2829 276 2893 auum,
304 2825 376 2898 quia
404 2825 491 2882 stulta
513 2825 602 2883 etiarn
630 2827 777 2897 viderunt,
799 2833 827 2885 et
852 2834 892 2885 ta·
946 2825 1017 2900 quia
1041 2826 1072 2882 in
1089 2825 1294 2883 discernendis
1317 2824 1452 2882 moribus
1476 2823 1681 2897 subjectorum
1698 2824 1777 2899 judi·

59 2931 129 2970 men
158 2916 278 2971 credere
309 2931 370 2970 nen
397 2914 517 2972 timuisti
541 2916 646 2972 merite
674 2917 797 2986 punitur
823 2917 891 2975 insi·
911 2914 1025 3003 Caium
1040 2915 1169 2973 veritatis
1184 2931 1244 2971 nen
1263 2919 1370 2971 tenent.
1386 2916 1420 2970 Et
1447 2930 1516 2970 cum
1531 2930 1642 2989 pravos
1667 2911 1777 2993 quosli-

59 3002 171 3075 pientia
209 3009 269 3061 tua.
313 3007 384 3070 Orare
413 3008 513 3060 autem
550 3005 625 3061 falsa
653 3010 681 3061 et
708 3023 775 3080 quie
803 3006 891 3065 stulta
945 3005 995 3061 bet
1020 3021 1076 3078 pre
1091 3003 1309 3075 gratiafaxeris
1323 3003 1353 3059 in
1383 3002 1443 3059 suis
1458 3001 1701 3075 perversitatibus
1715 2990 1777 3060 lau·

58 3092 222 3149 viderunt?
250 3095 594 3165 Falsasessraupttoaes,
611 3111 678 3151 cece
707 3095 892 3167 stulta;fet-
945 3094 1027 3162 dant,
1054 3094 1158 3151 stultos
1182 3091 1236 3167 per
1259 3092 1608 3164 negligentiamamplius
1635 3108 1689 3165 per
1703 3090 1776 3149 adu·

57 3198 109 3238 sus
139 3184 303 3252 ejectiones,
328 3201 395 3239 ecce
411 3183 494 3240 falsa.
519 3184 655 3251 Quande,
680 3185 891 3258 atquibusvo-
944 3181 1086 3239 lationem
1114 3182 1273 3238 infatuant.
1304 3179 1386 3236 Uude
1415 3184 1492 3235 reete
1534 3178 1691 3237 subditur:
1718 3181 1776 3235 Nee

56 3270 166 3326 lelraut
180 3272 552 3346 promittebautprespera.
576 3274 713 3341 Quande,
734 3280 763 3331 ct
780 3274 891 3338 utribus
945 3272 1120 3347 aperiebant
1142 3271 1194 3327 tibi
1222 3269 1408 3344 iniquitatem
1432 3273 1524 3335 tuam,
1554 3273 1587 3323 ut
1612 3271 1639 3324 te
1665 3268 1775 3339 eaptu-

56 3360 211 3423 volebant,
229 3361 567 3420 minabanturadrcrsa.
585 3363 642 3421 Sed
656 3368 817 3438 utriunque
839 3365 890 3421 fal·
944 3364 1101 3420 attentiora
1121 3363 1333 3432 prouocarent.
1366 3357 1440 3424 Quia
1459 3373 1528 3413 vero
1554 3372 1775 3431 nonnunquam

58 3466 137 3513 sum,
153 3449 225 3524 <pria
244 3450 395 3522 ejiciendis
424 3451 637 3525 premittebant
658 3452 888 3526 assumptiones,
944 3449 1016 3507 mali
1030 3449 1144 3522 praelati
1155 3449 1304 3520 sulrjcetes
1320 3445 1410 3503 etiam
1435 3445 1608 3502 innocentes
1622 3443 1692 3503 edio
1706 3461 1775 3519 pro·

59 3543 89 3595 et
111 3541 301 3597 assumendis
342 3541 510 3613 ejectiones.
544 3542 669 3608 Quande
698 3544 775 3599 fleus
798 3542 890 3599 uatus
945 3533 1775 3613 sequuntur,et,eumsuesinjuriasvindlcent,eausam

58 3635 131 3697 erat,
147 3630 328 3688 nuntiabant
354 3632 478 3705 quodie
500 3632 537 3688 ad
562 3633 780 3706 protegendum
808 3650 890 3690 assu·
944 3628 995 3687 Dei
1020 3645 1051 3685 se
1086 3626 1267 3701 patrocinari
1295 3624 1446 3694 simutant,
1480 3628 1558 3680 recte
1583 3623 1774 3693 subinfertur,

57 3725 170 3789 merct;
200 3720 324 3794 cpuande
349 3721 484 3781 placatus
505 3721 568 3789 tuit,
597 3722 792 3780 minabantur
806 3723 889 3797 qued
944 3736 1013 3775 eum
1038 3718 1165 3776 dicitur:
1191 3717 1333 3774 Viderunt
1356 3719 1456 3774 autem
1479 3713 1531 3772 tibi
1555 3713 1775 3813 assumptiones

59 3815 86 3866 te
128 3809 167 3866 ad
208 3810 413 3867 tribulandum
444 3811 570 3883 ejiceret.
599 3812 655 3870 Sed
696 3812 888 3870 comminatio
944 3809 1043 3879 falsae,
1060 3807 1269 3881 etejeetienes.
1291 3811 1330 3864 Ac
1347 3805 1372 3862 si
1393 3805 1540 3863 diceretur
1557 3803 1691 3871 :eribus
1716 3802 1775 3877 ipsr

57 3897 134 3954 falsa
157 3898 260 3965 fuitei
274 3900 432 3973 promissio
454 3901 552 3957 stulta.
569 3905 600 3957 tn
615 3901 812 3974 promissione
827 3919 888 3959 nen
943 3898 1009 3956 irati
1023 3898 1148 3968 fuerant,
1177 3898 1233 3955 illis
1253 3897 1329 3954 iram
1355 3901 1384 3953 et
1403 3894 1546 3953 ultionem
1575 3892 1708 3950 divinam
1720 3891 1774 3949 im·

56 3992 175 4044 tantum
199 3988 322 4057 falsitas,
359 3990 523 4047 sedetiam
562 3991 691 4059 stultitia,
725 3991 796 4065 quia
835 3991 888 4048 etsi
943 3989 1055 4048 minere
1080 3989 1269 4057 nuntiabant,
1301 3991 1450 4062 quatenus
1491 4001 1560 4042 eum
1590 3987 1684 4043 Deum
1707 3998 1775 4041 sua·

57 4082 184 4134 terreres
204 4079 336 4147 timuisti,
375 4080 460 4137 valde
487 4079 618 4137 alienum
657 4085 701 4137 est
728 4097 746 4138 a
774 4081 888 4138 ratione
941 4098 1011 4138 rum
1032 4079 1210 4153 injuriarum
1253 4078 1379 4136 ultorem
1403 4074 1544 4146 dicerent,
1570 4073 1687 4133 animes
1720 4089 1774 4148 po·

55 4169 151 4242 qued,
169 4170 241 4226 tanti
255 4169 373 4226 sceleris
389 4170 517 4238 conscia,
534 4170 618 4227 ranis
639 4171 888 4245 promissionibus
942 4170 1005 4245 puli
1033 4171 1073 4228 ad
1094 4169 1296 4226 sumendam
1320 4167 1376 4222 sihi
1402 4165 1599 4223 reverentiam
1630 4178 1774 4239 proveca-

56 4259 155 4332 decipi
194 4261 325 4333 potuisti.
356 4265 427 4318 Ecce
455 4261 609 4318 nesciebas
643 4263 726 4336 qued
754 4262 887 4320 futeuum
943 4264 1017 4317 rent.

54 4349 176 4418 fuerat;
203 4366 265 4407 aon
294 4356 393 4408 tamen
416 4351 577 4423 ignorabas
605 4351 719 4408 madum
747 4352 886 4409 meritum
978 4347 1388 4421 Pi‘cprietaetutetcueuu.
1402 4339 1774 4440 Qmsuntprophetrepea

55 4444 153 4507 tuum,
177 4440 261 4513 qued
282 4457 414 4513 praesens
442 4446 512 4498 erat.
538 4441 596 4515 lpsi
624 4446 724 4498 autern
747 4441 833 4510 falsa,
860 4448 887 4498 et
943 4439 1058 4496 eatricis
1073 4438 1192 4504 anima,
1208 4435 1260 4509 qui
1278 4434 1354 4491 falsa
1368 4438 1397 4489 et
1422 4431 1565 4528 stultaers
1578 4429 1703 4528 vident,
1716 4441 1772 4485 msr

55 4528 146 4585 stulta
173 4510 312 4599 ridendo,
344 4548 405 4587 neu
433 4531 607 4604 aperiebant
628 4530 679 4587 tibi
699 4530 884 4604 iniquitatem
942 4529 1013 4585 ieris
1029 4524 1278 4600 sensuscerporis
1300 4527 1329 4579 et
1343 4520 1452 4578 versuti
1466 4523 1611 4619 cogitatus
1624 4522 1773 4617 ¹intrinse-

54 4623 150 4685 tuam,
166 4618 238 4691 quia
248 4636 319 4676 cum
333 4620 476 4692 peruersis
492 4621 521 4677 'm
539 4637 594 4676 sue
614 4629 723 4677 scelere
742 4636 886 4694 prospera
942 4634 1005 4685 eus
1020 4633 1097 4690 quos
1110 4612 1295 4690 previdentia
1309 4610 1406 4668 earnis
1417 4606 1772 4709 manittsseusuleremus

53 4708 269 4780 promitterent,
287 4714 316 4766 et
330 4710 501 4784 simpliciter
514 4710 683 4781 gradientes
697 4710 783 4767 vanis
799 4716 886 4768 terre-
941 4706 1033 4781 paule
1048 4705 1186 4762 attentius
1197 4715 1290 4778 quam
1310 4701 1376 4759 falsi
1388 4701 1448 4757 sint
1459 4704 1507 4756 rsh
1519 4698 1681 4773 propheta.
1698 4700 1772 4756 ane

54 4798 139 4855 ribus
153 4798 353 4869 sollicitarent,
382 4816 443 4858 neu
472 4801 655 4875 aperiebant,
671 4800 731 4856 imo
746 4800 887 4857 vetabant
942 4814 1020 4853 uuus
1033 4796 1070 4853 de
1092 4795 1158 4852 illis.
1174 4794 1259 4851 Visus
1283 4792 1439 4869 quomedo
1465 4790 1540 4848 falsa
1563 4782 1771 4890 prophetantia

52 4887 243 4960 iniquitatem
267 4895 359 4958 tuam,
385 4907 422 4946 ne
436 4907 506 4958 eam
526 4906 713 4961 agnosceres,
728 4891 778 4947 Vel
803 4889 886 4947 aliter
940 4885 1059 4960 decipit.
1080 4885 1108 4943 Si
1121 4901 1185 4942 rem
1210 4883 1318 4941 videris
1342 4880 1615 4957 concupiscibilem,
1630 4879 1704 4955 quid
1720 4877 1772 4936 trlu

52 4977 198 5049 ‹hsengui
212 4984 318 5052 petest.
349 4981 434 5047 Quod
449 4980 523 5037 dixit
549 4980 633 5049 falsa,
654 4985 683 5038 et
715 4980 813 5047 stulta,
829 4981 885 5037 hec
941 4974 1189 5051 praedicitihma,
1205 4974 1311 5049 inquit.
1327 4990 1460 5048 sequere,
1477 4969 1679 5046 apprehende,
1696 4968 1772 5027 fruc-

51 5067 182 5140 pertinet
196 5069 235 5125 ad
263 5067 497 5142 premissiones;
516 5070 598 5143 qued
613 5074 713 5126 autem
742 5068 884 5143 sequitur,
940 5083 990 5135 re,
1006 5066 1075 5123 felix
1090 5066 1156 5133 cris,
1173 5065 1199 5122 si
1223 5065 1272 5122 tali
1296 5063 1566 5136 desidcrrepetitus
1596 5057 1695 5115 fueris.
1713 5055 1770 5152 Sed

51 5154 146 5211 falses
166 5157 386 5229 assumptiones
401 5161 430 5212 et
444 5155 533 5213 falsas
541 5156 709 5228 ejectiones,
724 5161 885 5229 utrumque
940 5156 1041 5213 infelix
1051 5155 1162 5225 muna,
1177 5156 1251 5212 dum
1265 5155 1344 5212 male
1356 5152 1477 5210 credula
1491 5149 1628 5206 fallacem
1644 5158 1770 5217 promte·

51 5244 245 5301 referendum
264 5246 360 5302 estad
390 5251 523 5302 terrores.
548 5246 779 5302 Tribulationem
803 5261 887 5302 nam-
940 5246 1055 5303 sionem
1078 5246 1220 5321 sequitur,
1246 5243 1384 5317 ampliori
1407 5238 1527 5296 miseria
1553 5251 1607 5308 per
1631 5232 1769 5332 effaetum

51 5349 110 5406 que
127 5337 157 5389 et
172 5334 348 5404 ejectionem
363 5341 460 5405 uocat,
490 5336 801 5409 eoquodpepuluea
827 5339 886 5392 lleo
940 5335 1057 5393 sceleris
1080 5335 1238 5406 obligatur.
1269 5333 1314 5389 Sic
1343 5330 1472 5392 auditus,
1497 5325 1538 5380 sie
1567 5321 1703 5391 olfactus,
1727 5336 1768 5377 src

51 5423 218 5494 ejiciendus
232 5431 304 5495 erat,
317 5432 345 5482 et
359 5427 595 5500 assumptionem
610 5428 649 5483 ad
662 5425 885 5483 similitudinem
939 5431 1043 5496 gustus
1059 5428 1087 5480 et
1097 5429 1192 5481 taetus
1203 5421 1277 5477 falsa
1298 5418 1487 5492 prophetant,
1504 5417 1532 5513 et
1546 5409 1699 5512 credentes
1713 5410 1769 5513 sibi

51 5514 162 5583 orieris,
194 5517 478 5590 quodassumptum
504 5522 673 5591 portantem
685 5520 796 5589 gravat.
814 5515 885 5573 Hine
938 5515 1111 5590 illaqueant,
1122 5512 1204 5587 quia,
1214 5508 1392 5585 priusquam
1402 5507 1643 5604 concuprscenha
1655 5519 1769 5581 experr-

50 5611 94 5666 est
112 5604 207 5677 enirm
220 5607 304 5681 quod
330 5607 500 5668 arbiheetus
518 5608 717 5683 hieronymus
736 5605 887 5671 transtulit
937 5600 1193 5681 mentumcapiet,
1207 5613 1354 5679 prospera
1373 5610 1476 5663 emate
1490 5591 1642 5659 ethtaeda
1668 5592 1769 5657 tutare
