3832 6044
68 130 119 186 tet
491 128 697 187 ALLEGORlAE
716 130 751 184 ΙΝ
770 124 881 183 VETUS
899 127 1162 204 insulanarum.
1182 160 1217 172 -
1236 132 1300 189 ltu.
1320 133 1364 191 Vl.
1727 137 1782 193 7⁰2

61 251 211 326 despectis
225 250 376 324 prioribus
391 251 532 310 iratribus
554 252 632 324 eligi,
650 249 811 325 reprobato
825 264 896 321 roga
915 253 1069 321 Apertam
1096 254 1194 311 dorla
1220 273 1331 326 eonem,
1361 263 1387 314 et
1407 257 1549 328 prendit
1561 263 1652 314 vestes
1680 273 1781 316 eorum

62 344 102 400 ad
119 340 204 411 regni
215 339 420 411 gubernacula
435 341 517 412 angi,
530 340 696 398 timendum
709 338 897 396 cunctisuno
953 343 1051 400 media
1077 360 1169 416 usqae
1190 347 1231 402 ad
1253 353 1347 420 reales,
1364 355 1391 405 et
1406 350 1516 405 dimisit
1532 364 1589 405 eos.
1606 346 1699 416 Orroei,
1715 361 1782 405 cam

62 429 163 503 lapide
180 428 295 486 Goliam
310 432 449 498 sternere,
466 445 567 499 aroge
582 427 736 502 proposita
747 425 899 483 exstinctis
952 433 1125 490 patritialem
1139 440 1210 491 esset
1233 437 1341 504 David,
1358 440 1437 494 arisit
1452 440 1483 493 in
1497 452 1652 495 occursum
1669 450 1781 494 eorum.

62 517 230 592 allophylis
249 532 412 574 numerosa
425 517 574 590 praeputia
594 521 757 590 reportare,
770 514 898 590 promis·
951 520 1051 581 lirant
1064 525 1141 579 enim
1157 525 1216 581 viri
1229 526 1349 595 confessi
1363 529 1493 598 turpiter
1500 527 1608 584 ratde:
1622 528 1650 582 et
1658 525 1785 584 mande·

62 624 132 665 sum
147 607 270 664 tandem
281 621 408 677 regnum
421 605 583 680 percipere,
597 608 898 679 cunctumquelsrae·
952 611 994 667 eit
1009 612 1049 668 cis
1063 612 1173 683 David,
1190 614 1309 671 Meneta
1323 616 1355 670 in
1366 616 1496 683 iericho,
1511 613 1709 672 desertores
1722 626 1784 672 vet·

63 697 178 755 liticum
192 694 342 770 populum
355 695 419 752 sine
438 694 499 753 ulla
513 695 748 753 contradictione
765 693 898 769 posside·
953 705 1009 756 tra
1024 706 1170 767 crescent,
1183 707 1210 757 et
1226 707 1297 758 turre
1312 705 1497 760 revertimini
1508 704 1553 776 (ll
1563 705 1634 774 Rep.
1652 704 1690 776 ι).
1706 701 1784 770 Quid

63 788 117 843 rel
134 788 168 843 Et
187 789 288 842 hmen
303 780 491 841 cum'arcam
512 784 561 841 uei
579 783 744 842 Jerusalem
766 787 897 853 revocat,
952 789 1117 847 lnecverba
1139 790 1319 860 significant,
1335 792 1392 847 nisi
1415 792 1528 850 lrellnnr
1542 791 1653 848 diaboli
1679 795 1783 849 eontra

63 874 152 949 quasi
165 873 275 931 oblitus
291 888 323 929 se
339 873 497 948 praelatum
509 873 661 943 omnibus,
684 872 830 931 admistus
845 886 900 946 po·
953 878 1137 936 Ecclesiam?
1154 882 1259 936 llanon
1282 880 1372 948 enim,
1400 880 1453 954 qai
1476 881 1684 953 interpretatur
1696 881 1785 938 dotet·

63 964 143 1039 pulis
156 968 224 1021 ante
235 979 338 1020 aream
353 963 492 1021 saltatllt
502 964 575 1037 quia
585 979 687 1022 coram
698 979 770 1021 arca
779 962 896 1031 saltare,
953 981 1065 1036 eorum,
1081 967 1235 1025 diabolum
1255 968 1412 1038 significat,
1425 969 1478 1042 qui
1492 968 1741 1037 ammonitarum,
1752 968 1783 1025 id

63 1059 96 1112 ut
107 1053 246 1122 creditur,
260 1053 343 1124 vulgi
352 1069 419 1110 mos
431 1053 536 1122 iuerat,
548 1071 599 1111 rex
613 1070 644 1111 se
654 1053 686 1111 in
695 1053 798 1110 divino
813 1051 899 1109 obse·
953 1060 998 1112 est
1010 1056 1212 1127 malignorum
1228 1057 1387 1131 spirituum
1402 1062 1445 1115 cst
1455 1063 1561 1124 rector,
1577 1055 1609 1113 id
1622 1061 1666 1113 est
1679 1054 1784 1130 populi

65 1144 137 1218 quio
153 1161 207 1218 per
222 1143 330 1201 saltum
353 1147 440 1200 rotat.
461 1147 545 1213 Ecce,
559 1161 650 1217 quem
672 1142 815 1201 Dominus
829 1157 900 1198 eun·
953 1145 1099 1215 maioris,
1111 1152 1139 1203 et
1149 1163 1267 1220 semper
1279 1147 1309 1203 in
1323 1147 1461 1217 angustia
1474 1145 1632 1215 constituti,
1644 1145 1694 1219 qui
1704 1158 1785 1202 com·

64 1233 119 1290 ctis
135 1232 324 1304 singulariter
334 1232 473 1306 praetulit,
491 1249 555 1289 sose
570 1231 626 1288 sub
642 1231 769 1289 homino
781 1234 810 1288 et
819 1245 900 1287 exse·
954 1234 1082 1306 primere
1096 1234 1143 1291 vel
1158 1236 1330 1305 angustiare
1351 1236 1487 1292 homines
1515 1235 1673 1292 desiderat.
1698 1233 1786 1292 noan

63 1322 188 1396 quando
204 1321 331 1394 abjecta,
345 1325 374 1379 et
387 1321 418 1376 in
433 1319 566 1378 minimis
588 1320 757 1377 exhibendo
770 1324 900 1376 conlem-
955 1338 1025 1391 ergo
1037 1323 1194 1381 dimidiam
1209 1324 1338 1381 barbam
1353 1341 1508 1380 servorum
1524 1323 1627 1393 David
1643 1337 1713 1380 eum
1722 1322 1785 1380 dla-

63 1412 117 1469 nit.
132 1415 196 1468 Non
213 1415 345 1485 potestas
370 1411 454 1482 regni
469 1411 508 1468 ad
534 1409 712 1468 memoriam
739 1409 898 1479 reducitur,
954 1411 1042 1467 holus
1064 1413 1268 1484 quorumdam
1296 1413 1718 1486 praedicatorumsarmonem,
1736 1410 1785 1469 rel

65 1516 130 1556 non
145 1500 349 1573 subjectorum
370 1500 464 1556 oculis
478 1498 615 1556 saltando
625 1498 763 1556 vilescere
785 1496 900 1570 metuit,
955 1500 1103 1557 actionem
1119 1503 1341 1574 corrumpendo
1359 1502 1501 1570 nracrdat,
1521 1501 1657 1576 praecidit
1669 1499 1784 1558 tunicas

64 1605 127 1646 non
142 1605 173 1645 sa
186 1589 344 1663 praelatum
368 1589 484 1645 honore
503 1589 617 1645 caetoris
631 1592 700 1644 ante
710 1587 775 1660 eJ‘us
787 1603 899 1656 arcam,
915 1604 937 1659 g
955 1604 1050 1661 usque
1064 1590 1104 1645 ad
1117 1589 1238 1658 inguen,
1252 1607 1321 1647 curu
1337 1591 1433 1664 turpia
1456 1590 1534 1648 iacta
1543 1605 1612 1664 quae
1624 1588 1786 1664 persuadet

63 1678 119 1751 qui
141 1678 288 1735 horrorem
316 1678 449 1751 dederat,
478 1677 674 1748 recognoscit.
706 1681 813 1734 Coram
840 1680 900 1734 Deo
955 1677 985 1753 in
999 1678 1264 1735 oculishominum
1278 1680 1399 1737 revelat.
1426 1680 1460 1735 iii
1485 1694 1606 1736 necasse
1627 1683 1718 1737 estut
1740 1692 1784 1735 se·

64 1765 126 1835 egit
139 1765 250 1824 debilia
263 1765 312 1823 vel
334 1771 478 1835 extrema,
492 1771 525 1823 ut
539 1783 576 1823 ex
589 1766 640 1823 illa
653 1765 820 1822 humilitate
834 1761 901 1820 soli·
955 1765 1045 1822 deant
1066 1765 1193 1835 iericho,
1209 1767 1306 1824 ‹lonec
1329 1773 1463 1824 arescant
1477 1768 1580 1824 barbae
1603 1782 1665 1824 suas
1675 1784 1713 1824 ne
1726 1766 1785 1823 siut

65 1856 233 1929 daretque
254 1871 357 1912 eoram
372 1855 546 1913 hominibus
565 1858 698 1926 gesserat
711 1853 807 1912 sortia.
824 1852 901 1920 Quid
955 1854 1153 1928 opprobrium
1178 1859 1206 1911 et
1220 1856 1385 1924 ignominia
1409 1856 1578 1924 meliorum,
1606 1859 1696 1930 atque
1723 1855 1784 1912 offl-

65 1944 104 1999 de
119 1946 184 2016 ejus
199 1944 284 2002 iactis
296 1944 336 2001 ab
351 1943 417 2001 aliis
430 1944 575 2001 sentiatur
592 1944 698 2016 ignoro
714 1961 721 1999 :
736 1958 792 2013 ego
806 1941 902 1998 David
955 1942 1071 2000 ciuntur
1099 1944 1261 2001 anathema
1286 1943 1433 2011 omnium,
1461 1944 1557 2001 donec
1585 1959 1638 2017 per
1651 1942 1784 2000 studium

66 2033 224 2091 saltantem
237 2033 305 2107 plus
317 2038 433 2107 stupeo,
445 2050 539 2108 quam
553 2037 749 2106 pugnantem.
765 2034 902 2102 Pugnan·
954 2031 1080 2099 honum,
1106 2031 1271 2089 barbarum
1287 2033 1411 2106 speeies,
1423 2032 1454 2089 id
1469 2036 1513 2088 est
1526 2032 1668 2088 virtutum
1692 2031 1785 2087 inore·

66 2124 107 2178 do
117 2123 231 2197 quippe
242 2125 342 2181 hostes
355 2123 489 2180 subdidit
506 2142 512 2192 ;
528 2123 666 2181 saltando
686 2128 785 2180 eutem
798 2136 900 2178 coram
955 2126 1055 2178 mento
1067 2121 1098 2178 in
1114 2121 1156 2178 eis
1170 2127 1333 2180 nascantur
1347 2126 1376 2178 et
1386 2122 1470 2192 digni
1494 2121 1664 2178 habeantur
1677 2133 1784 2195 repra·

66 2211 193 2268 Domino
209 2212 405 2285 semetipsum
420 2212 499 2269 uicit.
515 2215 611 2279 Quem
623 2210 729 2270 llichol
742 2210 805 2269 filia
831 2208 902 2268 Saul
955 2212 1064 2268 sentari
1079 2228 1134 2268 suo
1146 2212 1219 2282 regi.
1236 2211 1327 2269 David
1351 2217 1451 2269 autem
1464 2216 1565 2268 noster
1581 2209 1688 2267 militas
1712 2222 1784 2265 suos

66 2299 166 2357 adhue
178 2317 215 2357 ex
226 2305 342 2358 tumore
353 2301 426 2372 regii
438 2301 751 2373 generisinsana,cum
764 2298 901 2356 humilia·
954 2302 1064 2358 inultos
1076 2318 1140 2359 esse
1155 2318 1217 2359 non
1232 2301 1341 2374 patitur
1356 2320 1362 2370 ;
1382 2301 1434 2358 sed
1448 2301 1577 2358 exercitu
1590 2303 1783 2370 congregato,

65 2392 130 2445 tum
156 2388 318 2462 despicere,
340 2390 442 2447 dicens
459 2408 465 2446 ι
484 2392 580 2457 Quam
610 2390 755 2460 gloriosus
782 2387 900 2445 luitha·
955 2407 1078 2448 suornm
1104 2391 1244 2462 injuriam
1268 2390 1420 2458 vindieat,
1446 2406 1501 2446 nec
1525 2390 1622 2446 solum
1646 2389 1784 2447 attrema-

65 2476 114 2532 die
126 2493 178 2533 rex
193 2478 283 2534 lsrael
295 2477 520 2550 discooperiens
538 2493 569 2534 se
584 2483 652 2535 ante
665 2477 788 2535 ancillas
803 2492 901 2533 servo·
954 2480 1014 2538 rios
1046 2497 1117 2538 suos
1144 2497 1225 2538 nunc
1258 2496 1311 2553 per
1339 2484 1512 2537 sanctorum
1544 2492 1667 2536 snorum
1693 2477 1783 2534 vieto·

66 2581 134 2620 rum
157 2580 292 2638 suorum,
308 2567 337 2622 et
350 2565 483 2623 nudatus
498 2570 542 2623 est
556 2566 644 2639 quasi
659 2582 737 2622 anus
756 2566 794 2622 de
819 2581 900 2622 seur·
953 2568 1031 2625 riam
1045 2567 1209 2633 confundit,
1226 2567 1279 2624 sad
1293 2568 1383 2624 cham
1404 2567 1434 2624 in
1447 2570 1579 2624 extremo
1591 2560 1714 2638 judicio,
1730 2576 1785 2636 per

66 2652 116 2720 ris,
130 2653 267 2727 protinus
279 2653 401 2711 audivit.
430 2654 547 2712 Ledam
570 2659 642 2712 cate
663 2655 824 2711 Dominum
848 2655 903 2725 qai
951 2657 1064 2728 justam
1092 2655 1279 2723 sententiam,
1305 2654 1457 2729 perpetuis
1470 2653 1592 2724 ignibus
1606 2650 1785 2710 cruciandos
1808 2648 1815 2661 '

67 2745 155 2815 elegit
178 2745 355 2814 enepotius,
385 2759 475 2817 quam
491 2750 612 2815 patrem
633 2750 727 2801 taum.
758 2747 790 2801 Et
808 2743 899 2817 paulo
954 2746 1058 2802 tradet.

66 2836 136 2905 post
149 2832 239 2889 etiem
252 2832 350 2906 inquit
369 2851 377 2890 ι
399 2834 440 2890 Et
456 2834 570 2904 tudam,
585 2839 612 2891 et
627 2834 717 2890 vilior
727 2834 799 2902 fiant
814 2833 900 2902 ptus·
981 2837 1047 2891 Car.
1064 2837 1151 2891 Xl'lt'.
1167 2835 1211 2891 De
1226 2834 1345 2891 Relatis
1360 2839 1389 2890 et
1403 2833 1571 2890 diedemate
1584 2832 1662 2902 repis
1676 2831 1750 2901 ejas.

66 2938 157 2994 peram
170 2924 271 2992 fastra
284 2938 360 2995 eaor,
376 2939 485 2994 eroque
506 2922 627 2979 hussitis
651 2923 684 2978 in
699 2923 793 2978 oeulis
816 2923 896 2979 neeis.
914 2956 935 3017 C
987 2923 1070 2979 Misit
1085 2923 1161 2981 deal
1175 2926 1296 2980 alsatios
1316 2925 1357 2980 ad
1372 2922 1481 2994 David,
1497 2922 1597 2978 dicem
1611 2934 1622 2977 .·
1635 2916 1786 2977 bernacer
1821 2919 1828 2923 '

66 3014 107 3065 no
132 3010 157 3066 si
181 3016 281 3084 aperte
310 3012 411 3069 dicat:
436 3011 578 3068 Vilcscere
604 3026 706 3068 eoram
726 3009 899 3068 hominibus
952 3008 1785 3085 adverusdeteret,captendoerturosaqamamnana

67 3103 190 3173 appeto,
203 3100 275 3172 qaia
288 3117 408 3157 servare
422 3099 497 3157 mihi
511 3115 614 3157 coram
637 3103 695 3157 heo
705 3114 834 3170 regnum
845 3114 900 3172 per
952 3118 1022 3175 erpo
1037 3119 1186 3174 rereprepa
1200 3104 1348 3173 reliquam
1367 3108 1485 3172 partem
1495 3102 1605 3172 populi
1617 3115 1629 3156 :
1642 3103 1672 3154 et
1684 3097 1785 3154 obside

67 3188 268 3246 humilitatem
281 3205 395 3263 quaero.
412 3192 486 3248 Sunt
506 3206 578 3247 vero
593 3189 731 3246 nonnulli
742 3189 795 3263 qui
806 3188 844 3245 de
856 3203 900 3245 se·
951 3194 1111 3259 civitaten,
1126 3197 1154 3249 et
1169 3207 1242 3261 cepe
1253 3207 1329 3263 earn,
1338 3206 1384 3257 oe,
1396 3206 1462 3247 cerro
1476 3204 1494 3245 α
1507 3204 1552 3245 me
1564 3178 1783 3256 oestotefeerit

66 3275 202 3349 metipsis
226 3277 350 3335 humilia
375 3277 514 3346 sentiunt,
531 3278 584 3350 qui
607 3278 638 3334 in
662 3278 776 3335 honore
798 3274 897 3352 positi,
953 3281 1034 3353 urbs,
1050 3281 1166 3337 nomini
1180 3295 1243 3335 meo
1256 3277 1574 3335 assabatureictorio.
1596 3274 1784 3345 Comparar-

66 3366 140 3423 nibil
154 3383 184 3424 se
210 3383 274 3424 esse
298 3367 353 3423 nisi
377 3366 533 3440 pulverem
554 3367 747 3441 favillamque
773 3381 900 3442 perpen-
952 3372 1086 3427 mirasse!
1096 3373 1202 3426 contra
1215 3383 1279 3426 eam
1293 3367 1401 3435 Daorsi,
1415 3367 1492 3436 cepit
1504 3380 1580 3434 eam,
1595 3369 1623 3421 et
1636 3362 1707 3419 rsttt
1718 3361 1785 3419 dia·

66 3455 152 3512 dunt.
167 3457 224 3513 Sed
239 3461 340 3513 tamen
363 3472 466 3513 coram
479 3456 653 3514 hominibus
667 3456 739 3513 viles
753 3470 900 3530 apparere
952 3460 1039 3516 dene
1058 3460 1137 3531 repis
1153 3472 1254 3515 eorum
1269 3457 1414 3526 decapite
1426 3458 1489 3526 ejus
1503 3455 1625 3526 (illice.
1641 3450 1701 3524 ru).
1715 3454 1783 3507 llaec

64 3545 227 3615 refugiunt,
241 3550 269 3603 et
282 3551 385 3603 contra
400 3547 467 3615 hoo,
491 3547 573 3620 quod
589 3546 626 3602 de
642 3563 672 3602 se
686 3545 809 3603 interius
821 3544 901 3616 cogi·
952 3547 1074 3606 viatoria
1087 3547 1188 3616 David,
1202 3562 1296 3621 quam
1316 3546 1391 3602 loab
1405 3544 1556 3602 inchoavit
1569 3547 1598 3600 et
1613 3543 1677 3615 ipse
1689 3539 1783 3614 perie-

65 3639 140 3705 tant,
155 3634 242 3708 qrrasi
256 3635 352 3706 rigida
368 3635 497 3692 exterius
511 3640 665 3692 venustate
679 3634 850 3709 palliantur.
868 3636 901 3691 Et
954 3638 1002 3707 cit,
1028 3636 1176 3708 significat
1197 3635 1351 3692 victoriam
1374 3634 1461 3706 Regis
1492 3632 1594 3690 nostri.
1617 3634 1681 3687 Dux
1701 3628 1782 3686 enim

66 3730 136 3780 sunt
148 3724 285 3781 nonnulli
299 3725 353 3798 qui
373 3725 444 3782 viles
457 3724 550 3782 videri
565 3724 605 3781 ab
624 3723 798 3781 hominibus
810 3740 900 3798 appe.
953 3731 1057 3784 contra
1067 3727 1168 3782 hostes
1179 3723 1291 3781 bellum
1305 3723 1388 3792 gerit,
1413 3739 1482 3779 cum
1495 3720 1725 3796 praedicatorum
1737 3733 1783 3775 or·

65 3819 143 3886 tunt,
160 3819 188 3871 et
211 3832 242 3871 se
264 3818 410 3888 tanquam
433 3813 564 3886 dejectos
581 3814 708 3871 exterius
731 3813 900 3870 exhibendo
954 3816 1004 3886 do,
1019 3819 1138 3872 scutum
1147 3814 1217 3870 fidei
1240 3817 1343 3870 contra
1357 3811 1462 3868 mundi
1478 3812 1636 3884 potestates
1646 3804 1780 3879 opponit.

67 3909 266 3961 contemnunt
282 3923 288 3972 ;
313 3905 365 3960 sed
380 3909 481 3961 tamen
501 3903 583 3977 apud
599 3920 630 3960 se
654 3904 800 3961 introrsus
813 3901 901 3977 qussi
955 3904 1013 3963 Sed
1026 3903 1150 3962 victoria
1163 3903 1200 3960 ad
1217 3902 1365 3960 Christum
1380 3901 1513 3968 refertur,
1528 3897 1600 3970 qnia
1613 3894 1670 3970 ipsi
1684 3892 1782 3951 omnis

67 4011 104 4049 cx
117 3995 182 4067 ipso
200 3994 317 4066 ¹merito
336 3999 463 4050 ostensae
490 3993 609 4050 vilitatis
632 3993 843 4061 intumescunt,
873 3990 902 4049 et
954 3993 1094 4067 potestas,
1108 3992 1274 4065 etpotentia
1284 3990 1365 4062 regni
1375 3988 1540 4046 ascribitur.
1552 3987 1631 4044 Deus
1642 3985 1718 4042 enim
1727 3987 1781 4053 est,

67 4087 150 4140 tanto
165 4084 262 4153 magis
277 4084 307 4139 iu
323 4083 412 4139 corde
427 4082 496 4139 elati
506 4086 575 4139 sunt
586 4088 700 4156 quanto
717 4081 846 4156 amphus
869 4081 900 4138 in
954 4085 1007 4155 qui
1018 4083 1201 4154 operatoria
1213 4081 1307 4148 erotis,
1319 4086 1346 4137 et
1356 4080 1468 4136 vetteet
1480 4080 1624 4149 perficere
1635 4075 1781 4147 (Philipp.

68 4172 167 4245 speeie
181 4171 340 4229 elationem
354 4175 505 4246 premunt.
528 4173 600 4238 Quoe
623 4175 750 4244 utraque
767 4169 902 4228 elationis
954 4172 998 4244 u.)
1013 4174 1162 4229 Coronam
1186 4169 1264 4238 regis
1283 4166 1398 4225 hostilis
1411 4166 1515 4240 populi
1528 4163 1622 4221 David
1637 4164 1734 4220 aufert
1754 4165 1784 4218 et

67 4261 147 4318 bella
162 4278 275 4332 magna
290 4262 383 4319 David
408 4259 673 4332 circumspectione
694 4257 899 4332 deprehendit,
956 4260 1011 4317 sibi
1025 4259 1165 4315 diadema
1181 4257 1259 4325 lacit,
1282 4273 1352 4313 cum
1367 4255 1498 4312 Christus
1512 4251 1633 4309 diabolo
1655 4265 1783 4321 regnum

68 4350 145 4406 mira
168 4351 274 4407 virtute
296 4351 454 4424 separavit.
478 4349 562 4416 Quod
577 4348 656 4405 enim
670 4348 707 4404 de
723 4364 754 4404 se
776 4347 904 4404 humilia
954 4348 1103 4413 auferens,
1118 4346 1236 4402 sibimet
1261 4343 1376 4411 insigne
1391 4343 1534 4398 decorum
1562 4336 1686 4414 paravit.
1711 4339 1783 4403 Quae

69 4439 210 4508 sentiens,
229 4440 376 4496 honorem
391 4437 519 4495 exterius
539 4453 601 4494 non
624 4436 739 4511 quierit,
760 4436 899 4509 insinuat,
955 4435 1170 4496 autemnrelius
1185 4450 1297 4492 corona
1312 4431 1374 4487 veri
1388 4429 1480 4487 llavid
1492 4425 1672 4496 intelligitur,
1689 4438 1783 4502 quam

68 4529 195 4585 dicens:
224 4528 340 4584 budam
353 4532 382 4585 et
402 4527 487 4585 vilior
510 4526 593 4584 fiam.
609 4528 644 4582 Et
665 4525 738 4599 quia
754 4541 808 4599 par
831 4527 899 4595 hoe,
955 4530 1120 4584 conventus
1132 4522 1236 4597 populi
1251 4519 1396 4586 catholici,
1412 4517 1465 4591 qai
1476 4520 1567 4589 caput
1588 4516 1724 4570 nochum
1738 4522 1784 4567 re-

68 4617 153 4690 quod
167 4616 255 4673 vilem
269 4633 300 4672 se
322 4616 450 4673 exterius
463 4615 600 4689 prebuit,
613 4613 735 4671 interius
749 4630 811 4671 non
825 4613 901 4671 intn·
955 4630 1034 4688 gem,
1048 4612 1184 4670 videlicet
1198 4609 1355 4676 Christum,
1371 4607 1431 4664 lide
1442 4607 1552 4663 devota
1568 4600 1708 4660 nobiliter
1720 4615 1783 4656 am·

69 4707 184 4773 mescit,
202 4705 357 4777 adjungit:
374 4708 489 4779 Eroque
516 4703 638 4761 humilis
654 4704 684 4760 in
707 4703 800 4761 oculis
815 4703 900 4762 meis,
954 4703 1007 4772 bit,
1023 4706 1051 4759 et
1065 4701 1157 4771 digna
1170 4697 1395 4756 conversatione
1409 4696 1547 4753 decenter
1566 4695 1699 4750 coronat.
1715 4690 1784 4748 Om·

69 4801 110 4852 Aa
126 4796 151 4852 si
165 4800 266 4868 aperte
276 4795 356 4851 dicat
371 4813 378 4851 ι
395 4795 520 4861 Qualem
533 4809 583 4850 me
594 4793 723 4851 exterius
734 4792 901 4866 despiciens
955 4792 1001 4850 nis
1016 4791 1095 4848 enim
1111 4793 1283 4847 sanctorum
1296 4787 1391 4856 labor,
1403 4789 1432 4843 et
1445 4789 1606 4852 certamen,
1622 4786 1713 4856 atque
1725 4778 1785 4836 vic·

69 4885 208 4953 exhibeo,
227 4883 318 4941 talem
341 4901 390 4941 me
405 4882 569 4940 etinterius
583 4882 715 4940 attende.
741 4881 818 4949 Ouid
830 4896 901 4953 ergo
955 4881 1031 4939 toria
1040 4879 1078 4937 ad
1089 4880 1235 4936 honoram
1246 4877 1372 4935 coelestis
1384 4872 1603 4945 regisreiertur.
1614 4868 1730 4928 ltahath
1739 4871 1785 4925 est

69 4974 165 5031 acturi
180 4977 259 5042 sunt,
274 4987 351 5047 quos
365 4972 502 5030 doctrina
519 4973 624 5041 elevat,
640 4971 665 5028 si
678 4971 783 5040 David,
799 4971 902 5045 quiex
955 4969 1059 5027 civitas
1078 4967 1162 5037 regni
1186 4971 1326 5033 Ammon,
1341 4980 1410 5038 qna
1424 4978 1505 5019 nuno
1519 4956 1784 5054 Pbdadelphiare·

69 5079 160 5121 carne
176 5079 231 5120 sua
244 5067 405 5119 ventarum
428 5061 657 5134 Redemptorem
671 5064 805 5129 noverat,
824 5061 902 5133 ejus·
956 5063 1050 5128 eatur,
1067 5062 1095 5115 et
1107 5057 1316 5129 interpretatur
1334 5054 1433 5110 stulti.
1450 5055 1484 5108 Et
1503 5051 1534 5106 in
1546 5045 1704 5117 Evangelio
1713 5043 1785 5098 dser-

69 5170 129 5227 quo
144 5153 256 5225 gaudia
271 5151 480 5226 prophetando
506 5150 673 5219 nunhabat,
690 5155 791 5206 umen
814 5149 903 5206 insa
954 5154 1024 5206 tur:
1051 5148 1135 5218 Quod
1147 5146 1239 5202 seretti
1248 5144 1286 5202 ab
1301 5145 1421 5200 Oriente
1433 5146 1461 5198 et
1485 5137 1642 5194 Occidente
1654 5131 1782 5202 venient,
1881 5148 1887 5153 ·

69 5244 199 5316 metipso
218 5243 363 5299 cervicem
385 5241 483 5298 cordis
496 5240 598 5298 valida
611 5238 797 5296 discretionis
821 5238 902 5297 calca
956 5245 983 5297 et
997 5238 1168 5297 recumbent
1188 5251 1254 5292 erem
1267 5231 1435 5300 Abrohom,
1454 5234 1482 5284 et
1496 5226 1592 5291 Isaac,
1608 5217 1738 5278 etiecob
1750 5219 1783 5275 ia

68 5333 259 5406 deprimebat
288 5331 416 5388 dicens:
448 5335 563 5404 Eroqne
595 5328 715 5385 hrnnilis
748 5327 778 5385 in
808 5328 902 5385 oculis
956 5344 1046 5398 regno
1061 5319 1336 5395 coetorumlldattlt.
1351 5320 1422 5384 vnr).

68 5423 155 5479 meis·
1001 5421 1067 5474 cre.
1083 5415 1158 5472 xxv.
1176 5407 1326 5483 osromodo
1335 5405 1434 5463 David
1447 5401 1616 5458 sermeraeit
1629 5400 1735 5456 Israel.

173 5514 241 5568 Cre.
261 5514 349 5568 xiid.
369 5513 414 5569 De
428 5512 540 5567 Hasce
553 5515 581 5568 et
592 5509 684 5567 seruis
697 5509 804 5566 David.
991 5503 1118 5560 Addidit
1125 5501 1217 5570 [seror
1229 5497 1351 5554 Domini
1359 5492 1452 5552 irasci
1461 5494 1568 5548 contro
1578 5489 1684 5548 Israel.
1701 5487 1786 5546 Germ

108 5603 189 5657 Tatii
205 5602 315 5666 [Iatros
336 5612 435 5657 seruos
463 5599 571 5671 David,
588 5600 720 5675 rasitque
746 5596 902 5672 dimidient
957 5593 1105 5689 navique
1118 5589 1150 5681 in
1171 5588 1212 5681 eie
1234 5584 1334 5678 Davr'si
1348 5583 1492 5649 daretem
1515 5579 1557 5638 ati
1573 5580 1673 5646 lead:
1692 5577 1783 5664 Varie,
