3832 6044
86 96 143 181 ris
739 94 910 182 muorar.
931 117 966 182 ru
985 123 1154 187 ruuruos.
1745 148 1798 203 rac

84 240 158 314 quid
175 242 311 300 debeant.
338 243 392 300 Ubi
406 251 459 312 est,
479 246 618 319 inquiunt
632 247 682 316 illi,
695 248 822 306 triticum
837 257 865 308 et
879 251 954 307 sih
972 253 1091 311 nalihus
1106 256 1145 312 ad
1160 256 1333 330 sipiritualia
1353 275 1477 319 evocare
1490 263 1622 336 poteritis
1636 267 1650 320 ‘l
1664 268 1730 334 Vos,
1746 268 1798 342 qui

82 346 159 387 num
175 332 266 388 ‘ilion
279 338 384 406 petunt
393 333 541 391 hordeum
555 343 583 392 ct
593 354 715 411 aquam,
728 339 780 395 sed
789 340 918 397 triticum
972 348 1097 413 terrena,
1114 363 1181 419 quae
1197 347 1341 418 abjecisse
1366 349 1560 424 videbamini,
1582 352 1717 410 obhvisci
1736 372 1797 412 nou

82 426 113 477 et
125 420 240 479 riuum.
256 422 416 480 Videamus
440 441 510 495 ergo
524 426 607 499 quod
625 426 661 482 sit
675 427 753 485 istud
778 429 916 497 triticum,
971 432 1109 504 potestis,
1126 435 1280 507 quomodo
1294 454 1349 493 uos
1364 438 1403 494 ad
1416 438 1597 497 oblivionem
1612 457 1716 498 eorum
1730 459 1799 516 qure

84 514 114 565 ct
124 511 248 581 vinum;
264 517 292 570 et
306 529 398 587 quare
412 515 560 571 hordeum
575 520 602 572 et
617 533 729 590 aquam
740 535 801 576 nou
816 525 918 592 petant
971 521 1160 593 possidemus
1174 524 1356 583 inebriabitis
1370 529 1383 583 ‘i
1397 529 1569 586 Manducate
1582 531 1674 603 prius,
1690 537 1719 588 et
1732 548 1800 606 pos·

85 599 148 668 lilii,
165 601 303 674 quamvis
320 603 349 658 in
369 603 543 661 necessitate
567 604 654 661 famis
678 605 736 662 siut
757 608 915 665 constituti.
970 614 1018 666 tea
1049 611 1183 682 reficite;
1215 614 1413 682 inebriamini,
1442 624 1471 674 ct
1503 620 1611 677 deiude
1643 621 1797 678 inebriate.

85 692 117 744 tn
135 689 294 761 Evangelio
308 691 435 763 legimus
449 693 532 767 quod
551 693 684 768 quinque
708 695 800 752 millia
823 697 917 753 homi·
970 699 1047 756 Proh
1061 701 1160 775 pudor
1176 704 1182 759 !
1200 703 1275 769 Quid
1291 703 1425 761 dicemus
1440 707 1478 762 ad
1493 709 1581 765 berc?
1596 709 1672 776 Quid
1687 710 1798 767 mirum

84 794 160 834 num
174 778 445 854 quinquepanibus
455 781 628 839 hordeaceis
642 789 728 856 pasta
739 788 808 840 sunt
818 785 914 856 (Joau.
970 793 1023 856 est,
1036 790 1059 844 si
1074 790 1205 863 populus
1219 792 1351 848 carnaUa
1365 793 1468 864 diligit,
1489 797 1612 868 quando
1624 798 1720 855 clerus
1739 815 1766 873 sp
1776 798 1798 855 i-

83 866 131 937 ιι).
144 869 247 923 Postea
256 885 325 924 vero
333 874 463 943 quatuor
474 869 566 927 millia
577 871 721 928 satiantru·
729 872 848 944 (Macra.
858 873 914 944 ιι),
969 876 1086 934 ritualia
1100 880 1189 935 etiam
1204 897 1258 953 pro
1274 882 1442 938 ramalibus
1463 885 1591 941 rendit?
1613 887 1694 943 Unde
1720 891 1798 944 recte

82 958 111 1010 et
127 959 227 1012 tamen
242 957 314 1013 nihil
327 957 368 1014 ibi
390 958 497 1015 dicitiu·
509 960 546 1016 de
575 959 705 1034 panibus
729 960 912 1018 hordeaceis.
970 967 1160 1037 subinfertur,
1175 986 1243 1025 cum
1255 969 1371 1028 dicitur.
1383 975 1456 1029 Cum
1468 973 1629 1031 deficerent
1642 975 1798 1048 quasivul·

83 1048 156 1101 ltem
171 1045 299 1117 legimus
314 1047 344 1103 in
367 1049 526 1120 Evangelio
550 1051 632 1123 quod
648 1068 699 1107 sex
713 1051 828 1124 hydrias
842 1051 914 1124 lapi·
969 1057 1063 1112 nenati
1078 1057 1107 1113 in
1122 1057 1227 1131 plateis
1243 1059 1377 1117 civitatis.
1403 1066 1473 1117 Dure
1489 1067 1559 1119 sunt
1580 1063 1722 1132 civitates,
1748 1068 1798 1121 Ba·

81 1135 147 1191 deae
163 1135 340 1210 priusaqua
361 1138 490 1213 implebe
512 1145 590 1208 sunt,
616 1145 720 1213 postea
744 1158 812 1197 vero
827 1157 914 1214 aqum
968 1144 1101 1218 byloaia,
1117 1149 1331 1206 etterusalcm.
1354 1151 1410 1207 Sed
1431 1152 1593 1225 Babylonia
1609 1152 1723 1227 plateas
1746 1155 1798 1210 ha-

81 1223 155 1296 ipsre
167 1225 195 1282 in
210 1226 313 1283 viuum
325 1232 514 1285 commutatis
527 1229 613 1300 (dean
628 1234 668 1297 ιι),
679 1234 718 1286 Ue
732 1230 826 1286 tritico
840 1246 914 1303 quo·
968 1235 1028 1302 bet,
1043 1236 1074 1292 id
1089 1242 1133 1293 est
1143 1237 1208 1293 vias
1222 1239 1307 1306 latas,
1332 1256 1400 1312 ‹111oe
1415 1241 1530 1297 ducunt
1558 1242 1597 1298 ad
1612 1249 1749 1300 mortem.
1765 1247 1797 1299 ln

80 1330 141 1386 que
156 1314 186 1371 in
200 1317 358 1387 Evanger
379 1318 522 1374 Dominus
537 1320 600 1392 ipse
624 1319 807 1376 mentionem
833 1319 912 1388 iacit,
968 1324 1072 1396 plateis
1085 1342 1156 1396 ergo
1169 1328 1291 1384 civitatis
1316 1329 1467 1396 deficiunt,
1488 1330 1538 1403 qui
1555 1347 1609 1404 per
1627 1333 1725 1387 carnis
1739 1330 1798 1388 ille-

80 1403 203 1462 lUcens:
220 1408 289 1463 Nisi
302 1424 431 1479 granum
450 1410 599 1479 [rancenti
613 1411 721 1466 cedens
744 1411 774 1466 in
790 1415 913 1481 terram,
968 1414 1073 1471 cehras
1085 1416 1249 1473 defluentes
1264 1434 1281 1474 a
1295 1418 1400 1475 virtute
1415 1421 1521 1475 mentis
1535 1416 1738 1489 emoUescunt,
1751 1420 1798 1476 vel

81 1501 232 1552 mertuum
255 1498 360 1566 suerit,
387 1499 483 1567 ipsum
508 1499 789 1555 solemnizabat&
814 1504 913 1554 autera
968 1504 1471 1580 percivitatem,ipsamEcclesiam
1484 1526 1545 1565 nou
1556 1509 1797 1566 inconvenienter

80 1591 233 1641 ittartaura
242 1587 349 1656 scierit,
360 1589 487 1643 muttum
498 1588 634 1657 fructum
645 1590 734 1658 affert
743 1587 841 1659 (ioan.
850 1593 912 1654 ιιι),
929 1612 948 1664 B
967 1591 1131 1664 accipimus
1144 1613 1151 1662 ;
1167 1594 1258 1651 habet
1272 1613 1404 1670 namque
1418 1600 1521 1655 sancta
1536 1598 1665 1655 Ecclesia
1672 1598 1795 1672 plateas,

81 1674 160 1738 Quid
182 1673 269 1746 igitur
289 1692 342 1748 per
357 1676 494 1743 triticum,
517 1677 573 1755 nisi
594 1676 725 1734 Christus
742 1696 749 1746 ;
772 1676 845 1750 quid
860 1693 914 1750 per
966 1681 1057 1737 habet
1069 1686 1097 1738 et
1109 1684 1239 1741 semitas.
1256 1685 1331 1751 Quid
1343 1687 1423 1742 enim
1436 1691 1559 1744 terrenae
1572 1688 1703 1745 actiones
1717 1691 1795 1755 sunt,

80 1764 241 1849 hordeum,
256 1764 314 1821 nisi
328 1765 375 1821 lex
392 1784 398 1833 3
414 1766 488 1839 quid
507 1783 560 1839 per
575 1782 697 1839 aquam,
713 1765 769 1822 uisi
785 1765 913 1822 carnalis
966 1769 1023 1826 nisi
1038 1772 1179 1844 quaedam
1201 1773 1308 1846 ptaue3
1324 1780 1352 1831 et
1369 1775 1442 1848 quid
1464 1776 1630 1849 spirituales
1654 1775 1795 1844 actiones,

82 1870 190 1909 sensus
207 1873 213 1922 ;
228 1853 301 1927 quid
325 1870 378 1927 per
400 1854 515 1922 viuum,
539 1855 596 1910 nisi
620 1855 811 1926 intelligentia
831 1855 913 1929 spiri·
966 1858 1023 1915 nisi
1047 1860 1159 1916 semitae
1173 1862 1186 1916 ‘t
1201 1865 1232 1916 ln
1247 1862 1352 1934 plateis
1371 1880 1442 1933 ergo
1467 1865 1592 1921 civitatis
1613 1869 1682 1921 sunt
1700 1865 1752 1938 qui
1766 1863 1797 1920 in

81 1942 171 1999 tualis
184 1943 354 2016 accipitur?
381 1944 477 2001 Servis
501 1943 589 2015 igitur
612 1945 664 2018 qui
688 1961 778 2001 sensu
800 1943 912 2001 carnali
968 1953 1071 2010 sanata
1084 1949 1212 2006 Ecclesia
1222 1949 1298 2007 licite
1314 1952 1436 2008 terrenis
1446 1953 1614 2009 actionibus
1622 1953 1796 2009 inserviunt.

79 2032 179 2103 legem
196 2037 360 2100 mouerunt,
374 2033 523 2089 hordemn
538 2039 566 2089 et
580 2050 660 2106 aqua
678 2033 812 2090 sullicerc
831 2037 912 2106 pote-
969 2042 999 2094 tn
1013 2038 1117 2111 plateis
1133 2044 1232 2095 auteur
1245 2041 1368 2097 civitatis
1381 2042 1533 2111 deliciunt,
1549 2043 1601 2115 qui
1612 2042 1734 2099 terrenis
1748 2057 1799 2098 ne-

80 2126 149 2178 rant
165 2141 171 2189 ;
187 2121 239 2177 filii
254 2126 364 2190 autem,
378 2122 431 2194 qui
448 2123 512 2194 jam
534 2140 587 2196 per
603 2123 729 2194 gratiam
753 2122 783 2179 in
799 2121 913 2179 Cluisto
968 2126 1054 2197 gotiis
1069 2128 1205 2200 occupati
1230 2129 1398 2202 spirituales
1421 2131 1622 2188 consolatores
1642 2147 1703 2188 non
1716 2130 1797 2187 inve·

81 2211 214 2285 adoptati
226 2215 340 2278 suntet
351 2211 499 2268 Christum
508 2212 697 2285 spiritualiter
708 2212 794 2268 edere
805 2212 911 2268 seiuut.
968 2217 1062 2272 niunt.
1090 2217 1144 2284 Qui
1157 2218 1289 2291 profecto
1309 2236 1504 2293 nequaquam
1522 2220 1692 2289 delicerent,
1709 2219 1734 2276 si
1747 2220 1797 2276 de-

80 2317 143 2356 non
158 2300 214 2357 nisi
229 2300 357 2357 triticum
371 2306 399 2358 et
413 2301 516 2358 vinum
527 2302 706 2358 desiderant.
718 2302 790 2358 Hoec
801 2303 911 2368 omnia,
967 2305 1115 2372 trimetria,
1132 2323 1199 2379 quae
1214 2306 1285 2362 foris
1300 2324 1378 2381 serpe
1394 2309 1555 2381 patiuntur,
1570 2308 1693 2364 consilio
1704 2312 1733 2365 et
1747 2307 1797 2364 ad·

81 2390 178 2463 inquit
200 2390 369 2464 Apostolus,
398 2391 534 2448 videlicet
556 2391 665 2462 legales
696 2391 912 2457 observantias
968 2395 1131 2451 monitione
1145 2395 1296 2453 bonorum
1311 2397 1504 2471 praelatorum
1528 2397 1607 2453 intus
1623 2413 1741 2470 semper
1754 2413 1798 2453 re-

81 2480 225 2546 erhitror,
253 2487 286 2536 ut
309 2486 435 2552 stecora,
468 2488 499 2535 ut
534 2481 686 2537 Christum
721 2481 911 2550 lucrifaciam
967 2490 1119 2558 parentur.
1138 2485 1219 2540 Unde
1242 2485 1319 2542 bene
1343 2487 1381 2542 de
1402 2487 1551 2559 ejusmodi
1571 2486 1687 2555 dicitur,
1709 2485 1797 2560 quasi

82 2572 206 2642 (Philip.
220 2571 271 2643 ιιι).
288 2571 357 2627 Vide
379 2572 534 2645 quomodo
549 2571 594 2627 isti
612 2572 760 2628 hordeum
775 2570 848 2642 legis
863 2569 914 2626 ab·
966 2571 1120 2629 vulnerati.
1137 2572 1213 2639 Quid
1227 2574 1308 2630 enim
1331 2579 1453 2647 peccata
1474 2578 1551 2641 srmt,
1568 2573 1625 2630 nisi
1644 2573 1769 2630 vulnera
1783 2574 1797 2630 t

80 2660 143 2731 jicit
157 2679 163 2728 3
179 2663 208 2715 et
222 2676 283 2716 non
304 2659 361 2715 nisi
382 2659 520 2728 triticum,
537 2660 568 2716 id
587 2664 631 2716 est
652 2660 810 2727 Christum,
827 2659 913 2714 edere
969 2661 1059 2728 Quasi
1072 2661 1217 2718 vulnerati
1237 2661 1326 2732 igitur
1340 2656 1492 2731 dc'srciuut,
1508 2662 1561 2736 qui
1575 2662 1616 2718 sic
1637 2679 1691 2736 per
1705 2662 1797 2734 negli-

81 2749 196 2822 queerit.
214 2752 247 2805 Et
259 2749 336 2804 bene
358 2764 411 2823 per
429 2748 587 2817 hordeum,
608 2749 691 2822 quod
712 2764 854 2820 asperum
870 2751 914 2802 est
968 2750 1111 2820 gentiam,
1127 2750 1202 2806 sicut
1216 2751 1265 2807 alii
1281 2766 1334 2824 per
1349 2751 1480 2825 culpam,
1506 2751 1544 2808 ad
1567 2751 1717 2809 interitum
1736 2756 1798 2808 ten·

82 2838 120 2894 ad
135 2838 298 2907 edendmn,
314 2838 371 2906 lex,
386 2843 415 2895 et
428 2856 482 2913 per
497 2839 634 2903 triticum,
659 2838 742 2911 quod
764 2854 856 2894 suave
870 2841 914 2892 cst
967 2840 1052 2896 dunt.
1074 2844 1148 2898 Cum
1172 2857 1284 2910 magno
1305 2841 1393 2910 igitur
1414 2840 1517 2899 dolore
1540 2840 1798 2913 pronuntiandum

82 2932 110 2983 et
123 2927 220 2996 dulce,
239 2927 370 2984 Christus
384 2927 538 3000 accipitur,
554 2927 625 3001 quia
640 2927 687 2983 lex
697 2927 777 3006 venit
791 2929 914 3000 peccata
928 2969 948 3025 C
968 2935 1022 2997 est,
1038 2929 1125 3002 quasi
1140 2930 1294 2997 vulnerati,
1309 2947 1343 2987 ac
1365 2930 1390 2986 si
1404 2930 1550 2987 diceretur
1567 2949 1573 2986 :
1598 2934 1655 2989 Cur
1678 2930 1725 2986 isti
1745 2946 1799 3004 per

82 3017 198 3089 punire,
214 3022 242 3072 et
258 3016 388 3074 Christus
402 3017 524 3073 solvere.
968 3018 1179 3089 negligentiam
1206 3019 1398 3093 praelatorum
1413 3025 1538 3092 pereunt
1552 3021 1603 3093 qui
1624 3019 1799 3076 criminibus

120 3109 217 3171 Quare
232 3121 303 3176 ergo
327 3105 458 3164 Christus
481 3107 609 3163 triticum
632 3106 757 3177 dicatur,
779 3106 843 3177 jam
861 3121 914 3178 per
968 3114 996 3165 et
1009 3108 1127 3177 flagitiis
1150 3108 1295 3164 vulnerati
1324 3125 1384 3165 uon
1414 3109 1510 3163 sunt?
1535 3108 1617 3163 Unde
1641 3107 1796 3180 sequitur:

86 3193 137 3250 Uei
152 3195 278 3264 gratiam
294 3200 322 3251 et
335 3196 463 3266 legendo
484 3195 639 3263 discimus,
664 3200 693 3251 ct
717 3195 833 3251 edendo
850 3210 914 3250 sen·
969 3202 1043 3255 Cum
1059 3196 1232 3253 exhalarent
1245 3197 1362 3252 animas
1377 3213 1447 3251 suas
1461 3196 1492 3252 in
1507 3196 1574 3251 sinu
1588 3200 1720 3252 matrum
1731 3211 1798 3252 sua·

85 3285 187 3340 timus.
212 3285 340 3350 Quatuor
360 3290 459 3341 autem
484 3285 583 3340 modis
606 3284 764 3341 Christium
785 3282 914 3340 comedi·
969 3302 1046 3341 rum.
1064 3285 1140 3351 Quid
1154 3301 1286 3358 namque
1298 3290 1341 3341 est
1356 3285 1438 3340 sinus
1453 3288 1595 3352 matrum,
1614 3283 1671 3339 nisi
1685 3282 1799 3339 blanda

84 3390 163 3428 mus.
186 3372 331 3429 Christum
355 3373 435 3429 cuim
455 3373 582 3441 edimus,
605 3372 729 3446 quando
754 3370 913 3445 corporali·
969 3373 1101 3430 adulatio
1114 3373 1335 3445 prelatorum?
1355 3372 1444 3439 Quasi
1468 3372 1626 3429 morientes
1642 3391 1648 3439 ;
1666 3387 1798 3444 namque

85 3467 127 3517 ter
150 3468 372 3519 sacramentum
393 3462 527 3536 corporis
551 3466 579 3518 et
598 3461 753 3531 sanguinis
777 3461 841 3531 ejus
867 3477 913 3515 su·
969 3462 1046 3518 filios
1067 3467 1177 3519 matres
1201 3462 1232 3518 in
1261 3461 1326 3517 sinu
1349 3466 1457 3529 tenent,
1483 3461 1607 3534 quando
1633 3460 1799 3517 carnalium

84 3553 204 3620 mendo,
235 3552 425 3627 spiritualiter
447 3552 563 3608 animas
583 3557 699 3608 nostras
728 3550 912 3621 saginamus.
970 3555 1085 3607 mentes
1099 3551 1266 3624 incorpore
1282 3554 1505 3624 suopereuutes
1519 3548 1590 3605 mali
1605 3548 1799 3623 praelatinon

84 3641 233 3698 Christum
266 3643 393 3710 edimus,
426 3643 549 3716 quando
582 3642 730 3699 Christum
765 3639 914 3697 credendo
969 3641 1067 3698 solum
1094 3640 1133 3698 ad
1157 3641 1271 3696 bonam
1294 3640 1498 3714 operationem
1523 3656 1584 3696 non
1607 3637 1798 3706 exsuscitant,

84 3730 245 3802 diligimus.
274 3731 423 3788 Christum
450 3731 578 3798 edimus,
609 3730 733 3804 quando
766 3729 914 3787 Christum
968 3730 1021 3786 sed
1035 3729 1125 3787 etiam
1146 3729 1265 3786 blandis
1280 3730 1434 3787 favoribus
1448 3728 1601 3803 palpando
1616 3728 1647 3784 in
1662 3744 1716 3785 sua
1735 3744 1801 3800 per-

84 3821 247 3877 imitamur.
282 3821 429 3879 Christum
466 3820 593 3888 edimus,
626 3820 751 3894 quando
787 3819 915 3876 verbum
971 3820 1081 3876 ditione
1092 3821 1200 3876 fovent.

85 3911 136 3966 Uei
167 3911 318 3967 audiendo
355 3910 385 3966 in
424 3927 510 3967 novae
550 3910 615 3966 vitae
658 3909 916 3966 conversationem
1004 3910 1227 3967 Matrahussuis
1252 3909 1405 3980 dixerant,
1427 3912 1481 3965 etc.
1498 3909 1606 3965 Maure.
1623 3903 1700 3973 Quid
1718 3901 1801 3978 spiri-

84 4000 258 4057 transimus.
281 4000 358 4067 Quid
384 4005 427 4056 est
447 4016 518 4071 ergo
542 4016 675 4073 quau-erc
695 3999 834 4067 triticum,
860 3996 917 4053 nisi
970 3998 1085 4057 tualiter
1099 4014 1153 4073 per
1171 3998 1248 4055 tilios
1269 4003 1411 4066 matrum,
1436 3998 1493 4054 nisi
1518 3996 1739 4054 multitudinem
1754 4008 1801 4052 eo·

84 4105 219 4161 quaerere
235 4090 394 4157 Christum,
417 4106 551 4163 quaerere
575 4088 701 4145 verbum
724 4087 786 4156 Uei,
810 4086 917 4143 doctri·
971 4089 1147 4160 gitatiormm
1175 4087 1309 4161 accipere
1330 4087 1485 4156 dehemus,
1508 4105 1576 4161 quar
1597 4086 1716 4144 dumin
1740 4101 1802 4143 una

84 4195 158 4234 nam
181 4178 320 4248 veritatis,
345 4184 373 4236 et
396 4178 652 4235 conversationem
674 4177 742 4234 uovi
765 4175 917 4233 hominist
971 4183 1070 4234 mente
1093 4179 1130 4233 dc
1155 4176 1279 4232 dirersis
1301 4176 1507 4233 allectionibus
1533 4177 1691 4249 prodeunt,
1712 4174 1800 4250 quasi

83 4266 224 4324 Triticum
246 4267 334 4337 igitur
353 4267 526 4340 quaerimus,
552 4266 675 4338 quando
698 4264 825 4320 verbum
849 4264 916 4320 vitae
971 4266 1135 4323 multarum
1149 4270 1280 4321 matrum
1295 4264 1412 4321 soboles
1427 4265 1457 4320 in
1478 4264 1655 4332 unadom0,
1672 4265 1801 4321 sednon

84 4356 200 4425 audire,
216 4360 244 4412 et
268 4356 415 4414 Christum
440 4354 546 4412 imitari
570 4353 786 4409 desideramus.
811 4352 867 4410 Sed
893 4323 953 4408 sin
971 4372 1007 4411 ex
1022 4372 1083 4411 una
1106 4353 1219 4423 origine
1241 4352 1435 4425 procedunt?
1458 4356 1496 4408 Ue
1521 4351 1728 4408 affectionibus
1750 4368 1801 4408 au·

84 4444 215 4501 triticum
230 4445 357 4511 edimus,
372 4444 487 4510 vinum,
504 4448 532 4499 et
546 4459 607 4498 non
626 4458 738 4514 aquam
762 4441 853 4496 libere
868 4441 917 4497 de·
971 4448 1031 4500 tem
1048 4442 1240 4514 cogitationes
1259 4440 1341 4497 nasci
1358 4439 1469 4496 idcirco
1482 4439 1622 4506 diximus,
1639 4438 1712 4511 quia
1735 4455 1802 4513 pro-

84 4533 204 4601 hemus,
218 4534 303 4591 idest
315 4534 441 4590 verbum
457 4532 506 4589 Uei
521 4531 671 4589 audiendo
683 4545 810 4597 sumere,
822 4535 850 4586 et
864 4546 917 4603 per
971 4536 1047 4589 fecto
1061 4533 1180 4588 illarum
1202 4547 1303 4587 rerum
1323 4529 1560 4602 frequentissime
1582 4528 1728 4585 memoria
1749 4544 1803 4598 uo-

85 4623 272 4695 spiritualem
287 4622 510 4693 intelligentiam
531 4621 604 4676 iUud
619 4620 648 4676 in
672 4619 760 4676 nobis
783 4618 915 4688 irrigare.
970 4621 1017 4677 bis
1030 4637 1083 4694 per
1098 4619 1307 4690 cogitationem
1328 4617 1464 4686 occurrit,
1485 4634 1615 4692 quarum
1634 4633 1736 4674 amore
1760 4616 1802 4675 af·

85 4715 146 4770 lloc
161 4717 206 4769 est
229 4713 309 4769 enim
332 4712 415 4785 quod
439 4712 469 4767 in
490 4712 554 4782 lege
575 4710 662 4766 nobis
687 4708 857 4783 precipitur
879 4725 917 4764 nc
973 4707 1040 4765 fecti
1055 4723 1169 4763 sumus.
1187 4709 1245 4763 lloc
1260 4722 1314 4781 per
1332 4705 1450 4776 singula
1470 4706 1550 4775 titia,
1576 4711 1665 4780 atque
1679 4705 1809 4767 virtutes-

85 4816 193 4857 carnes
206 4801 275 4872 agni
290 4800 440 4874 paschahs
455 4816 536 4872 aqua
549 4814 716 4871 coquamus
733 4798 841 4868 (Eeod.
856 4796 915 4868 ιιιι),
973 4796 1057 4853 facile
1073 4813 1176 4852 rerum
1190 4811 1254 4852 esse
1268 4796 1443 4868 probamus,
1467 4796 1538 4854 ltine
1560 4802 1603 4853 cst
1618 4795 1699 4853 enim
1720 4794 1808 4870 quod'

84 4891 159 4964 quia
177 4890 334 4947 carnaliter
346 4889 433 4946 nobis
459 4904 563 4962 sapere
577 4902 640 4943 non
662 4886 760 4955 debet,
781 4886 864 4960 quod
878 4885 917 4942 ad
973 4888 1003 4944 in
1016 4885 1176 4957 Evangelio
1191 4885 1319 4943 dicitur:
1348 4887 1402 4944 Ubi
1418 4892 1461 4943 est
1486 4886 1646 4944 thesaurus
1667 4892 1746 4958 ttius,
1761 4884 1808 4942 ibi

85 4986 209 5054 pastum
224 4979 407 5054 spiritualem
430 4980 535 5035 datum
559 4983 611 5034 est.
637 4981 820 5049 interrogent
847 4993 938 5048 erge.
973 4985 1015 5035 cst
1030 4994 1081 5034 eor
1101 4983 1185 5033 tutari
1201 4977 1320 5049 (Mettis.
1343 4979 1390 5048 u).
1416 4981 1457 5033 Ac
1472 4976 1497 5033 si
1511 4978 1666 5034 diceretiu.
1692 4975 1806 5039 Ubbest

84 5070 160 5127 boui
175 5070 301 5143 subjecti
314 5070 409 5126 malos
424 5069 562 5143 praelatos
587 5083 666 5135 suos,
684 5071 712 5123 et
725 5067 846 5123 dicant:
864 5067 918 5123 Ubi
975 5085 1060 5125 amor
1072 5072 1151 5135 tuus,
1167 5066 1207 5123 ibi
1222 5071 1264 5123 est
1284 5066 1403 5123 animus
1418 5071 1496 5123 tuus.
1517 5066 1617 5133 Quahs
1630 5068 1675 5119 est
1687 5061 1804 5133 allectio

85 5165 132 5216 est
143 5159 273 5216 triticum
287 5160 300 5214 ‘l
315 5165 354 5216 hc
366 5160 390 5214 si
404 5159 534 5214 dicerent
551 5174 557 5210 z
574 5156 628 5213 Ubi
644 5161 688 5211 est
698 5156 832 5211 doctriua
846 5155 918 5211 veri-
974 5164 1034 5222 tua,
1051 5157 1115 5214 talis
1130 5158 1219 5214 etiam
1233 5160 1277 5212 est
1291 5156 1429 5226 cogitatio
1444 5159 1504 5211 tua.
1523 5154 1579 5211 Sed
1591 5150 1746 5214 sciendum
1760 5153 1805 5207 est

87 5249 154 5304 tatis
168 5250 182 5305 ἵ)
197 5249 249 5305 ubi
269 5247 406 5321 exempla
429 5247 499 5303 novi
514 5245 673 5303 hominis?
694 5248 733 5300 hc
749 5244 773 5299 si
788 5244 918 5317 apertius
973 5248 1056 5320 quod
1078 5248 1154 5303 sicut
1174 5247 1298 5303 allectus
1319 5246 1356 5300 dc
1380 5261 1411 5298 se
1435 5241 1628 5311 cogitationes
1649 5243 1803 5309 generant,

85 5337 219 5394 dicerent
231 5357 237 5394 :
249 5340 310 5394 Uos
329 5354 384 5394 nec
405 5335 557 5409 loquendo
576 5334 730 5391 veritatem
753 5333 916 5402 ostenditis
973 5337 1014 5392 sic
1029 5337 1101 5411 ipsae
1126 5352 1246 5392 rursum
1266 5332 1459 5403 cogitationes
1474 5345 1558 5384 cosa
1578 5326 1688 5401 quibus
1706 5327 1807 5386 oriun-

85 5445 142 5485 nec
157 5429 237 5485 beno
251 5429 379 5486 virendo
394 5427 557 5485 imitatione
569 5425 677 5496 dignos
692 5424 845 5481 exhibetis.
863 5424 917 5482 Ubi
973 5430 1020 5482 tur
1054 5426 1176 5482 allectus
1203 5421 1332 5494 amplius
1364 5420 1563 5475 inflammant.
1600 5418 1682 5476 Unde
1716 5419 1807 5476 etiam

85 5522 132 5573 est
142 5517 278 5574 vinum?
302 5516 392 5584 Quasi
418 5516 567 5573 dicerent:
594 5517 659 5579 Vos,
685 5512 737 5585 qui
756 5513 845 5570 etiam
860 5513 918 5586 spi·
972 5513 1003 5570 in
1015 5513 1071 5579 his,
1087 5512 1138 5585 qui
1154 5526 1204 5567 cor
1229 5524 1317 5564 suum
1332 5507 1372 5564 ab
1387 5505 1491 5563 illicitis
1506 5507 1617 5577 cogitat
1637 5509 1745 5566 onibus
1762 5505 1806 5564 di·

85 5607 208 5673 ritualia
222 5607 379 5671 carnaliter
391 5606 531 5674 tractatis,
551 5603 706 5678 quomedo
728 5619 785 5662 uos
801 5603 839 5661 de
856 5618 919 5663 car-
971 5601 1097 5673 ligenter
1110 5598 1292 5667 custodiunt,
1307 5594 1441 5692 funditus
1458 5595 1581 5656 tandem
1596 5599 1747 5658 malarum
1761 5612 1807 5656 ra-
