3824 6052
70 107 129 162 749
486 106 696 169 ALLEGORIAE
716 114 750 168 IN
772 112 880 171 VETUS
908 113 1170 176 insaturatus.
1190 150 1225 161 -
1245 120 1309 177 liu.
1329 119 1375 178 w.
1530 64 1541 93 ··
1730 133 1784 189 'lbi

73 227 190 285 butum.
205 229 245 284 Et
256 234 325 298 post
340 229 403 288 noc
417 230 527 288 decidit
537 232 568 288 in
589 234 707 307 tectum,
720 241 750 293 et
763 236 900 307 coynooit
914 256 938 310 y
952 237 1119 298 Alexander
1127 242 1259 301 moriens
1269 242 1430 317 imperium
1439 260 1529 305 suum
1539 244 1712 309 sateffitibus
1723 252 1785 310 suis

73 319 156 387 quod
166 323 353 390 moret·etm·,·
366 325 395 377 et
405 322 522 377 uocauit
528 336 639 391 prienes
648 339 717 381 sitos
727 324 907 398 notites,qni
958 320 1078 398 dimisit,
1094 335 1122 388 et
1135 331 1273 390 diabolus
1286 333 1317 390 in
1345 333 1476 394 adventu
1499 335 1666 395 lledietoris
1692 339 1745 398 liei
1757 345 1787 400 et

72 423 173 463 sectum
188 414 274 464 crunt
290 411 428 466 nutritio
434 412 593 479 juveutute
605 429 611 467 :
622 417 650 467 et
663 412 775 471 dimisit
787 415 849 471 ittis
859 431 904 472 re·
957 415 1125 486 hominum,
1141 420 1271 477 hominis
1283 421 1388 478 Christi
1402 425 1480 492 lesu,
1503 440 1593 481 suum
1616 425 1786 488 comiatum

73 513 167 568 yssum
177 498 250 553 etum
259 498 360 555 adhuc
374 501 494 557 uiueret.
518 501 558 556 Et
577 504 715 573 reynovit
728 504 905 562 Alexander
958 503 1052 560 minui
1066 505 1181 576 videns,
1196 508 1297 582 impiis
1311 510 1498 584 principibus
1510 514 1665 586 praesentis
1685 517 1787 576 saeculi

73 584 227 644 duodecin
243 586 342 657 otonis
357 594 384 645 et
400 593 534 645 mortuus
561 592 604 646 est
626 606 633 646 :
658 595 686 648 et
710 592 905 651 obtinuerunt
958 608 1045 649 suam
1055 594 1270 666 malignitatem
1280 597 1319 654 ad
1329 599 1572 673 persequendum
1580 601 1734 659 credentes
1742 601 1787 659 ln-

71 678 365 747 precriejusreynum
381 679 584 749 censesquisque
597 680 628 735 in
645 681 772 738 locosuo
787 699 794 738 :
810 690 837 739 et
853 685 904 740 im·
958 679 1089 754 spiravit.
1105 685 1146 739 Ex
1161 684 1271 757 quibus
1285 684 1376 743 exibit
1389 686 1474 743 radix
1488 688 1603 760 peceati
1616 704 1669 746 rex
1689 687 1788 747 Antio·

69 772 238 836 posueruut
253 766 311 823 sibi
323 783 422 823 onmes
436 767 817 840 diadematopostmortem
828 774 905 844 ejus·
958 770 1042 838 chus,
1058 771 1136 827 filius
1152 773 1325 846 perditionis
1351 774 1570 833 Antichristus:
1599 777 1652 850 qui
1672 781 1787 851 quanto

73 860 100 911 et
112 857 172 924 titii
183 871 284 913 corum
292 861 360 927 post
374 870 422 915 eos
432 858 633 917 onnismuttis
640 872 652 931 ,·
661 866 689 916 et
698 861 903 932 multiplicata
958 858 1012 914 erit
1025 860 1182 932 potentior,
1200 864 1282 919 tanto
1303 860 1359 921 erit
1371 862 1412 923 ad
1434 864 1678 939 persequendum
1690 864 1788 939 perni-
1802 934 1805 938 Α

71 952 143 1001 sunt
153 947 235 1003 errato
250 944 281 1002 in
298 951 389 1004 terra
410 947 451 1002 ut
465 946 558 1004 crivit
572 964 612 1004 ee
630 950 670 1005 eis
684 949 776 1007 codic
785 951 906 1021 peccati
958 946 1074 1005 eiosior.
1103 949 1147 1006 Ad
1161 949 1246 1006 istius
1259 948 1344 1024 impii
1355 949 1433 1023 regis
1448 948 1628 1009 famulatum
1639 952 1789 1026 pertinent

71 1033 238 1091 Antiochus
255 1036 383 1091 ittustris
397 1037 479 1105 fitius
490 1036 635 1093 Antiochi
642 1039 731 1110 nequ,
742 1038 903 1110 quisuesnt
958 1035 1023 1091 ialsi
1038 1036 1205 1107 Christiani,
1226 1038 1355 1096 heretici
1369 1044 1399 1096 et
1410 1044 1617 1113 persecutores
1639 1039 1786 1112 Eeclesioe,

71 1122 153 1180 obses
167 1126 288 1182 Rornoe:
303 1127 741 1195 reynouitinonnocentesimo
756 1129 903 1185 tricesimo
957 1125 1010 1198 qui
1023 1125 1156 1200 quotidie
1181 1127 1279 1201 ipsam
1306 1134 1536 1203 persequuntur.
1566 1129 1641 1188 Falsi
1655 1146 1788 1205 namque

71 1216 195 1284 septimo
210 1215 297 1287 reyni
308 1216 489 1272 Graecorum.
505 1216 541 1271 In
565 1216 667 1272 diebus
689 1219 750 1273 iltis
765 1219 904 1275 coierunt
959 1214 1114 1272 Christiani
1129 1216 1186 1291 ipsi
1212 1222 1281 1275 sunt
1306 1219 1359 1293 qui
1386 1219 1551 1293 disponunt
1576 1224 1788 1280 testamentum

69 1302 107 1358 de
120 1303 217 1359 Isroet
231 1303 290 1359 uiri
301 1304 406 1374 iniqtu',
418 1310 445 1360 et
452 1306 791 1374 persuaseruntmuttis,
805 1306 903 1363 dicen-
958 1320 1028 1360 cum
1054 1304 1201 1378 gentibus,
1231 1306 1303 1380 quia
1325 1307 1386 1363 suis
1414 1308 1576 1365 sceleribus
1604 1309 1789 1366 concordant

70 1398 113 1449 tes
120 1408 131 1448 .·
146 1393 267 1460 Euenus,
282 1399 310 1449 et
323 1393 515 1462 disponamus
533 1398 740 1451 testamentum
757 1411 823 1453 mm
834 1410 903 1466 yen-
957 1393 1107 1463 gentibus,
1121 1400 1149 1451 et
1164 1395 1224 1450 suis
1238 1395 1433 1469 pravitatibus
1449 1403 1620 1471 repugnant
1635 1396 1786 1455 fidelibus.

71 1482 159 1554 tibus,
174 1497 241 1553 quse
255 1484 336 1539 circo
352 1499 404 1538 nos
419 1488 500 1555 suist,
516 1484 587 1554 quio
602 1499 640 1540 eu
658 1499 716 1555 quo
731 1485 904 1541 recessimus
957 1478 1052 1537 Radix
1066 1482 1165 1556 itaque
1179 1484 1294 1558 peccati
1307 1485 1470 1543 Antiochus
1482 1485 1613 1555 illustris,
1627 1503 1697 1544 cum
1707 1485 1788 1561 prin·

70 1573 109 1630 ab
121 1574 172 1644 eis,
189 1573 367 1629 inuenerunt
382 1588 434 1629 nos
448 1572 531 1628 neoto
546 1573 654 1629 snttttc.
665 1572 705 1628 Et
720 1573 813 1629 tonus
824 1574 903 1630 enisus
918 1609 938 1663 B
958 1569 1074 1642 cipibus
1088 1571 1149 1627 suis
1164 1578 1381 1647 persequentur
1393 1574 1542 1632 civitatem
1557 1581 1694 1634 sanctam
1707 1578 1788 1633 leru-

70 1667 215 1718 estsenno
223 1661 254 1716 in
260 1662 355 1718 acidis
363 1661 517 1718 eorumds't
529 1661 754 1719 destinauerunt
762 1664 860 1734 ntiqui
865 1663 902 1720 de
957 1658 1061 1729 salem,
1075 1661 1146 1734 quia
1160 1662 1355 1720 Antichristus
1371 1681 1441 1721 cum
1451 1665 1593 1722 omnibus
1601 1665 1713 1740 iniquis
1722 1679 1801 1739 per·⁴

64 1751 181 1821 nonesto
188 1755 237 1823 ;et
249 1749 388 1808 obierunt
401 1749 442 1807 od
451 1765 560 1822 reyem,
569 1755 597 1806 et
609 1748 690 1806 dedit
701 1751 763 1808 ittis
769 1757 901 1822 potesta·
955 1751 1096 1821 sequetur
1111 1750 1282 1809 Ecclesiam.
1300 1752 1357 1810 Sed
1371 1753 1546 1812 llathathias
1560 1771 1630 1812 enm
1643 1751 1712 1812 tiliis
1725 1754 1788 1812 suis

70 1845 140 1907 tem,
156 1844 188 1895 ut
203 1838 339 1909 forment
349 1838 487 1909 justitias
514 1839 648 1910 yentium
658 1854 670 1894 :
693 1844 721 1896 et
736 1840 900 1909 edificare·
954 1835 1072 1894 viriliter
1084 1838 1201 1908 resistit,
1219 1845 1247 1896 et
1262 1839 1394 1898 Christus
1409 1859 1479 1899 cum
1489 1841 1788 1919 electispraelatispo

10 1960 12 1967 ·
68 1928 345 2000 runtyymnasium
359 1927 390 1983 in
416 1927 606 1983 Hierusalem
631 1928 794 1984 secuudum
822 1929 899 2000 ieyes
954 1930 1049 1984 tenter
1062 1927 1225 1986 Ecclesiam
1249 1928 1392 1988 delendit.
1409 1930 1569 1989 Videamus
1596 1936 1697 1991 autem
1718 1948 1788 2008 quae

67 2018 243 2089 notionum;
255 2022 282 2073 et
294 2017 432 2085 serenent
445 2015 503 2072 sitsi
511 2016 707 2089 prepediant
715 2022 900 2075 recesserunt
954 2020 1024 2073 sunt
1048 2033 1143 2088 arma,
1159 2018 1270 2092 quibus
1284 2018 1447 2078 llachabei
1461 2022 1556 2079 nostri
1570 2025 1675 2081 contm
1687 2021 1789 2081 hostes

67 2122 87 2163 o
101 2109 275 2163 testamento
297 2109 412 2176 sancto,
437 2105 542 2175 juncti
561 2109 632 2160 suist
657 2105 839 2174 notionibus,
869 2111 897 2164 et
952 2110 1098 2179 pugnant,
1110 2108 1210 2165 hostes
1221 2114 1374 2183 superant,
1385 2113 1415 2169 et
1426 2111 1487 2169 suis
1499 2111 1612 2169 tinibus
1621 2110 1784 2185 exagitant.

65 2194 235 2252 veirundoti
246 2198 326 2261 sunt,
356 2198 389 2248 ut
401 2191 539 2262 facerent
561 2193 686 2250 motum
708 2194 750 2249 lit
763 2193 898 2251 ascendit
952 2198 1024 2261 oure
1040 2200 1110 2253 sunt
1124 2197 1204 2254 enim
1218 2213 1304 2255 arma
1317 2199 1384 2270 ista,
1396 2199 1454 2258 nisi
1476 2200 1609 2271 virtum,
1637 2205 1667 2260 et
1692 2216 1787 2276 opera

63 2282 234 2341 Antiochus
257 2280 298 2339 ud
317 2283 424 2351 lsroet,
462 2286 490 2338 et
517 2281 652 2339 ascendit
679 2283 895 2353 ierosolymam
950 2279 1056 2337 bonai
1074 2281 1189 2339 liabent
1202 2299 1288 2340 arma
1303 2291 1422 2343 scutum
1433 2286 1515 2355 fidei,
1528 2285 1787 2360 gueamspemo

63 2376 99 2431 sn
128 2371 320 2430 mestitudine
359 2372 450 2445 oravi
488 2372 518 2441 (1
547 2366 687 2430 uacuos.
716 2376 750 2441 ι.)
781 2372 896 2431 nacha·
949 2366 1043 2424 neam
1059 2367 1220 2438 charitatis,
1236 2371 1373 2442 quotum
1399 2373 1535 2444 spiritus,
1550 2373 1632 2446 quoe
1657 2378 1701 2432 en
1723 2386 1789 2431 oen

61 2465 204 2521 lusorum
231 2462 357 2520 fratrum
381 2461 477 2519 ielieia
497 2461 576 2518 bella
600 2461 714 2519 silentio
737 2476 799 2520 non
827 2464 896 2521 sunt
951 2457 1019 2514 bum
1038 2459 1096 2514 Dei
1108 2457 1229 2532 (linies.
1245 2460 1284 2533 rr)
1298 2478 1305 2530 ;
1321 2459 1477 2530 habent,et
1490 2459 1628 2519 lanceam
1642 2458 1787 2520 orationis

60 2552 272 2628 relinquenda.
313 2556 450 2626 ipsorum
486 2567 619 2626 namque
645 2549 809 2609 certamina
834 2551 896 2625 glo·
950 2562 1018 2620 quoe
1033 2562 1153 2604 sursum
1167 2546 1380 2606 adnominum
1395 2548 1527 2622 erigitur,
1555 2554 1584 2609 et
1606 2549 1639 2608 in
1662 2549 1782 2609 hostem

62 2645 146 2701 riusa
158 2647 329 2701 sanctorum
344 2640 504 2712 designant
516 2656 629 2712 agones
644 2644 748 2700 contra
761 2640 896 2716 spiritua·
950 2635 1086 2706 (lingitur
1099 2654 1106 2706 3
1121 2636 1237 2694 habent
1248 2654 1353 2696 ocreas
1366 2655 1421 2714 per
1434 2639 1622 2698 diversorum
1649 2638 1788 2701 locorum

60 2733 110 2790 les
123 2733 223 2789 hostes
233 2748 348 2789 eorum.
373 2731 443 2798 Quis
462 2731 543 2789 enirn
556 2746 612 2804 per
624 2729 827 2789 Alexandrum
841 2734 897 2790 lla·
950 2724 1227 2786 deamludationem
1243 2746 1250 2798 ;
1266 2745 1371 2788 arcum
1385 2734 1415 2788 et
1438 2729 1560 2802 sagittas
1573 2745 1627 2805 per
1640 2729 1785 2807 predicu-

63 2841 172 2895 gnum,
187 2823 241 2898 qui
254 2828 351 2881 tolum
365 2839 442 2897 pene
457 2823 607 2880 mundum
623 2821 796 2894 subjugavit
803 2822 897 2897 impe·
950 2816 1081 2886 [ionem
1096 2816 1209 2875 habent
1222 2818 1341 2877 uenum
1359 2835 1414 2895 per
1432 2820 1673 2895 temperantiam,
1687 2820 1784 2883 edes·

62 2914 111 2972 rio
125 2930 189 2982 siro,
209 2930 278 2971 cum
291 2918 374 2970 tanta
388 2917 451 2970 erat
462 2912 575 2970 donata
587 2911 765 2970 dominandi
790 2911 894 2982 libido,
910 2964 931 3019 C
950 2906 994 2963 ria
1008 2921 1063 2979 per
1076 2904 1193 2977 vigilias
1207 2911 1237 2964 et
1248 2907 1375 2981 jejunia.
1390 2913 1423 2967 ln
1437 2910 1496 2968 hae
1509 2913 1612 2969 annm
1637 2909 1783 2985 spirituali

62 3007 98 3060 ut
110 3000 183 3059 nulli
197 3001 228 3060 in
242 3007 390 3078 quantum
404 3001 510 3076 potuit,
526 3005 660 3076 parceret
685 3015 798 3073 regn03
826 3001 895 3076 quis
949 2994 1063 3064 militia,
1075 3000 1119 3054 est
1133 3012 1244 3070 corpus
1258 3013 1355 3072 equus
1367 3017 1374 3068 ;
1388 2999 1474 3056 miles
1495 2999 1626 3075 spiritus.
1641 3000 1781 3076 Quisquis

60 3090 363 3164 inquam,perillum
377 3089 570 3161 significatur,
592 3089 650 3147 nisi
678 3088 826 3158 dialrolus,
841 3089 895 3163 qui
947 3101 1018 3142 vero
1037 3085 1215 3159 supradictis
1243 3086 1335 3144 armis
1362 3092 1496 3145 armatus
1522 3104 1584 3147 non
1611 3093 1665 3163 est,
1693 3089 1780 3147 miles

62 3181 160 3241 dixit:
176 3180 649 3254 Incoetumconscendoni;super
660 3180 895 3238 ostroDeieaot·
949 3175 1054 3233 Christi
1068 3190 1129 3232 non
1143 3178 1187 3232 est
1201 3175 1274 3249 quia
1288 3174 1350 3233 sine
1375 3175 1432 3232 illis
1459 3192 1521 3235 non
1548 3180 1646 3251 potest
1672 3178 1779 3236 Christi

60 3271 135 3329 toto
149 3272 255 3329 sotium
269 3286 377 3343 meum,
392 3271 496 3329 sedebo
511 3272 542 3328 in
561 3274 660 3328 inceste
675 3270 845 3327 testamenti
861 3270 893 3327 in
947 3280 1022 3321 esse.
1037 3267 1071 3320 Et
1084 3262 1221 3338 quisquis
1232 3262 1319 3322 miles
1334 3264 1399 3336 ejus
1412 3280 1474 3322 non
1489 3269 1542 3335 est,
1557 3264 1723 3340 hostisejus
1733 3269 1778 3325 est

63 3360 209 3418 luteribus
223 3360 555 3434 aquilonis,usceudusn
581 3374 672 3431 super
699 3358 891 3416 altitudinem
947 3352 1100 3427 sicutipse
1115 3356 1247 3422 testatur,
1263 3350 1390 3412 dicens:
1421 3353 1480 3423 Qui
1503 3370 1616 3413 mecum
1639 3360 1774 3431 nonest,

59 3451 197 3524 numum,
213 3468 263 3510 eto
272 3452 377 3509 sinitis
391 3452 568 3509 Attissimo?
578 3452 648 3520 (Iso.
657 3450 707 3522 rs.)
718 3449 769 3507 llic
778 3449 891 3523 quippe
945 3449 1051 3500 comta
1065 3457 1111 3499 sne
1123 3447 1165 3498 θεῖ
1178 3444 1251 3510 (Luc
1265 3446 1316 3513 ¹1)-
1334 3442 1455 3501 studeat
1466 3442 1594 3519 (luitque
1608 3441 1701 3503 armis
1711 3442 1775 3503 ΜΒ

61 3555 118 3613 per
129 3555 216 3597 suam
227 3538 412 3612 superbiam,
427 3542 457 3598 et
469 3537 672 3608 calliditatem,
687 3541 717 3595 et
728 3535 892 3596 multitudi·
944 3532 1070 3598 armatu
1086 3531 1204 3590 studeat
1216 3549 1287 3590 cum
1300 3531 1415 3591 Christo
1428 3532 1566 3607 praeliari,
1579 3537 1644 3593 uta
1658 3533 1774 3595 Christo

58 3644 117 3686 nes
126 3629 302 3701 angelomm
310 3645 412 3686 secum
421 3628 668 3702 superbientium,
677 3632 707 3685 et
714 3624 890 3701 progeniem
944 3625 1094 3681 mereatur
1106 3624 1176 3694 post
1187 3621 1342 3680 victoriam
1356 3621 1504 3680 coronari.

60 3716 189 3776 humani
201 3717 318 3790 generis
343 3717 375 3775 in
395 3716 494 3791 primo
520 3721 644 3793 parente
670 3716 727 3773 sibi
750 3715 887 3788 subjecit.

353 3908 443 3914 ...μ-
617 3908 667 3915 -—-
713 3907 807 3915 Q—-e
1057 3902 1126 3909 ..α-ο-
1339 3903 1407 3909 0...
1487 3903 1614 3909 ψῃ-..
1658 3904 1662 3907 .
1694 3904 1757 3909 »--,

186 4058 616 4183 ALLEGORIAE
673 4055 751 4179 ΙΝ
800 4052 1057 4179 hovers
1105 4053 1647 4178 TESTAMENTUM

626 4324 750 4383 rasos
768 4321 888 4383 soal
907 4322 1198 4382 consonans

58 4482 216 4564 Quorum
239 4489 386 4572 quatuor
411 4478 552 4550 totidem
579 4476 847 4568 Evangeliorum
873 4476 1045 4570 explicant
1070 4473 1275 4565 allegorias;
1316 4470 1468 4575 quiaque
1495 4471 1617 4564 reliqui
1643 4472 1766 4545 litterae

338 4568 447 4662 ipsius
462 4566 707 4639 elucidationes
721 4574 783 4639 aut
795 4564 979 4637 dubiorum
993 4565 1084 4637 circa
1098 4564 1255 4634 eamdem
1280 4563 1483 4633 decisiones.

92 4924 212 4981 Primus
226 4926 319 4998 itaque
332 4925 412 4995 iiber,
428 4935 467 4981 est
478 4924 513 4980 de
526 4927 667 4996 mysteriis
681 4927 818 4982 caedentis
832 4928 864 4980 in
885 4924 1040 4998 iteasyetio
1054 4924 1228 4980 divinissimi
1242 4922 1373 4989 ioannis,
1396 4924 1473 4996 quia,
1498 4925 1575 4979 utin
1589 4923 1766 4997 fisseproioyi

47 4998 172 5072 patebit,
186 4999 222 5052 ab
234 5015 265 5052 eo
276 4999 420 5068 mmpiruri
433 4998 531 5052 uoluit.

92 5069 338 5125 sennensium
350 5071 492 5139 mysteriis
503 5072 637 5124 contentis
650 5072 681 5123 in
692 5069 846 5140 Econyetio
858 5069 987 5124 Muttini
990 5108 997 5134 ,
1012 5087 1076 5124 cum
1090 5067 1259 5140 quibusdam
1273 5068 1422 5124 addititiis.

92 5141 206 5196 Tettius
220 5142 292 5196 iiber
304 5150 345 5196 est
355 5142 391 5196 de
404 5143 545 5211 mysteriis
559 5142 591 5194 in
604 5141 759 5213 Esanyeiio
779 5140 878 5196 Mami.

91 5213 217 5274 mamus
232 5213 304 5268 liter
316 5223 356 5268 ssi
369 5214 404 5267 de
418 5214 559 5283 mysteriis
570 5214 602 5266 in
613 5212 769 5285 anssysiio
781 5211 876 5268 Lucem
1635 5278 1641 5290 Ι
1721 5278 1727 5291 ⁸

92 5284 216 5345 Quintus
230 5285 301 5339 iiber
314 5287 436 5339 caruisset
448 5284 642 5339 adnotationes
653 5284 851 5340 elucidatorias
864 5281 1013 5355 annyctii
1027 5284 1158 5340 ioannis.
1176 5280 1254 5352 (Non
1267 5290 1306 5336 est
1318 5277 1537 5350 deceptionum
1551 5274 1762 5348 compilatores.)

88 5355 193 5409 Sextus
206 5358 328 5409 continet
341 5356 541 5409 elucidationes
554 5356 690 5424 Epistotoe
704 5356 793 5409 Pasdi
806 5357 845 5409 ad
856 5356 1005 5418 Ronmnos,
1026 5375 1111 5426 qseom
1123 5360 1155 5408 in
1183 5357 1274 5423 capito
1296 5351 1379 5403 solito
1401 5351 1597 5411 distinximus,
1626 5357 1658 5401 ut
1678 5364 1764 5419 quom

49 5427 174 5501 quisque
184 5438 294 5497 partem
310 5431 445 5500 requirat,
456 5428 594 5498 facillime
609 5430 745 5481 ineenset.

88 5500 231 5570 septimus
242 5503 363 5558 continet
377 5499 576 5557 elucidationes
589 5501 714 5570 dudem
728 5501 760 5556 in
773 5499 930 5571 Epistulam
942 5503 1066 5569 priorem
1079 5500 1117 5553 ‹ut
1133 5497 1292 5550 Corinthios
1305 5495 1393 5549 sinsits
1416 5494 1451 5548 de
1462 5509 1548 5548 catoso
1562 5494 1593 5546 in
1606 5494 1699 5564 capio
1708 5494 1764 5549 dis·

47 5573 181 5630 tinem
