3832 6044
149 134 200 188 ses
472 127 623 185 busonis
639 127 683 182 nl:
698 125 727 182 S.
742 121 891 180 vtcrone
905 120 982 178 OPP.
996 119 1085 177 PARS
1099 121 1120 177 l‘.
1141 148 1175 161 -··
1195 122 1387 178 exsertius
1400 122 1518 177 bunis.
1808 122 1859 175 teti

148 254 271 326 aperta,
283 249 493 324 increpationis
519 250 649 307 obviare.
675 253 785 305 Aversa
799 263 869 303 vero
889 246 977 302 hasta
995 245 1133 303 Aeitudo
1147 246 1315 315 cessaverit,
1332 246 1372 302 ad
1385 245 1624 302 interficiendum
1640 243 1778 300 animum
1799 259 1862 300 ma·

148 344 377 416 persequentem
405 335 500 407 lerire,
526 341 570 394 θεῖ
592 337 739 394 furentem
761 334 917 409 tranquille
940 350 978 390 ex
1032 333 1120 406 lignis
1136 336 1287 408 spiritibus
1301 336 1356 392 iter
1369 335 1483 410 pandit.
1496 336 1551 401 Qui
1565 331 1862 409 ingressispicastol-

149 429 332 503 quibusdam
356 432 487 498 tangere,
503 430 532 483 et
551 427 638 500 quasi
658 425 809 499 parcendo
825 438 975 498 superare.
1032 423 1112 492 lunt,
1128 425 1200 498 quin
1213 426 1371 482 beaterum
1387 424 1601 496 cogitationum
1622 423 1757 494 germina
1782 422 1865 480 aute·

148 517 235 575 asael
260 524 362 575 sutem
385 515 522 590 protinus
544 513 705 582 occumbit,
731 512 803 587 quia
820 515 977 569 commota
1033 519 1111 583 runt,
1127 515 1392 588 atqueininguine
1407 515 1523 576 feriunt.
1545 514 1618 588 quia
1635 513 1775 570 virtutem
1799 528 1864 569 eor·

149 610 265 664 mentes
276 606 351 663 dum
365 605 484 678 etparei
493 603 549 660 sibi
559 603 699 671 sentiunt,
709 607 738 660 et
748 607 849 659 tamen
858 614 980 672 respon·
1033 602 1078 658 dis
1092 602 1285 660 delectatione
1296 603 1393 660 earnis
1407 601 1556 660 occidunt.
1567 605 1598 659 ln
1613 602 1735 672 inguine
1748 601 1863 674 quippe

149 787 206 852 tur,
221 784 261 841 ab
276 799 322 853 eo,
337 799 400 856 quo
415 798 446 838 se
466 786 629 849 erexerant,
655 780 753 837 statim
777 779 898 836 cadunt.
924 775 979 843 Qui
1034 795 1109 837 rare.
1130 783 1327 857 Nequaquam
1336 800 1408 840 vero
1436 782 1569 838 isboseth
1588 780 1743 854 inopinata
1767 784 1863 836 morte

149 886 221 943 ergo
231 888 250 928 a
262 869 370 930 fureris
385 868 432 926 sui
443 868 567 943 impetu,
578 868 635 925 sub
647 867 774 926 lenitatis
787 865 979 941 percussione
1034 869 1250 938 succumberet,
1265 871 1289 928 si
1302 888 1364 929 nen
1376 871 1415 928 ad
1439 870 1608 940 ingressum
1628 868 1738 924 domus
1759 867 1863 924 mulie·

149 959 291 1028 resiliunt,
307 957 395 1033 quasi
409 957 471 1014 sine
486 959 563 1016 ferro
577 957 754 1015 moriuntur.
1034 972 1108 1025 rem,
1124 956 1154 1013 id
1167 960 1261 1016 estad
1283 960 1390 1017 mentis
1413 959 1527 1015 aditum
1549 957 1670 1015 mollem
1694 955 1862 1013 custodiam

150 1050 217 1105 Cir.
234 1049 382 1105 11111110
406 1049 497 1120 tenea
518 1048 737 1105 concertatione
758 1047 838 1103 inter
859 1045 979 1101 doenum
1034 1043 1227 1119 deputasset:
1244 1048 1483 1121 terdenamque,
1503 1046 1634 1120 rigilque
1656 1060 1773 1112 sensus,
1789 1060 1864 1118 prar-

376 1132 477 1188 Danid
491 1138 518 1188 et
533 1132 651 1188 domum
666 1132 751 1187 Saut.
1035 1133 1107 1207 poni
1121 1135 1219 1192 cordis
1234 1136 1346 1194 loribus
1360 1136 1459 1204 debet,
1483 1151 1574 1208 quem
1596 1150 1652 1190 nee
1675 1132 1862 1204 negligentia

185 1221 280 1278 Facta
295 1227 336 1277 est
352 1227 451 1278 antean
465 1223 556 1293 longo
568 1221 749 1279 concertatio
762 1221 840 1276 inter
859 1219 978 1276 dernnrn
1036 1238 1160 1279 somnus
1174 1225 1334 1298 opprimat,
1347 1241 1401 1281 nec
1411 1223 1579 1295 ignorantia
1589 1238 1671 1279 error
1680 1221 1771 1279 fallat.
1780 1220 1862 1277 Unde

149 1309 284 1367 Deridet
294 1310 413 1367 riemann
427 1312 513 1368 Sani.
528 1310 628 1367 David
642 1316 740 1367 antem
755 1324 869 1380 seraper
889 1309 980 1378 profi·
1034 1309 1111 1367 bene
1128 1312 1260 1370 isboseth
1274 1313 1391 1381 dicitur,
1406 1313 1458 1387 qui
1478 1312 1600 1369 custode
1621 1311 1735 1368 femina
1752 1309 1863 1367 hostili·

150 1399 239 1465 ciens,
256 1404 282 1455 et
296 1400 391 1469 seipso
406 1399 574 1471 robustior,·
595 1399 699 1456 donans
720 1404 819 1456 autern
840 1399 916 1454 saza
932 1397 980 1454 de·
1034 1399 1092 1454 bus
1108 1399 1214 1469 gladiis
1229 1401 1369 1459 nudatur.
1387 1400 1530 1457 ’lsboseth
1553 1399 1666 1472 quippe
1690 1399 1738 1454 eir
1760 1396 1864 1465 ceresa-

150 1503 283 1545 crescens
297 1488 429 1560 qerotidie
443 1490 487 1554 (II
498 1491 569 1560 lien.
594 1493 645 1557 nr).
663 1493 778 1563 Domus>
797 1487 899 1556 David,
922 1503 980 1543 ens·
1035 1489 1125 1544 sienis
1139 1489 1256 1547 (heitar.
1272 1490 1319 1546 Vir
1333 1494 1433 1547 autem
1448 1488 1631 1546 contusionis
1646 1491 1699 1553 est,
1720 1485 1774 1559 qui
1797 1483 1863 1540 lorti

149 1575 230 1633 lestis
252 1575 425 1645 ierusalem,
445 1593 513 1650 quie
535 1578 644 1650 partini
658 1576 864 1651 peregrinatur
876 1575 907 1631 in
927 1579 981 1632 ter·
1000 1614 1020 1669 B
1034 1575 1143 1633 mentis
1156 1578 1291 1635 custodia
1303 1579 1436 1636 munitus
1449 1592 1511 1633 non
1525 1579 1585 1643 est;
1602 1574 1684 1648 quia,
1710 1573 1786 1629 dum
1809 1568 1864 1624 sir·

149 1663 200 1734 ris,
215 1664 324 1738 partim
338 1669 443 1736 regnat
456 1664 487 1722 in
503 1666 594 1724 celis.
611 1669 723 1723 Domus
737 1680 808 1736 ergo
823 1663 918 1722 Saulis
933 1680 981 1720 su-
1035 1667 1111 1721 tutes
1122 1681 1153 1721 se
1166 1680 1254 1736 agere
1268 1666 1425 1733 existimat,
1437 1662 1635 1720 subintrantia
1647 1661 1716 1718 vitia
1730 1656 1863 1716 nescien-

150 1752 236 1825 perbi
247 1758 276 1809 et
288 1753 372 1826 impii
385 1755 472 1826 regis,
488 1759 533 1812 est
545 1754 689 1828 Babylon,
711 1771 778 1828 qure
803 1753 872 1810 lacit
891 1752 980 1809 iorni·
1036 1754 1094 1808 tem
1118 1757 1235 1810 necant.
1251 1757 1322 1811 Tota
1335 1770 1406 1824 ergo
1420 1753 1527 1809 virtute
1541 1749 1722 1807 muniendus
1739 1751 1784 1804 est
1803 1745 1863 1801 adi·

151 1841 212 1898 cari
226 1858 331 1900 omnes
347 1848 458 1914 gentes.
472 1848 549 1901 inter
561 1845 617 1902 hos
629 1845 719 1916 longa
731 1843 910 1901 concertatio
925 1847 978 1911 est;
1037 1844 1084 1896 tus
1098 1839 1217 1908 mentis,
1232 1857 1270 1897 ne
1285 1858 1352 1898 eam
1367 1842 1466 1898 hostes
1481 1842 1636 1913 penetrent
1655 1835 1800 1892 toramine
1815 1850 1863 1890 ne-

151 1930 223 2004 quia
241 1931 295 2004 qui
317 1932 484 1989 seeundum
509 1948 630 1990 earnem
655 1937 700 1990 est
722 1931 911 2007 persequitur
930 1934 981 1987 Ee·
1037 1927 1194 1998 gligence,
1209 1929 1256 1985 vel
1270 1929 1456 1999 cogitationis
1471 1927 1623 1997 neglectas.
1682 1989 1683 1992 ¹

151 2019 282 2088 elesiam,
298 2036 365 2093 quae
387 2021 553 2078 secundum
578 2021 715 2094 spiritum
729 2025 781 2079 est.
799 2022 856 2079 Sed
871 2021 981 2078 domus
1072 2019 1138 2074 Car.
1165 2020 1229 2074 llll.
1254 2018 1404 2086 (istomodo
1422 2018 1522 2075 David
1541 2017 1726 2088 expugnavit
1739 2015 1826 2070 Jeru-

152 2107 246 2165 David
267 2108 298 2165 in
322 2109 456 2183 proiectu
480 2109 610 2167 filiorum
634 2111 745 2180 gaudet
766 2114 795 2167 et
816 2110 846 2167 in
870 2109 982 2184 perlec-
1397 2109 1500 2165 catera.

152 2197 230 2255 tione
243 2214 251 2268 ;
265 2198 375 2255 domus
400 2199 469 2257 Saul
493 2199 524 2256 in
544 2217 599 2257 sua
618 2200 782 2274 iniquitate,
807 2205 835 2256 et
859 2199 980 2257 tandem
1070 2196 1316 2265 desiccaverat
1332 2214 1431 2255 ornnes
1443 2198 1511 2269 ciri,
1525 2198 1578 2267 qni
1591 2201 1678 2253 eram
1692 2209 1812 2265 carasco,
1832 2194 1863 2248 in

153 2287 444 2362 seeundumlmerita
458 2305 513 2347 sun
534 2289 564 2346 in
579 2289 763 2364 profundum
787 2289 889 2362 abyssi
913 2289 982 2346 sub·
1036 2287 1202 2343 dencsatem
1223 2288 1263 2343 ad
1284 2287 1447 2344 ietasnnrn
1474 2287 1672 2343 habitatorem
1706 2290 1797 2340 terrie
1823 2282 1865 2351 (ll

152 2376 306 2446 mergltur.
1035 2377 1107 2448 [teg.
1121 2379 1160 2443 r).
1180 2376 1273 2433 llarid
1295 2377 1465 2434 iebusaum
1483 2376 1519 2432 de
1545 2374 1708 2431 Jerusalem
1732 2371 1862 2445 ejiciens,

199 2466 266 2523 cn.
280 2468 343 2524 xlx.
356 2468 400 2524 De
412 2484 547 2526 sermone
558 2484 644 2541 quern
659 2471 762 2526 inlatit
775 2468 878 2526 itiner
892 2469 933 2527 ad
1037 2462 1185 2533 significat
1195 2464 1342 2522 Christum
1362 2463 1524 2521 contrarias
1549 2467 1708 2537 potestates
1731 2461 1769 2517 de
1792 2459 1865 2516 side-

441 2559 571 2615 seniorcs
585 2558 691 2614 Israel.
1037 2551 1112 2608 lium
1132 2553 1274 2610 cordibus
1296 2554 1471 2625 ejicientem,
1497 2558 1525 2609 et
1547 2552 1660 2608 ibidem
1680 2553 1863 2608 manentem.

186 2642 357 2700 sennonem
373 2644 475 2701 intntit
488 2645 646 2701 Adicerad
666 2647 795 2702 seniores
816 2646 923 2715 Israel,
939 2644 982 2700 di·
1037 2641 1191 2697 tebusaeus
1212 2642 1291 2698 enim
1319 2643 1528 2716 interpretatur
1552 2643 1705 2710 catcatns;
1732 2639 1866 2696 llierusa·

152 2743 242 2787 cern:
273 2732 344 2786 Tam
369 2731 436 2788 lteri
466 2748 556 2804 qnam
580 2734 784 2790 nudiusterins
806 2733 981 2805 quaerebatis
1036 2729 1106 2794 lem,
1134 2731 1206 2787 visio
1222 2732 1318 2801 pacis.
1344 2734 1405 2787 h'on
1431 2731 1529 2788 solum
1553 2729 1633 2786 enim
1658 2728 1789 2786 Christus
1813 2744 1865 2800 per

152 2818 252 2875 David
265 2824 298 2874 nt
312 2827 452 2890 regnaret
471 2836 562 2890 snper
585 2837 634 2878 ees
656 2824 701 2889 (II
713 2825 784 2892 lien.
807 2827 858 2890 ιιι),
883 2823 983 2879 hbner
1037 2819 1212 2893 mysterium
1224 2821 1320 2876 erucis
1330 2836 1452 2877 omnem
1463 2820 1663 2894 principatum
1676 2816 1789 2874 diaboli
1800 2817 1865 2874 des·

151 2906 286 2965 hortatur
318 2907 407 2964 lsrael
439 2909 612 2966 universum
645 2915 687 2978 ut,
715 2912 815 2968 relicto
848 2911 982 2968 lsboseth
1001 2929 1022 2984 g
1038 2909 1174 2977 truendo,
1191 2908 1309 2966 sibimet
1328 2914 1472 2982 tropaeum
1489 2909 1590 2980 gloriae
1613 2906 1787 2981 aequisivit,
1812 2907 1864 2963 sed

149 2993 214 3051 lilio
229 2995 308 3065 Saul,
326 2996 365 3053 ad
381 2997 476 3054 David
495 2998 695 3069 conveniant;
721 3000 793 3073 quin
814 2999 982 3059 sacerdotes
1038 3002 1065 3054 et
1079 2997 1219 3064 fidelibus
1233 2998 1295 3054 suis
1309 3014 1399 3072 saper
1409 3014 1531 3055 ornnem
1542 2997 1680 3054 virtutem
1691 2994 1803 3053 diaboli
1813 3012 1865 3069 po-

152 3084 247 3142 saneti
267 3085 320 3158 qui
342 3085 434 3159 patris
461 3086 584 3144 lucerna
602 3088 752 3158 dicuntur,
779 3089 892 3147 lumine
912 3089 982 3146 fidei
1038 3090 1173 3144 testatem
1185 3086 1285 3160 dedit.;
1299 3088 1403 3144 Unde:
1428 3088 1515 3155 Ecce,
1540 3086 1609 3144 stedi
1634 3087 1714 3143 robis
1733 3091 1866 3155 potesta-

152 3175 181 3230 et
203 3173 331 3231 scientie
354 3175 446 3248 pleni,
469 3191 575 3233 omnes
599 3181 701 3249 gentes
722 3178 915 3235 exhortantur
939 3184 980 3248 ut,
1037 3182 1094 3233 tern
1119 3177 1261 3233 calcandi
1282 3193 1372 3248 secper
1399 3183 1559 3249 serpentes,
1582 3182 1609 3233 et
1633 3176 1813 3246 scorpiones,
1838 3179 1864 3231 et

152 3265 252 3335 spreta
266 3262 417 3321 idolorum
431 3266 547 3324 cultrua
562 3266 704 3326 etr-elicto
717 3283 816 3325 errore
832 3268 982 3324 conlusio·
1036 3280 1126 3338 saper
1152 3281 1266 3322 enarrem
1295 3267 1434 3323 virtatem
1465 3265 1580 3322 inimici
1599 3265 1681 3337 (an.
1707 3268 1748 3331 x).
1788 3266 1865 3319 Bene

151 3349 199 3407 nis
223 3356 344 3411 auctore
367 3354 564 3424 suodiabolo,
582 3355 621 3412 ad
636 3372 742 3413 rerum
757 3356 859 3425 David,
885 3356 915 3412 id
938 3361 982 3414 est
1037 3353 1140 3422 llarid,
1168 3354 1268 3426 ejectis
1292 3355 1378 3411 caecis
1400 3359 1428 3410 et
1449 3353 1574 3421 claudis,
1596 3352 1742 3409 habitarit
1763 3368 1864 3408 arcem

153 3437 311 3509 Christum,
327 3441 428 3499 venire
442 3441 589 3500 lestinent.
601 3447 675 3500 Nam
685 3448 714 3501 et
726 3445 811 3512 Joab,
823 3446 875 3519 qui
882 3445 983 3502 Abner
1038 3442 1117 3510 Sion,
1143 3458 1271 3516 eamque
1293 3442 1439 3500 civitatem
1462 3460 1548 3499 suam
1572 3440 1755 3510 nominavit;
1780 3441 1863 3515 quia,

152 3524 183 3582 in
197 3526 267 3583 dolo
281 3527 408 3600 loquens
424 3534 452 3586 et
464 3532 631 3602 percutiens
645 3532 677 3588 in
691 3532 813 3603 inguine
827 3533 979 3602 hrterfecit,
1036 3549 1106 3589 cum
1121 3531 1252 3589 Christus
1266 3532 1414 3602 malignos
1438 3531 1557 3604 spiritus
1581 3531 1720 3588 vitiorum
1742 3530 1864 3586 turbam

152 3612 269 3670 hostem
284 3615 431 3686 signifieat
445 3618 612 3692 antiquum,
629 3620 681 3693 qui
694 3620 797 3676 fideles
812 3621 982 3678 fraudulen·
1036 3619 1073 3676 de
1083 3619 1185 3676 anima
1199 3619 1353 3693 expulerit,
1376 3619 1490 3676 habital
1512 3618 1562 3676 ibi.
1587 3622 1658 3685 011oe
1681 3618 1787 3675 merito
1810 3634 1863 3675 arx

152 3706 195 3758 ter
211 3703 364 3772 subvertit,
376 3710 405 3762 et
417 3721 471 3778 per
489 3706 620 3763 libidinis
640 3709 848 3780 contagionem
872 3709 981 3766 interfi-
1037 3707 1116 3775 Sion,
1130 3707 1161 3763 id
1176 3712 1219 3764 est
1234 3707 1444 3781 speculationis
1460 3713 1594 3774 vocatur,
1619 3711 1651 3763 ut
1664 3706 1700 3763 dc
1723 3723 1760 3762 ea
1786 3711 1863 3764 recte

152 3791 200 3849 cit.
215 3792 290 3850 toab
304 3793 395 3863 enim,
411 3796 550 3852 inimicus
567 3794 614 3851 vel
632 3797 709 3853 ictern
728 3804 819 3866 pater
839 3797 980 3871 interpre-
1035 3797 1167 3853 dicatur:
1182 3797 1293 3854 Factus
1304 3799 1385 3853 estin
1395 3812 1470 3869 pace
1482 3798 1562 3853 toens
1576 3798 1641 3867 ejas
1651 3811 1662 3863 ,·
1674 3801 1700 3852 et
1716 3795 1863 3852 habitatio

152 3883 240 3938 tatur.
278 3881 419 3939 Omnium
449 3883 621 3956 iniquorum
651 3883 790 3941 diabolus
818 3891 902 3959 peter
925 3890 978 3944 est
1034 3890 1098 3959 ejns
1110 3888 1142 3943 in
1152 3887 1294 3956 Sion,lbi
1313 3888 1463 3959 confregit
1479 3889 1640 3957 potentias,
1667 3902 1784 3952 menen,
1798 3902 1863 3942 scn-

153 3967 235 4024 Unde
251 3987 258 4026 ι
285 3971 339 4027 Vos
352 3985 391 4027 err
403 3977 491 4041 patre
507 3972 626 4030 diabolo
640 3975 709 4030 estis
728 3975 828 4043 (donn.
843 3980 913 4043 00),
940 3975 979 4032 ab
1035 3982 1108 4041 narn,
1123 3975 1259 4047 gladium
1275 3981 1302 4032 et
1327 3975 1436 4033 bettnrn
1452 3975 1546 4041 (Psal.
1564 3979 1659 4043 irre).
1677 3973 1759 4031 Sicut
1773 3973 1862 4031 etiam

151 4055 208 4112 hae
223 4057 424 4117 interlectione
444 4061 539 4118 llarid
562 4061 704 4118 immunis
719 4066 779 4131 est;
806 4064 879 4137 quia
900 4067 980 4123 Dens
1035 4063 1126 4121 [levid
1139 4079 1239 4119 arcem
1249 4064 1348 4138 erepit,
1362 4062 1469 4121 ablatis
1491 4062 1574 4137 prius
1588 4062 1673 4119 caecis
1695 4067 1724 4118 θῖ
1746 4061 1862 4119 claudis

151 4147 297 4204 neminem
312 4153 407 4206 tentat
419 4151 494 4217 (lac.
507 4151 535 4224 ι),
551 4167 602 4223 qne
614 4167 713 4209 omnes
728 4154 793 4210 vnit
808 4155 981 4224 salnosfieri
1035 4153 1203 4212 cellentibus
1218 4153 1351 4210 animam
1368 4154 1471 4221 David,
1491 4153 1532 4209 sic
1547 4152 1689 4209 bonanus
1713 4152 1862 4226 principa·

86 4319 91 4328 ⁸
153 4234 241 4301 (ran.
252 4235 292 4309 u).
301 4237 362 4295 Per
370 4240 515 4297 invidiam
527 4246 626 4298 autern
637 4241 751 4298 diaboti
764 4259 843 4299 mors
852 4245 979 4301 intrarit
997 4270 1019 4324 Ι)
1035 4251 1098 4303 tum
1126 4243 1157 4300 in
1184 4243 1314 4305 Ecclesia
1346 4243 1479 4315 gentium
1506 4242 1672 4317 aequisivit,
1695 4242 1862 4316 reprobatis

150 4323 461 4386 monasterorum
476 4330 980 4403 (Sap.1r).l³otesttoabnomineet
1034 4333 1117 4407 prius
1144 4331 1253 4390 Scribis
1281 4336 1310 4389 et
1333 4332 1498 4401 Pharisaeis,
1526 4331 1579 4404 qui
1607 4330 1678 4387 ceeci
1708 4337 1736 4388 et
1762 4330 1862 4388 claudi

150 4416 582 4493 personafignrarspepulum
596 4419 778 4488 indecorum,
793 4421 847 4494 qui
860 4437 979 4494 semper
1032 4422 1161 4480 oderunt
1193 4422 1327 4478 animam
1361 4421 1474 4490 Christi,
1512 4420 1542 4477 id
1585 4425 1629 4477 est
1668 4421 1733 4493 ejus
1767 4421 1860 4478 vitam

152 4500 272 4562 luerrmt
284 4505 396 4564 inimici
409 4509 640 4582 praedicatorum
653 4508 724 4566 fidei
734 4509 864 4568 etlldenr
874 4510 979 4568 Christi
1032 4511 1147 4569 auterre
1173 4511 1272 4568 eonati
1299 4516 1378 4568 sunt.
1415 4508 1530 4567 Fistula
1570 4509 1724 4566 seientiam
1752 4510 1861 4568 falsam

151 4590 264 4666 ubique
276 4597 424 4668 perseomi
438 4603 516 4655 sunt
1032 4599 1138 4658 mundi
1152 4604 1181 4656 et
1194 4600 1401 4657 hereticorum
1411 4599 1556 4670 dogmata
1567 4598 1713 4670 figurant:
1725 4616 1794 4673 quse
1806 4604 1861 4657 llo-

194 4683 262 4738 Csr.
279 4685 330 4740 llll.
346 4685 391 4741 De
403 4685 477 4754 tiliis
492 4687 633 4760 Iiemrnon
647 4694 675 4745 et
689 4694 785 4745 morte
798 4688 942 4747 lsboseth.
1032 4690 1132 4748 minus
1141 4705 1195 4763 per
1208 4688 1292 4757 Joah,
1308 4687 1339 4745 id
1354 4692 1398 4745 est
1411 4687 1620 4762 praedicatores
1635 4688 1768 4746 destruit.

194 4768 345 4828 Venientes
372 4774 433 4842 iiiii
457 4775 599 4832 lienemon
624 4776 787 4834 Berotltitee
811 4778 930 4835 declat
950 4784 979 4834 et
1087 4782 1153 4837 Cir.
1169 4777 1807 4847 1111111000000110111010101101εηὶ11100

151 4857 260 4915 Banna
274 4861 480 4931 inarescisant
490 4864 623 4932 ferventi
632 4866 681 4923 die
701 4866 822 4923 (10000
836 4867 978 4939 lsboseth,
1392 4867 1500 4924 David.

151 4947 844 5022 qndormtetacrnpernraramsnammeidic,
855 4957 979 5014 0100110-
1061 4959 1191 5029 Egressa
1205 4956 1475 5026 MictottitiaSnat
1487 4957 1519 5012 in
1529 4971 1684 5012 occursum
1696 4956 1861 5026 varianti:

150 5037 199 5093 ria
211 5038 317 5096 deman
325 5042 618 5114 paramenticnm,
638 5043 825 5101 obdormivit.
848 5046 980 5115 Ingressi
1032 5046 1125 5114 Onam
1136 5045 1284 5115 01001000
1293 5042 1861 5115 srtodiereatsraetatsceoperiensse

150 5132 335 5186 00100001
352 5131 506 5189 latenter:
525 5137 554 5188 et
570 5138 751 5188 assumentes
765 5134 862 5202 spicae
885 5135 980 5191 tritici
1031 5131 1862 5204 anteancittarservaramconranneraadaeascanaast

145 5222 360 5284 massensi
374 5233 439 5275 cnm
454 5221 486 5274 in
501 5219 625 5290 angariae
643 5219 689 5286 (ll
698 5220 770 5290 Reg.
787 5219 836 5292 rr).
859 5223 978 5288 (Gnaeo-
1030 5225 1058 5280 si
1070 5223 1290 5280 nadetnranns
1302 5223 1338 5279 de
1349 5224 1464 5280 scnrrir
1476 5222 1521 5294 (ll
1530 5224 1857 5292 lica.r1).(Gnrcenrrs,

150 5318 222 5372 uus,
251 5311 278 5375 l,
302 5307 426 5375 Merui.)
455 5307 579 5365 Ostiaria
600 5307 729 5364 triticum
760 5311 877 5380 purgat,
907 5322 977 5364 eum
1030 5310 1545 5383 200000111010001110100000
1567 5311 1708 5367 virtutum
1730 5327 1860 5367 munera

149 5393 257 5466 mentis
269 5394 405 5453 custodia
418 5396 540 5454 vntutes
551 5410 569 5452 a
582 5397 659 5453 vitiis
672 5396 870 5453 discernendo
892 5410 978 5468 sepa·
1031 5399 1125 5456 David
1135 5404 1317 5472 perceperat,
1333 5404 1423 5473 atque
1435 5400 1467 5457 in
1477 5399 1523 5455 his
1533 5400 1674 5456 omnibus
1684 5415 1778 5472 quam
1791 5399 1860 5456 lorti

148 5483 203 5546 nt
219 5480 292 5546 Quas
302 5485 327 5555 sl
339 5485 543 5555 obdormierit,
554 5487 586 5544 in
598 5492 726 5544 mortem
739 5486 853 5561 proprii
860 5485 977 5543 domini
1031 5503 1062 5544 se
1076 5487 1241 5544 humilitate
1255 5488 1404 5546 servabat
1421 5490 1515 5555 Quem
1529 5488 1610 5545 enim
1623 5504 1684 5545 non
1705 5488 1860 5546 extolleret

148 5565 335 5635 immitiores
349 5570 495 5643 admittit3
509 5573 592 5655 qnia,
608 5590 679 5633 cum
691 5573 878 5634 discretionis
899 5573 977 5633 solli·
1031 5591 1084 5635 ora
1095 5574 1218 5636 leonum
1229 5575 1377 5647 frangere,
1390 5591 1530 5644 ursarum
1552 5576 1676 5656 brachia
1699 5577 1857 5656 dissipare,
