3832 6044
50 137 100 193 m
706 133 879 194 ADNOTAT.
900 137 935 194 ΙΝ
954 136 1123 197 tenenat.
1365 181 1387 195 ⁵
1476 178 1483 191 ·
1711 144 1763 201 278

49 256 250 332 permittente,
266 272 327 313 non
342 256 513 330 impeditur.
530 260 670 318 Permittit
687 259 767 317 enim
781 265 814 317 ui
828 276 883 317 nos
899 263 924 318 Α
938 261 968 318 in
984 263 1075 320 domo
1091 264 1216 321 Domini.
1233 267 1313 321 Tune
1328 263 1409 321 enim
1421 264 1450 320 in
1467 267 1560 323 Domo
1579 261 1697 322 Domini
1710 263 1764 320 ini-

51 348 235 422 dissipemur
250 352 281 403 ut
294 348 430 414 dissipati
442 350 507 420 ejus
516 350 738 418 obliviscamur,
754 354 787 406 ut
800 350 884 406 obliti
938 353 1008 409 mici
1027 370 1133 411 vocem
1155 355 1377 427 dant,qua1ulo
1396 355 1519 427 maligni
1541 354 1661 428 spiritus
1688 353 1765 410 intra

51 441 115 510 ejus
129 438 161 494 in
172 438 381 512 opprobrium,
391 443 420 495 et
432 439 462 495 iu
472 439 882 511 indignationemveniamus.
938 444 1150 501 conscientiam
1165 444 1298 512 admissi,
1313 460 1375 500 non
1384 445 1449 516 jam
1473 444 1543 501 toris
1555 444 1708 517 pulsantes
1722 457 1765 498 re

53 530 215 602 §equitent
937 531 1040 589 nitenti
1060 537 1217 606 peccatum
1232 534 1367 598 suadent,
1393 534 1445 589 scd
1470 533 1549 590 intus
1572 531 1765 606 praesidentes

85 619 205 692 Repulit
219 619 364 675 Dominus
381 619 473 676 altare
495 636 593 677 suum.
612 623 707 693 Supra
734 621 772 677 de
790 636 884 677 excre-
938 622 1133 679 consentienti
1147 623 1304 695 imperant.
1322 623 1403 678 ltnde
1427 622 1550 694 pulchre
1565 637 1618 694 per
1632 620 1766 678 similitu-

52 709 169 765 catione
193 708 368 764 turicorum
383 708 584 770 loentusluit;
600 725 755 782 nuncque
779 709 884 765 ordine
939 710 1040 767 dinem
1068 712 1267 768 subinfertur:
1293 712 1372 767 Sicut
1398 711 1428 767 iu
1451 711 1498 766 die
1525 709 1661 767 solemni.
1685 711 1766 766 Tunc

54 798 162 855 eadem
176 797 255 854 iacta
270 798 306 853 sit
321 797 484 868 subjungit,
505 798 625 854 dicens:
643 798 758 872 Repulit
786 799 885 855 Domi·
938 800 1051 873 quippe
1061 800 1295 873 diaboluspIene
1309 799 1444 863 exsultat,
1454 800 1577 873 quando
1587 799 1661 856 nihil
1674 800 1767 855 inno·

52 904 109 945 nus
124 887 219 944 altare
243 904 342 943 sirum.
360 888 445 953 Quod
461 891 506 944 est
528 888 607 943 enim
635 889 727 944 altare
750 888 811 956 Dei,
827 888 885 944 nisi
938 889 1107 945 bisinrenit
1117 889 1200 962 quod
1215 889 1279 959 ejus
1293 888 1437 945 voluntati
1451 886 1645 945 contradicat.

55 977 210 1035 Christus?
232 976 308 1042 Ouia
322 993 392 1032 cum
416 977 582 1050 peripsum
608 978 804 1034 mediatorem
831 979 885 1033 hu·
976 977 1118 1047 Cogitavit
1145 978 1298 1047 Dominus,
1315 982 1370 1034 etc.
1395 980 1471 1034 Deus
1496 976 1584 1049 quasi
1602 977 1694 1033 homo
1708 977 1769 1034 fae·

53 1083 146 1124 mano
160 1065 261 1136 generi
279 1068 357 1121 Deus
370 1066 506 1138 placatus
518 1065 662 1134 redditur,
677 1068 764 1140 quasi
786 1066 886 1140 propi·
940 1073 1003 1125 tum
1019 1067 1148 1137 cogitare
1161 1066 1278 1136 dicitur,
1294 1083 1331 1123 ne
1344 1066 1418 1140 quid
1429 1069 1576 1122 temeroet
1590 1065 1705 1138 absque
1719 1064 1770 1121 de-

55 1155 184 1212 badonis
199 1159 310 1210 nostran
325 1155 505 1210 sacrificium
515 1155 714 1228 superipsum
730 1158 788 1212 lteo
801 1154 888 1211 otier-
940 1158 1114 1214 liberatione
1129 1157 1224 1213 iacere
1240 1157 1385 1214 credatur.
1402 1154 1578 1213 Deliberatio
1592 1159 1693 1213 autem
1718 1153 1769 1211 Dei

56 1250 110 1302 tur.
127 1248 187 1301 lloc
203 1245 296 1303 altare
323 1248 400 1300 Deus
414 1248 498 1301 Pater
517 1244 605 1317 quusi
632 1245 748 1317 repulit,
763 1244 888 1318 quando
942 1249 1016 1305 nihii
1031 1248 1112 1305 aliud
1123 1254 1269 1322 estquam
1283 1248 1425 1321 patientia
1453 1253 1481 1303 et
1489 1246 1603 1318 justitia
1626 1247 1700 1318 ejus.
1717 1247 1770 1302 Pa-

54 1335 205 1392 Chriatum
219 1335 368 1407 usquead
395 1333 490 1391 enticis
505 1333 674 1407 patibulum
688 1334 718 1390 in
746 1333 888 1390 manibus
944 1338 1053 1405 tientia,
1068 1354 1129 1411 qua
1152 1338 1368 1411 delinquentes:
1385 1342 1416 1393 ut
1440 1336 1635 1405 corrigantru,
1653 1335 1706 1391 diu
1728 1339 1771 1392 to-

54 1429 301 1499 persequeuttum
313 1424 486 1480 lutlaeorum
507 1424 536 1480 in
551 1424 692 1497 passione
720 1423 886 1496 dereliquit.
943 1427 1034 1496 lerat3
1048 1426 1169 1498 justitia,
1193 1443 1254 1500 qua
1268 1425 1525 1499 perseverantibus
1549 1424 1641 1494 digna
1659 1423 1770 1480 meritis

55 1514 289 1571 Sanctificationi
312 1530 435 1588 quoque
450 1531 511 1569 sure
527 1518 604 1571 Deus
618 1516 703 1570 Pater
724 1513 887 1581 maledixit,
942 1521 1160 1589 recompensat.
1177 1517 1259 1574 Unde
1274 1515 1464 1588 sulrjungitur
1480 1534 1486 1572 :
1512 1514 1643 1571 l'etendit
1657 1512 1772 1570 funicu-

53 1605 201 1678 quiaipse
215 1619 307 1678 quem
335 1605 522 1672 singrdariter
537 1604 782 1672 sanctificaverat,
799 1607 828 1659 et
849 1603 888 1658 ad
907 1607 1006 1676 glum
1018 1622 1116 1663 sunm.
1134 1607 1209 1672 Quid
1221 1611 1264 1663 cst
1278 1606 1357 1663 enirn
1372 1622 1462 1679 super
1478 1604 1684 1678 delinquentes
1695 1602 1771 1660 iuni·

54 1693 272 1750 mndfioandos
309 1711 365 1750 nos
393 1695 523 1762 miserat,
560 1694 644 1766 prius
671 1693 888 1749 maledictionis
944 1696 1045 1754 culum
1060 1697 1189 1765 tendere,
1205 1696 1262 1753 nisi
1274 1696 1357 1770 prius
1380 1697 1506 1753 modum
1521 1701 1549 1752 et
1574 1694 1771 1769 quantitatem

52 1788 168 1839 nostrae
193 1799 315 1856 punam
343 1783 525 1856 expiandam
549 1783 701 1856 imposuit,
718 1799 753 1838 ac
781 1782 889 1838 deinde
944 1786 1044 1842 delicti
1071 1785 1226 1855 diligenter
1251 1785 1439 1854 examinare;
1469 1801 1504 1842 ac
1527 1783 1645 1852 deinde,
1669 1798 1774 1840 secun·

53 1889 111 1929 nos
124 1878 238 1930 ereata
264 1874 480 1930 maledictionis
506 1874 660 1930 absolutos
681 1872 888 1929 sanctificatio·
944 1877 1018 1933 dum
1032 1875 1324 1950 mensuramculpte,
1352 1890 1526 1950 mensuram
1545 1872 1694 1929 moderari
1710 1872 1774 1929 vin-

54 1962 101 2018 nis
120 1961 201 2019 illius
228 1963 387 2035 participes
414 1963 491 2019 fecit.
518 1962 673 2036 Sequitur:
703 1961 834 2018 Tradidit
857 1959 888 2017 in
944 1967 1054 2023 dictae?
1078 1969 1198 2039 Propter
1229 1966 1311 2039 quod
1337 1963 1492 2021 subditur:
1521 1965 1554 2019 Et
1583 1978 1645 2019 non
1669 1959 1774 2018 avertit

55 2067 167 2108 manus
182 2051 295 2108 inimici
308 2066 412 2108 muros
427 2053 552 2108 turrium
568 2053 642 2123 ejus.
659 2050 731 2108 tduri
750 2050 886 2117 turrium,
946 2072 1164 2113 manumsuam
1176 2073 1193 2112 a
1203 2056 1377 2131 perditione.
1392 2059 1432 2111 Ac
1441 2054 1464 2109 si
1475 2053 1603 2109 eiceret:
1619 2051 1774 2108 Neminem

55 2142 153 2215 quiin
169 2142 286 2198 civitate
307 2142 516 2199 eminentiores
544 2147 622 2209 sunt,
637 2138 791 2216 apostolos
813 2139 890 2195 (iesi-
946 2147 1207 2221 excepitapoena‚
1233 2145 1305 2219 quia
1329 2145 1482 2200 neminem
1510 2141 1622 2199 invenit
1645 2140 1775 2198 liberum

56 2237 160 2301 guent,
176 2231 228 2304 qui
239 2237 309 2288 tunc
321 2232 352 2287 in
368 2236 470 2288 saneta
481 2230 610 2287 Ecclesia
624 2237 653 2288 et
664 2231 808 2301 dignitate
818 2229 890 2286 emi·
947 2236 1076 2309 aculpa.
1101 2236 1187 2302 Quod
1209 2234 1267 2306 legi
1283 2234 1371 2291 etiarn
1399 2232 1483 2290 aliter
1497 2235 1603 2306 potest.
1633 2228 1776 2302 Cogitavit

55 2321 217 2388 acutiores,
234 2327 263 2378 et
282 2321 448 2379 constantia
462 2321 597 2378 tortiores
624 2321 753 2377 fuertmt.
772 2319 890 2378 sedisti
947 2325 1101 2398 Dominus,
1113 2331 1168 2384 etc.
1184 2329 1237 2381 Per
1251 2324 1461 2395 cogitationem
1475 2323 1586 2396 quippe
1602 2321 1663 2389 Dei,
1679 2318 1776 2376 oecul-

55 2426 180 2484 quoque
194 2412 225 2468 ln
252 2426 362 2469 manus
377 2411 488 2468 inimici
503 2411 600 2468 traditi
629 2415 706 2477 sunt,
722 2411 803 2484 quia,
820 2427 890 2467 cum
945 2420 975 2473 la
985 2415 1168 2490 dispensatio
1192 2412 1403 2471 incarnationis
1430 2412 1494 2483 ejus
1521 2408 1643 2481 mielligi
1668 2411 1774 2485 potest.

56 2500 206 2558 Christum
233 2501 488 2569 1110tt⁰ssffl0r0sst
504 2500 734 2575 quodammodo
756 2516 810 2574 per
825 2499 889 2556 infi·
947 2510 980 2562 Et
994 2505 1106 2579 quiain
1121 2521 1209 2561 carne
1225 2504 1358 2572 veniens,
1372 2500 1488 2560 occidte
1502 2500 1637 2574 quodam
1652 2496 1776 2555 consilio

56 2589 208 2647 delitatem
224 2597 408 2648 corruerunt.
437 2591 575 2665 Sequitur
592 2592 721 2646 :Vocem
744 2589 892 2646 dederunt
944 2595 1064 2652 Jurlaeos
1079 2594 1196 2668 repulit,
1210 2598 1242 2650 ut
1257 2595 1359 2664 gentes
1373 2592 1411 2650 ad
1426 2591 1517 2647 tidem
1529 2588 1688 2659 colligeret,
1703 2600 1777 2660 qua-

58 2679 87 2734 in
98 2679 192 2735 domu
206 2680 323 2736 Domini
347 2681 422 2736 sieut
436 2681 465 2736 in
480 2681 527 2735 ‹lre
554 2679 691 2735 solemni.
709 2679 821 2735 Domus
835 2679 890 2734 Do
947 2685 971 2741 si
986 2685 1069 2758 prius
1095 2700 1216 2741 murum
1231 2683 1298 2740 filice
1315 2682 1384 2740 Sion
1410 2678 1574 2754 dissipavit,
1595 2677 1627 2734 id
1640 2681 1685 2734 est
1708 2691 1777 2751 pro-

58 2769 130 2824 mini
143 2769 271 2826 Ecclesia
283 2770 462 2839 intelligitur.
480 2772 589 2824 Vocem
604 2784 675 2838 ergo
685 2767 890 2825 exsultationis
947 2775 1105 2832 rectionem
1118 2790 1205 2831 suam
1223 2789 1241 2830 a
1256 2771 1369 2850 populo
1396 2771 1569 2828 iudaeorum
1595 2765 1725 2836 abstulit,
1741 2781 1778 2824 ac

57 2858 169 2914 mimici
193 2859 223 2915 in
244 2859 338 2916 domo
364 2859 480 2914 Domini
500 2859 656 2925 dederunt,
673 2856 807 2930 quando,
823 2857 890 2929 tPSO
947 2864 988 2922 sic
1003 2865 1110 2921 deinde
1121 2863 1289 2920 funiculum
1307 2860 1487 2919 baereditatis
1502 2875 1564 2916 sure
1578 2873 1669 2933 super
1682 2872 1777 2932 popu·

57 2951 176 3019 pastore
204 2954 332 3017 mortuo,
358 2953 386 3003 et
413 2946 557 3020 dispersis
570 2946 686 3013 ovibus,
713 2945 837 3002 omnino
858 2960 890 3001 se
910 2954 1008 3043 Clam
1025 2953 1159 3025 gentium
1172 2951 1315 3010 dilatavit.
1333 2950 1423 3017 Quasi
1437 2949 1518 3006 enim
1532 2950 1703 3005 contractus
1714 2947 1778 3004 erat

56 3037 250 3109 prevaluisse.
275 3037 392 3107 gloriati
415 3043 493 3093 sunt.
509 3033 560 3092 Vel
582 3051 636 3108 per
651 3032 777 3091 domum
792 3033 891 3091 Domi·
946 3042 1096 3100 funiculus
1113 3043 1187 3115 ejus,
1203 3041 1326 3116 quando
1345 3040 1383 3096 (le
1398 3039 1511 3114 populo
1527 3037 1700 3093 iudaeorum
1714 3038 1777 3091 tan·

55 3127 85 3182 ¹¹5
115 3127 218 3198 ipsum
255 3128 402 3184 tlhlt'stssffl
435 3127 569 3199 accipere
606 3140 777 3198 P0³³¹1m1182
815 3125 892 3181 ³i011t
946 3136 1010 3189 tum
1025 3131 1180 3188 dicebatur
1195 3150 1201 3187 :
1217 3130 1310 3187 Jacob
1321 3129 1479 3200 saniculae
1505 3126 1688 3182 hereditatis
1712 3124 1777 3192 ejus

55 3215 132 3271 dicit
157 3216 336 3288 Apostolus:
358 3219 437 3273 Deus
452 3220 517 3273 erat
540 3218 572 3271 tra
597 3215 716 3272 Christo
745 3215 890 3271 mundum
947 3218 1043 3291 (Dent.
1058 3217 1157 3290 xxxn);
1174 3215 1225 3272 sed
1240 3220 1311 3272 tunc
1325 3212 1474 3270 tuniculas
1487 3210 1625 3277 tenditur,
1641 3206 1776 3282 quando,

55 3305 262 3361 reconcilians
285 3305 340 3361 siti
353 3306 395 3377 (ll
408 3307 477 3363 Cor.
491 3307 529 3376 v).
551 3308 582 3359 tn
600 3302 691 3359 domo
719 3303 819 3376 ltaque
835 3304 891 3358 Do·
947 3312 979 3363 nt
993 3305 1106 3363 dictum
1121 3308 1173 3372 cst,
1189 3319 1253 3360 sors
1267 3299 1448 3359 haereditatis
1462 3294 1552 3372 super
1575 3312 1680 3353 omnes
1706 3310 1777 3367 gen-

56 3394 132 3449 mini
162 3405 265 3449 rocem
285 3393 394 3450 inimici
432 3394 588 3460 dederunt,
617 3391 742 3465 quando
776 3390 832 3463 ipsi
860 3391 891 3447 in
946 3401 989 3453 tes
1005 3394 1154 3452 dilatatur.
1180 3392 1255 3459 Quia
1269 3409 1340 3448 vero
1368 3388 1617 3447 illuminationem
1643 3383 1777 3457 gentium

56 3499 146 3539 eructi
170 3483 312 3556 pendenti
339 3483 532 3549 insultabant,
555 3481 686 3537 (licentes
702 3498 709 3536 τ
723 3480 807 3536 Altos
830 3481 890 3536 sot·
946 3485 1097 3560 praecessit
1113 3481 1464 3549 excaecatiotudarorum
1494 3483 1571 3535 recte
1595 3475 1777 3533 subinfertur

56 3588 108 3627 vos
125 3572 208 3641 sectr,
235 3575 363 3642 seipsum
390 3587 448 3628 non
469 3576 568 3642 potest
587 3572 704 3627 salmam
729 3569 841 3639 faeere.
857 3569 892 3625 St
947 3592 1016 3632 eum
1044 3574 1169 3632 dicitur:
1200 3576 1233 3630 nr
1259 3588 1322 3628 non
1347 3569 1452 3628 avertit
1474 3584 1601 3626 manum
1634 3582 1721 3624 snam
1758 3580 1778 3623 s

55 3663 156 3717 Filias
168 3664 226 3718 Dei
252 3667 303 3727 est,
320 3663 479 3720 descendat
493 3675 575 3717 arrae
589 3661 625 3717 de
638 3675 735 3732 mace,
752 3664 781 3715 et
795 3659 889 3716 credi·
946 3664 1121 3740 perditione.
1139 3663 1228 3731 Quasi
1237 3662 1317 3719 enim
1332 3659 1499 3717 funiculum
1508 3658 1634 3716 tendens
1648 3670 1776 3714 manum

57 3767 123 3808 mus
137 3753 414 3823 citationem).
443 3752 525 3808 Unde
549 3751 625 3806 bene
654 3749 837 3822 adjungitur,
854 3748 891 3805 si·
946 3752 1142 3828 nperditione
1158 3757 1310 3821 averteret,
1330 3751 1354 3807 si
1370 3755 1473 3822 gentes
1487 3747 1629 3818 colligens
1656 3745 1776 3803 ludaeos

57 3846 107 3897 cut
121 3841 152 3897 in
162 3842 210 3898 die
239 3842 374 3899 solemni.
400 3841 577 3899 solemnitas
595 3839 675 3896 enim
702 3838 848 3910 generalis
863 3841 891 3896 et
945 3858 1007 3900 non
1033 3843 1215 3917 reprobaret.
1241 3843 1313 3898 ilinc
1338 3839 1485 3913 estquod
1513 3836 1603 3894 isaias
1627 3834 1776 3909 propheta

57 3933 229 3988 communis
259 3938 303 3989 est
328 3931 479 3989 festivitas.
510 3930 600 3998 Quasi
623 3943 694 4000 ergo
722 3929 753 3985 in
772 3928 820 3985 die
844 3942 890 3984 sn·
946 3944 1015 3989 cum
1043 3931 1136 3989 iidem
1162 3930 1306 4002 gentium,
1338 3931 1367 3985 et
1393 3929 1525 3985 futuram
1560 3940 1613 4000 per
1638 3921 1776 3997 spiritum

55 4022 149 4078 lemni
163 4036 269 4079 vocem
284 4023 367 4090 dant,
383 4023 435 4095 qni
453 4021 575 4095 impleto
591 4020 702 4090 gaudio
726 4018 800 4076 nihii
825 4019 889 4091 jam
946 4027 1078 4079 cerneret
1101 4021 1331 4079 excaecationem
1354 4018 1536 4085 iudaeorum,
1548 4015 1590 4073 ait
1605 4034 1611 4072 :
1627 4012 1776 4086 Multipli-

55 4112 213 4169 desideriis
238 4112 298 4168 stris
313 4127 468 4186 superesse
484 4110 640 4167 exsultant.
657 4108 774 4184 Depuiit
792 4109 890 4166 Domi·
945 4111 1160 4182 rusticantem,
1183 4126 1243 4166 non
1257 4108 1460 4180 mopnr’ficosti
1486 4105 1621 4162 letitiam
1636 4104 1706 4172 (Iso.
1721 4101 1773 4177 rx).

55 4218 113 4259 nus
125 4203 219 4258 altare
234 4216 333 4259 suum.
345 4203 441 4258 rtltare
467 4201 516 4257 Dei
541 4201 570 4256 iu
594 4199 681 4256 nobis
696 4198 771 4255 tides
788 4203 891 4255 nostra
945 4197 1134 4272 nultiplicata
1173 4197 1285 4270 quippe
1325 4198 1422 4265 gente,
1455 4191 1555 4248 laetitia
1582 4191 1777 4262 magnificata

55 4296 110 4361 est,
126 4306 220 4366 supra
233 4292 517 4366 quamsacriflcium
543 4290 616 4347 boni
631 4288 729 4363 operis
753 4289 889 4346 immola-
945 4302 1006 4344 nen
1034 4289 1087 4357 est,
1116 4286 1189 4360 quia
1213 4282 1328 4358 priores
1354 4285 1463 4355 patres,
1492 4278 1630 4351 quamvis
1651 4278 1775 4350 quidem

54 4398 136 4439 mus.
149 4382 235 4448 (lund
256 4381 392 4438 videlicet
405 4381 575 4438 altaretunc
589 4379 749 4453 repellitur,
765 4378 889 4451 quando
908 4344 1116 4431 ”tercentus
1142 4372 1180 4428 de
1206 4370 1305 4428 lutura
1340 4367 1433 4425 salute
1453 4366 1596 4438 gentium,
1621 4361 1710 4419 simui
1732 4367 1775 4420 ta·

54 4471 132 4527 fides
145 4475 248 4527 nostra
260 4471 347 4527 bonis
362 4471 502 4544 operibus
529 4466 653 4536 nudata,
669 4485 687 4525 a
702 4468 761 4524 Deo
788 4483 890 4540 repro·
944 4479 1015 4520 men
1030 4462 1190 4520 doluerunt
1205 4458 1242 4517 de
1256 4457 1420 4533 perditione
1434 4454 1617 4511 tudaeornm.
1640 4449 1735 4519 Unde,
1746 4454 1775 4508 et

54 4561 155 4617 batur.
172 4563 214 4616 De
227 4576 289 4634 qua
301 4560 400 4616 adhuc
415 4560 572 4616 subditur:
590 4555 736 4617 ldaledixit
762 4556 889 4613 sanctifi·
943 4554 991 4610 hie
1002 4568 1123 4628 quoque
1140 4553 1218 4607 recte
1243 4546 1434 4620 subjungitur
1450 4565 1456 4602 :
1473 4542 1611 4618 suxitque
1637 4543 1773 4599 antemu-

55 4649 166 4706 cationi
193 4661 264 4706 suae.
290 4648 496 4707 sanctificater
522 4649 635 4721 quippe
675 4646 750 4703 fides
774 4649 887 4714 nostra,
944 4643 1015 4711 rale,
1040 4646 1069 4698 et
1096 4656 1201 4697 murus
1226 4637 1387 4711 dissipatus
1409 4638 1462 4693 est.
1484 4633 1561 4701 Quid
1586 4647 1719 4707 namque
1741 4631 1773 4689 in

54 4739 181 4813 quando
196 4738 222 4794 el
236 4752 289 4812 per
303 4736 486 4795 incrementa
499 4737 642 4794 virtutum
656 4736 761 4794 merita
775 4750 887 4806 angen·
944 4734 1001 4790 hoc
1013 4733 1080 4790 loco
1095 4729 1290 4800 antemurale,
1318 4727 1376 4785 nisi
1396 4726 1511 4802 priores
1526 4729 1625 4802 patres
1638 4741 1645 4794 ·,
1657 4726 1686 4780 et
1698 4721 1774 4799 quid

55 4833 119 4896 tur3
132 4827 360 4885 sanctificationi
368 4827 564 4896 maledicitur,
575 4828 698 4901 quando
709 4825 889 4884 amissisvir-
944 4838 1059 4892 murus,
1074 4819 1132 4879 nist
1159 4822 1260 4895 ipsum
1284 4816 1474 4878 mediatorem
1493 4815 1544 4874 Dei
1559 4819 1587 4872 et
1613 4813 1773 4871 hominum

55 4915 180 4983 tutibus,
194 4916 270 4974 fides
286 4917 351 4991 ipsa
366 4916 465 4991 pravis
474 4916 640 4974 actionibus
654 4915 788 4974 violatur.
806 4914 888 4973 Dnde
943 4912 1089 4985 designat.
1108 4911 1188 4970 Sicut
1200 4924 1254 4988 per
1268 4910 1376 4968 isaiam
1390 4909 1515 4966 dicitur:
1531 4907 1606 4965 Urbs
1618 4903 1774 4978 fortitudi-

55 5004 158 5064 adhuc
173 5006 292 5064 additur
307 5028 313 5064 z
330 5004 461 5064 Tradidit
472 5005 502 5063 in
523 5021 632 5063 manus
647 5006 759 5063 inimici
784 5021 888 5063 muros
944 5007 990 5062 atr
1002 5003 1201 5071 nostramet,
1223 5001 1368 5060 Salvator
1378 5005 1510 5073 ponetur
1523 5000 1555 5055 ta
1570 5013 1605 5055 ea
1627 5011 1732 5053 murus
1744 4999 1773 5051 et

55 5096 184 5154 turrium
199 5097 272 5167 ejus.
291 5092 459 5162 Quirlenim
487 5095 718 5161 moritaniam,
745 5095 802 5153 nisi
817 5095 888 5152 emi·
943 5094 1131 5153 antemurale
1142 5092 1211 5167 (Iro.
1227 5092 1314 5164 arvi).
1344 5092 1409 5165 ipse
1436 5089 1515 5147 enim
1534 5084 1701 5143 secundnm
1715 5082 1773 5136 ior-

55 5187 207 5243 nentiores
221 5184 343 5242 drtutes
359 5184 537 5255 signiticant,
567 5199 634 5259 quas
650 5189 678 5241 et
693 5182 794 5241 solida
818 5188 888 5242 sunt
942 5199 1024 5241 marn
1041 5186 1203 5256 assumpta
1230 5180 1435 5246 humanitatis,
1451 5176 1538 5251 quasi
1564 5187 1669 5229 murus
1683 5167 1771 5224 nobis

54 5288 106 5348 par
120 5272 337 5341 tortitudinem,
348 5279 376 5330 ot
387 5277 491 5330 erecta
504 5286 558 5347 per
568 5272 889 5349 circumspectionem?
942 5274 1037 5332 iactus
1059 5276 1121 5341 est;
1144 5271 1216 5345 quia
1230 5285 1307 5344 qnos
1321 5282 1375 5347 per
1399 5267 1492 5322 iidem
1506 5265 1537 5318 in
1559 5277 1590 5316 se
1618 5256 1771 5357 eredentes

53 5364 125 5423 ituri
151 5378 225 5434 ergo
248 5362 373 5421 turrium
398 5365 428 5421 in
448 5380 557 5421 manus
585 5362 695 5420 inimici
718 5365 885 5434 traduntur,
942 5364 1062 5437 recepit,
1078 5367 1107 5419 et
1121 5365 1224 5419 contra
1234 5352 1493 5432 impugnatlonem
1503 5348 1706 5420 malignorum
1714 5362 1772 5423 spr-

52 5454 191 5528 quando,
208 5451 342 5525 subjecta
357 5453 412 5509 sibi
436 5468 489 5528 per
517 5468 698 5510 consensum
725 5453 888 5528 iniquitatis
943 5454 1055 5509 rituum
1070 5446 1259 5508 defendendo
1274 5440 1411 5500 custodit.
1442 5441 1499 5498 Sed
1513 5438 1585 5514 quia
1612 5436 1708 5496 sancti
1720 5438 1772 5494 Pa·

53 5545 168 5613 anima,
185 5543 277 5599 etiam
288 5543 414 5599 summis
421 5541 580 5600 virtutibus
594 5542 781 5600 adversarius
794 5541 888 5600 domi·
943 5546 1002 5600 tres
1016 5542 1106 5599 etiam
1121 5539 1160 5596 ad
1184 5527 1411 5593 custodiendam
1425 5529 1585 5587 Ecclesiam
1603 5528 1654 5587 Dei
1662 5527 1773 5603 jugiter

53 5638 152 5709 asna,
172 5631 214 5693 De
228 5643 291 5711 qun
303 5636 382 5690 recte
397 5632 588 5695 subinfertur.
604 5633 713 5711 Vocem
741 5630 889 5695 dederrmt
943 5627 1154 5706 predicatione
1164 5629 1193 5685 et
1205 5621 1344 5698 exemplo
1358 5614 1561 5696 spiritualibus
1581 5616 1715 5677 excubiis
1729 5618 1773 5674 in·
