3832 6044
122 165 156 218 tt
280 154 431 212 HUGONlS
452 154 496 209 [tu
515 155 543 210 S.
564 155 710 210 ViCTOllE
730 155 804 209 OPP.
825 155 913 210 PARS
932 157 952 209 l.

973 185 1007 194 -
1028 156 1225 212 execution.
1249 187 1283 196 —
1303 159 1322 212 l.
1344 159 1376 212 ΙΝ
1399 158 1427 213 S.
1449 157 1673 215 sculptilium.

123 284 313 354 stringeretur
325 278 472 349 magisac
496 277 602 346 magle,
617 292 656 332 an
671 277 797 349 parietes
812 293 946 333 surrexe·
964 279 1067 350 Aquis
1082 285 1182 337 antem
1197 285 1331 354 opponat
1344 280 1428 354 qarod
1443 281 1657 337 sexcentesimo
1668 282 1714 355 pri

121 376 179 433 rint
192 370 345 446 aequaliter
363 369 393 425 in
409 382 537 431 summo,
555 365 602 421 vel
617 366 706 422 etiam
721 365 788 439 plus
808 383 901 439 quam
914 366 944 422 in

119 464 181 521 imo
196 479 214 518 a
228 476 259 517 sc
274 459 425 525 distantes,
450 459 478 511 ct
492 454 523 510 in
540 459 614 511 tecto
628 459 745 511 tantum
760 454 847 511 tuerit
861 472 945 513 cacu-

119 553 232 610 minata
246 548 371 604 diversae
384 547 454 601 sunt
467 543 633 617 opiniones.
649 545 813 602 Coetaacuta
826 562 845 601 a
859 561 945 601 caena

119 640 228 698 scilicet
241 635 358 693 solaria.
380 635 524 706 aristeae,
540 633 626 690 idest
639 633 844 690 distinctiones
859 633 944 689 trica·

117 732 246 788 meratus
272 724 439 781 secuudum
468 722 669 794 longitudines
697 721 900 790 mansionum,
926 739 945 778 a

116 819 178 887 tris,
194 821 223 873 ct
248 819 340 885 stega,
357 812 410 887 qui
426 816 470 868 est
496 809 589 879 locus,
606 827 667 884 quo
696 814 789 867 statur
815 809 845 866 in
874 810 944 866 nari

116 909 205 965 (licta
222 906 302 961 Bina
316 902 437 959 induces
450 903 481 957 in
497 916 610 959 arcana
627 899 676 956 llic
705 903 789 956 notat
813 899 943 973 parilita-

117 1003 176 1055 tem
187 992 312 1052 masculi
328 995 357 1048 et
368 989 503 1047 femellae.

152 1099 314 1175 (Gratti.)
333 1099 428 1155 Yoltes
440 1102 560 1167 septena
576 1097 640 1168 (tt).
659 1096 708 1151 llic
730 1099 812 1152 nouat
837 1111 942 1151 nume·

91 1198 98 1207 “
115 1209 193 1251 rum.
216 1193 334 1262 Septem
358 1186 389 1243 in
402 1184 537 1259 quolibet
551 1201 668 1255 genere,
686 1201 746 1240 non
761 1183 941 1256 quatuorde-

116 1283 184 1339 eim.
210 1275 438 1345 Similiterdua,
467 1275 504 1331 de
530 1275 657 1344 singuiis
682 1273 852 1345 transcendis,
879 1288 940 1328 non

114 1365 349 1445 quatuordinpti
362 1369 433 1420 satsat
446 1379 546 1419 ontraes
571 1363 670 1432 sontes
685 1362 786 1431 abyssi
813 1376 939 1433 inantea,

115 1465 169 1517 etc.
187 1455 332 1525 Quaeritau‘
343 1457 444 1510 utrum
466 1468 502 1508 ex
514 1450 583 1507 solis
602 1450 659 1507 illis
674 1453 761 1524 asqads
776 1466 844 1523 quae
869 1453 940 1505 tunc

114 1551 207 1615 erant,
224 1545 335 1602 lactum
363 1541 398 1598 sit
412 1540 569 1609 dilnvium,
586 1556 625 1596 an
641 1557 691 1596 aer
705 1545 734 1596 et
747 1544 856 1595 caetera
885 1537 940 1594 ele-

999 384 1039 425 no
1055 368 1153 442 pu'ma
1165 369 1212 425 dic
1228 370 1301 426 vidit
1314 373 1373 427 Noe
1383 369 1714 443 exsiccatamsuperlici

998 475 1049 524 rae,
1065 462 1208 516 ettamen
1222 459 1286 531 jam
1301 464 1368 516 ante
1383 459 1514 515 diximus
1524 459 1607 532 quod
1617 476 1714 517 nono«

998 547 1046 603 dic
1061 548 1196 619 ejusdem
1215 548 1326 604 mensis
1341 547 1482 604 columba
1492 548 1588 604 attulit
1597 565 1714 607 ramum

998 640 1104 693 octavo
1120 637 1308 709 praecedenti,
1326 637 1357 693 id
1384 641 1428 693 est
1442 636 1623 694 duodecimo
1638 637 1685 695 die
1713 689 1714 695 ,

999 725 1134 797 ejusdem
1150 725 1268 794 emissa,
1284 742 1339 782 nee
1354 725 1454 781 locum
1468 725 1521 782 ubi
1536 742 1589 799 pes
1604 727 1669 798 ejus
1694 745 1714 785 n

998 818 1075 870 ceret
1089 815 1241 880 invenerit,
1259 815 1331 871 sciat
1345 816 1424 871 banc
1438 831 1502 872 essa
1515 820 1654 873 naturam
1664 817 1711 875 col

997 903 1080 976 quod
1096 920 1158 960 non
1173 908 1270 977 potest
1280 920 1333 976 pes
1344 905 1408 975 eJus
1424 905 1607 978 requiescere
1621 906 1651 962 in
1667 906 1714 964 lut

997 1010 1122 1067 rumque
1136 1010 1198 1050 non
1208 993 1276 1049 ideo
1286 993 1345 1050 dici
1355 993 1386 1050 in
1400 995 1457 1050 hoc
1471 994 1537 1052 loco
1552 996 1714 1054 exsiccatas

996 1099 1033 1138 ex
1048 1087 1108 1138 toto
1127 1081 1245 1138 abesset
1267 1097 1357 1154 aqua,
1374 1082 1427 1139 scd
1441 1083 1513 1156 quia
1528 1083 1573 1140 sis
1588 1100 1674 1157 aquae
1698 1102 1714 1141 n

995 1174 1116 1246 sabuco
1131 1169 1234 1226 tulerat
1244 1186 1324 1243 aqua
1335 1169 1390 1226 nisi
1400 1169 1553 1228 lutulenta.
1564 1172 1644 1229 Unde
1652 1171 1682 1228 in
1690 1189 1714 1229 st

995 1274 1098 1314 meuse
1113 1258 1183 1314 dicit
1193 1263 1302 1315 terram
1318 1258 1489 1327 arefactam,
1504 1259 1587 1332 quod
1602 1259 1670 1333 plns
1684 1277 1714 1319 es

1031 1365 1107 1436 (aas.
1124 1366 1178 1435 tl.)
1198 1365 1307 1420 Terror
1320 1370 1415 1420 vestet·
1427 1381 1463 1420 ac
1478 1372 1588 1421 tremor
1599 1380 1690 1436 sttper

995 1454 1164 1509 animantia
1180 1453 1245 1524 (36).
1262 1455 1325 1508 Non
1340 1457 1383 1508 est
1399 1453 1479 1509 enim
1498 1453 1538 1509 ita
1552 1455 1714 1510 vehemens

995 1556 1056 1597 non
1071 1541 1107 1597 sit
1117 1541 1254 1602 irritatus.
1267 1541 1318 1614 qui
1328 1558 1390 1597 non
1400 1547 1569 1598 revereatur
1578 1542 1714 1599 homines

113 1641 215 1694 ¹110ssOE
229 1647 374 1691 ⁰⁰11V61'S&
385 1630 483 1687 Sillim
499 1645 605 1702 aquas,
621 1627 836 1701 issfflpltlviales
846 1643 940 1699 quum
959 1633 979 1688 lt
995 1631 1074 1686 vobis
1090 1632 1120 1685 in
1136 1630 1242 1686 cibant.
1262 1629 1310 1685 llic
1322 1636 1445 1703 apparet
1456 1647 1517 1686 non
1529 1636 1649 1704 propter
1659 1648 1712 1688 esu

112 1724 227 1793 labiles,
240 1722 351 1796 quibus
366 1719 478 1777 iactum
490 1718 526 1774 sit
535 1717 682 1773 diluvium
694 1716 707 1771 l
719 1714 805 1782 Quod
817 1715 940 1788 quidem

113 1813 240 1870 dubium
251 1815 303 1878 est,
323 1808 397 1865 sicut
408 1806 527 1873 etillud,
539 1804 662 1879 quando
675 1804 783 1860 sicilicet
793 1820 879 1876 aquae
890 1820 940 1858 sa-

112 1900 252 1976 poraliter
267 1897 422 1967 eriguntur
434 1894 474 1951 ad
484 1893 647 1966 superiora,
660 1893 698 1948 ad
711 1891 939 1964 temperandum

113 1989 298 2062 superiorem
326 1984 467 2047 calorem,
483 1987 584 2039 utrum
601 1982 753 2038 minuatur
781 1997 870 2052 aqua,
900 1996 939 2035 an

113 2075 300 2136 tantumdem
317 2072 505 2130 interioribus
522 2075 684 2128 remaneat.
703 2071 872 2126 Cataracta·
887 2084 940 2125 ca·

115 2169 138 2223 li
151 2171 262 2237 apertae
274 2167 353 2220 sant.
367 2160 495 2228 Quidam
506 2159 611 2216 volunt
619 2159 845 2215 firmamentum
856 2174 940 2230 aper-

112 2260 177 2312 tum
191 2253 292 2321 inisse,
311 2256 340 2308 et
363 2265 453 2323 super
467 2249 601 2306 coelcstcs
630 2265 725 2321 aquas
752 2245 940 2303 descendisse

111 2359 166 2418 per
180 2342 316 2417 plurias;
332 2338 416 2412 quod
437 2337 564 2394 dubium
579 2342 623 2394 est
638 2336 778 2393 similiter.

148 2451 225 2522 (Ges.
240 2447 321 2521 vill.)
332 2445 515 2504 Recordatus
530 2449 685 2503 astantem
704 2445 781 2500 Deus
796 2443 859 2498 Noe
873 2442 938 2514 (325),

112 2539 222 2597 scilicet
235 2535 402 2594 secundum
417 2533 565 2602 effectum,
583 2549 644 2589 non
659 2533 808 2588 allectum.
826 2530 938 2588 Oblitus

111 2629 192 2685 enlm
207 2625 364 2683 videbatur
374 2622 446 2696 quia
456 2626 517 2678 tarn
528 2622 581 2678 diu
591 2621 744 2677 dimiserat
754 2620 784 2676 in
795 2619 937 2693 periculo;

111 2716 203 2773 modo
217 2714 325 2770 dicitur
339 2710 522 2778 recordatus,
543 2709 615 2783 quia
641 2708 746 2765 blnrat
773 2723 852 2764 earm.
867 2708 938 2763 Post

112 2811 229 2863 cettttnn
255 2800 476 2875 quinquaqinta
496 2799 567 2855 dies.
584 2797 628 2853 nh
644 2797 780 2865 ingressu
804 2795 940 2852 videlicet

110 2897 170 2952 lioe
183 2893 214 2950 in
229 2907 340 2959 arcam,
357 2889 389 2946 id
414 2893 458 2945 est
472 2888 570 2961 primo
597 2886 645 2942 die
661 2886 734 2940 sexti
760 2884 872 2941 mensis
898 2884 938 2940 ab

995 1719 1079 1774 nium
1094 1718 1206 1775 deletos
1221 1736 1286 1775 esse
1310 1720 1446 1775 homines
1462 1721 1492 1775 in
1508 1720 1639 1777 diluvio:
1656 1721 1714 1777 und

994 1807 1088 1874 cibus,
1102 1807 1154 1863 sed
1162 1807 1375 1881 intemperatus
1381 1825 1453 1864 usus
1465 1808 1607 1878 arguitur.
1618 1810 1714 1867 Carne

993 1899 1140 1967 satiandae
1154 1913 1214 1953 iton
1241 1898 1406 1954 comedetis.
1424 1900 1483 1954 lloc
1498 1898 1714 1972 prohilsetprol

994 2001 1108 2056 guttur.
1125 1991 1158 2042 ut
1183 1985 1348 2056 intelligant
1363 2003 1394 2042 sc
1423 1987 1532 2043 debere
1546 1987 1694 2044 abstinere
1709 2005 1714 2043 t

994 2074 1095 2131 dendo
1110 2076 1255 2145 sanguine
1271 2076 1368 2140 camis
1383 2077 1534 2144 humanae,
1550 2093 1644 2151 quam
1666 2092 1714 2134 nor

995 2162 1161 2230 comedere,
1178 2181 1247 2220 eum
1263 2170 1415 2237 tantopere
1444 2165 1660 2238 prohibeantur
1674 2182 1714 2223 at

994 2252 1073 2308 tione
1089 2253 1243 2320 sangmnis
1256 2252 1341 2311 licitas
1356 2253 1464 2310 carnis.
1481 2257 1514 2310 Et
1529 2260 1561 2311 ut
1573 2255 1631 2311 hoc
1641 2254 1714 2312 intel

994 2356 1058 2397 csse
1074 2340 1268 2414 prohibitum,
1285 2341 1348 2415 ipse
1365 2342 1503 2409 ostendit,
1520 2343 1707 2416 subjungens

994 2432 1112 2500 piantem
1141 2432 1219 2487 entim
1240 2433 1410 2489 aetianorum
1437 2439 1615 2506 vestrarum,
1638 2436 1714 2491 elai

993 2519 1113 2592 proprie
1126 2524 1169 2575 est
1188 2520 1346 2594 prohibitio
1361 2521 1513 2578 homicidii
1523 2539 1576 2595 per
1590 2539 1713 2596 poenam

993 2608 1143 2669 minatur:
1173 2609 1345 2681 praecedens
1374 2627 1444 2667 sero
1477 2611 1647 2684 prohibitio,
1677 2628 1714 2687 qu

993 2697 1191 2770 competentia
1201 2698 1293 2754 estad
1304 2698 1391 2755 istam
1402 2699 1581 2757 faciendam.
1596 2703 1714 2760 C1m1en

993 2787 1054 2843 stiae
1069 2786 1167 2858 dignae
1184 2787 1242 2843 sint
1251 2804 1342 2860 pinna
1352 2794 1381 2845 et
1394 2788 1534 2859 vindicta,
1550 2807 1617 2863 quae
1628 2807 1714 2866 nonp

992 2875 1146 2944 malitiam,
1164 2876 1216 2932 sed
1227 2882 1349 2951 propter
1359 2878 1566 2936 bestialitatem
1573 2886 1602 2937 et
1612 2880 1714 2940 irratio:

109 2980 315 3040 inundatione.
330 2981 455 3037 Centum
466 2976 546 3033 enim
557 2975 690 3049 quinqua
695 2974 776 3043 ginta
783 2973 847 3030 <lies
853 2974 939 3045 qmn-
958 2973 978 3025 t]
991 2968 1081 3021 tatem
1090 2981 1176 3020 suam
1187 2967 1364 3036 sanguinem
1375 2967 1505 3026 fundant
1514 2969 1714 3044 humanum(

109 3089 168 3147 que
183 3085 302 3128 menses
316 3069 429 3140 integre
441 3065 561 3134 iaciunt,
574 3069 603 3121 et
616 3064 663 3120 hic
674 3063 738 3120 dies
750 3067 795 3119 est
803 3061 937 3119 decimus

108 3165 233 3218 octavus
248 3155 365 3232 septimi
375 3155 488 3213 mensis
503 3153 584 3210 anni.
594 3154 748 3224 Reqaieatt
757 3167 831 3208 arca
840 3168 938 3208 vaenue

107 3251 241 3322 septimo,
258 3247 397 3320 vicesimo
422 3245 546 3316 septitno
559 3243 616 3299 die.
634 3241 683 3297 llic
706 3244 751 3297 est
778 3240 936 3296 vicesimus

107 3339 171 3396 dies
186 3337 257 3394 noni
272 3335 394 3403 mensis,
406 3332 478 3390 anni
493 3331 630 3388 videlicet
643 3347 705 3387 non
721 3328 933 3387 inundationis.

107 3428 227 3485 Decimo
243 3426 320 3483 atim
346 3421 576 3494 taetasc,scilicct
599 3418 813 3486 inundationis,
832 3419 935 3487 prima

107 3516 155 3572 die
169 3515 287 3584 mensis,
313 3527 381 3584 quse
409 3515 453 3566 est
467 3509 576 3564 scilicet
590 3508 707 3564 decima
733 3511 839 3562 octava
863 3504 934 3561 noni

107 3601 229 3670 mensis,
246 3603 455 3671 apparuerunt
469 3596 789 3652 cacnmtnamontnnn.
803 3594 934 3664 Castaque

108 3693 284 3750 transissent
294 3687 498 3761 qttadrapinta
509 3686 580 3756 dies,
587 3684 617 3739 id
629 3687 673 3739 cst
683 3685 750 3756 post
760 3681 933 3739 vicesimam

106 3779 267 3854 septimam
277 3776 357 3833 diem
367 3772 538 3830 dacilceimi
548 3771 670 3828 mensis.
684 3772 792 3827 Emisit
800 3786 930 3842 serenan,

106 3874 160 3926 etc.
174 3868 283 3926 Emisit
294 3879 410 3938 qnoque
425 3862 602 3929 columbam,
614 3866 680 3927 etc,
698 3859 854 3916 transactis
867 3876 932 3932 scp-

105 3963 165 4014 tem
179 3952 286 4012 diebus
300 3957 369 4028 post
383 3968 507 4009 coruum
523 3950 676 4017 emissum,
692 3954 772 4006 etex
791 3949 848 4005 hoc
863 3965 932 4005 con-

103 4045 212 4117 jieitur,
226 4043 298 4118 quia
314 4042 344 4098 in
359 4040 491 4097 secunda
508 4039 666 4096 emissione
688 4037 835 4095 columbae
850 4038 929 4102 dicit,

104 4133 282 4204 exspectatis
296 4132 365 4189 attis
379 4134 487 4200 septena
500 4128 613 4199 diebus,
629 4131 697 4199 post
711 4125 841 4199 primam
857 4126 931 4181 scili-

104 4219 360 4279 cetemissionem.
372 4220 412 4275 At
423 4219 478 4274 itta
493 4217 572 4274 nentt
586 4215 628 4273 ad
636 4231 703 4272 eram
714 4215 755 4271 ad
766 4230 929 4287 vesperam,

991 3053 1088 3122 magis
1102 3053 1204 3122 hamc,
1221 3055 1272 3127 qui
1288 3056 1401 3112 ratione
1416 3058 1515 3126 ulitur,
1533 3058 1557 3115 si
1571 3058 1714 3130 sanguine

991 3141 1080 3198 minis
1091 3141 1205 3211 iaudat,
1221 3144 1310 3201 debet
1330 3146 1474 3203 multari?
1488 3150 1649 3221 Reatinum
1663 3150 1700 3208 de

992 3230 1162 3305 destinante,
1180 3237 1212 3289 ut
1223 3233 1254 3289 in
1269 3236 1483 3293 restureetioue
1506 3243 1567 3295 tota
1583 3238 1714 3297 substant

989 3320 1079 3376 minis
1094 3320 1120 3376 ei
1139 3321 1318 3392 restituatur,
1348 3323 1415 3381 licet
1430 3325 1512 3398 prius
1526 3327 1556 3383 in
1586 3327 1714 3386 substan

989 3409 1051 3465 stiae
1062 3411 1244 3468 comedentis
1250 3413 1403 3470 bominem
1410 3416 1566 3474 transierit.
1573 3418 1614 3474 lit
1620 3418 1657 3474 de
1664 3434 1713 3476 ma

989 3501 1086 3572 ruinis,
1111 3500 1276 3573 dupliciter,
1295 3502 1404 3560 scilicet
1418 3504 1465 3560 vel
1481 3507 1662 3564 restituendo
1679 3523 1714 3565 su

988 3588 1070 3654 tiam,
1080 3587 1126 3644 sel
1138 3588 1298 3660 irrogando
1310 3592 1482 3651 undictam.
1494 3596 1684 3654 Recordabar
1690 3598 1714 3670 [ι

988 3679 1053 3750 mei,
1069 3677 1167 3747 idest,
1193 3680 1341 3736 recordari
1357 3682 1465 3740 iaeiam
1480 3702 1533 3742 sos
1557 3691 1588 3742 ut
1604 3686 1714 3746 confide

987 3782 1047 3822 non
1059 3767 1185 3824 timeatis
1193 3769 1300 3826 iterum
1308 3771 1531 3844 perirediluvio.
1539 3778 1635 3833 Porro
1647 3777 1714 3835 Cito

986 3862 1028 3913 est
1040 3864 1130 3926 pater
1145 3858 1301 3917 Cdtntaan.
1319 3864 1378 3918 lloc
1392 3863 1459 3920 idco
1474 3866 1663 3938 praeniissum
1684 3883 1714 3924 es

983 3949 1045 4031 ‘boc
1060 3947 1158 4003 statim
1174 3948 1387 4008 maledicturus
1400 3959 1462 4011 erat
1487 3956 1628 4013 chanaan
1641 3972 1714 4031 nep(

985 4049 1040 4107 pro
1051 4041 1182 4108 peccato,
1195 4037 1304 4096 scilicet
1312 4040 1404 4097 Cbam
1415 4043 1506 4114 patn's
1517 4045 1651 4116 ejusdem
1658 4045 1714 4104 Clu

992 4124 1124 4181 Verenda
1135 4129 1235 4196 patris
1245 4128 1369 4186 anecdota.
1385 4130 1456 4187 llinc
1471 4138 1595 4206 apparet
1608 4134 1713 4192 bomin

984 4211 1107 4286 tiquitus
1120 4230 1181 4271 non
1196 4233 1259 4273 esse
1270 4234 1341 4286 usos
1351 4219 1553 4279 femoralibus.
1568 4225 1714 4284 Nuntiatn'

103 4309 220 4368 decima
235 4324 317 4367 nona
331 4307 380 4365 die
390 4305 479 4381 primi
487 4303 608 4373 mensis,
626 4303 831 4360 sexcentesimi
842 4303 929 4376 primi
949 4318 972 4374 1)
988 4301 1040 4358 bas
1053 4303 1212 4372 fratribus.
1229 4309 1334 4377 Magna
1348 4310 1514 4367 ostenditur
1538 4313 1670 4386 nequitia
1696 4317 1714 4374 C

103 4400 191 4469 anni,
208 4399 261 4456 sed
276 4398 314 4456 ab
329 4396 525 4455 inundatione
540 4393 672 4451 secando
688 4392 737 4449 dic
760 4392 930 4448 duodecimi

102 4489 213 4548 mensis
225 4507 232 4557 ;
246 4488 276 4545 id
292 4491 335 4544 est
349 4484 550 4561 quadraginta
560 4483 667 4540 (liebus
677 4482 786 4538 minus.
804 4484 930 4554 Exspec-

102 4577 233 4650 tavitque
248 4574 443 4633 nihilominus
458 4578 571 4647 septem
585 4571 650 4629 aliis
664 4570 780 4638 diebus,
796 4574 828 4627 ut
842 4569 929 4644 perfi-

102 4669 238 4721 cerentur
252 4679 362 4720 norem
374 4663 437 4719 dics
452 4661 622 4718 duodecimi
649 4660 760 4718 mensis
777 4659 816 4717 ab
844 4659 929 4717 inun-

101 4752 238 4821 datione,
254 4751 307 4807 sed
331 4750 468 4822 sigesimi
495 4750 591 4823 quinti
607 4749 812 4807 sexcentesimi
839 4749 928 4824 primi

100 4840 182 4898 anni.
199 4838 290 4911 igitur
304 4837 518 4897 sexcentesimo
543 4838 640 4911 primo
655 4855 746 4909 anno,
763 4843 818 4896 etc.
833 4842 925 4896 Nota:

99 4928 183 5005 quod
199 4927 332 5002 sequitur
355 4927 521 4984 seeundum
543 4928 770 4998 congruentiam
785 4927 928 4985 narratio·

98 5019 155 5089 nis,
170 5016 337 5076 secundum
349 5015 486 5075 ordinem
496 5033 597 5072 rerum
608 5023 759 5087 gestarum
770 5017 855 5091 sequi
865 5033 925 5074 non

97 5113 204 5184 potest.
222 5105 280 5167 Sed
300 5123 354 5181 per
367 5105 642 5180 recapitulationem
655 5107 768 5166 dictum
783 5107 926 5179 intelliga-

96 5214 166 5258 mus
180 5197 264 5274 quod
283 5196 398 5272 pn'mus
413 5195 443 5252 in
459 5196 610 5254 narrando
640 5197 877 5269 praetermiserat.
896 5198 924 5254 Si

984 4390 1140 4449 nonenim
1156 4394 1320 4465 suffecitei,
1348 4397 1432 4470 quod
1452 4399 1533 4456 solus
1554 4401 1686 4472 vidisset,
1711 4421 1714 4460 ι

984 4479 1057 4537 alios
1071 4482 1229 4556 participes
1244 4500 1305 4540 suae
1317 4485 1476 4559 impietatis
1491 4487 1608 4548 iaceret.
1631 4492 1714 4552 Male

986 4568 1143 4628 Cbanaan.
1160 4572 1249 4639 Quasi
1268 4573 1367 4632 abeat:
1386 4577 1465 4635 Siout
1477 4595 1539 4637 non
1554 4585 1597 4637 est
1610 4581 1685 4639 mibi
1710 4583 1714 4640 l

982 4656 1020 4715 de
1036 4663 1062 4715 te
1075 4659 1136 4717 filio
1151 4678 1238 4731 meo;
1259 4663 1300 4720 sic
1309 4680 1364 4722 nec
1378 4671 1410 4723 tu
1418 4668 1517 4741 possis
1529 4668 1622 4727 laetari
1636 4670 1675 4728 de
1689 4676 1714 4731 tu

981 4745 1095 4805 inducit
1109 4748 1358 4826 maledictionem,
1374 4755 1427 4813 ubi
1440 4759 1540 4832 majus
1555 4760 1629 4818 solet
1658 4778 1714 4820 esst

981 4835 1075 4896 dium.
1091 4840 1240 4916 Praecipue
1265 4843 1345 4902 enim
1359 4845 1397 4904 de
1412 4847 1479 4906 filiis
1504 4850 1643 4911 laetantur
1657 4871 1714 4928 per

980 4926 1021 4983 at
1036 4927 1204 4989 benedictas
1224 4933 1368 4993 Datninus
1393 4940 1473 4997 Deus
1486 4941 1562 4999 Sena
1578 4944 1642 5001 Non
1659 4946 1714 5003 Seu

980 5017 1040 5074 lieo
1051 5019 1115 5089 ejus
1129 5020 1278 5082 benedicit
1290 5044 1298 5095 ;
1313 5030 1345 5083 ut
1359 5026 1560 5101 intelligamus
1586 5049 1676 5090 omne
1690 5033 1714 5091 b

979 5113 1115 5167 nostrum
1130 5127 1190 5169 non
1203 5113 1301 5184 uobis,
1314 5115 1366 5173 sed
1381 5120 1441 5175 lleo
1456 5136 1520 5178 esse
1536 5122 1714 5182 ascrilscndu

1014 5197 1091 5268 (Gen.
1107 5202 1150 5276 ll.)
1163 5203 1220 5262 Hoe
1231 5210 1301 5262 suast
1311 5210 1516 5278 esserationis
1528 5213 1598 5271 Noe.
1614 5214 1685 5282 Quae
1696 5230 1714 5272 s

131 5454 187 5526 (til
202 5459 265 5512 Non
280 5460 307 5511 tc
322 5456 436 5529 pudeat
450 5453 595 5530 inspicere
603 5455 679 5512 Aila.
690 5453 833 5538 praedicta
849 5456 920 5514 Bibl-
974 5479 994 5522 n
1009 5467 1096 5610 iam
1113 5486 1174 5526 sure
1190 5466 1251 5528 ltib.

96 5531 208 5592 sancta,
225 5526 276 5583 lib.
293 5543 320 5598 r,
330 5544 349 5582 n
364 5530 439 5610 part.
456 5543 546 5600 super
560 5528 618 5585 hoc
633 5530 753 5585 Genesis
768 5545 834 5602 cap.

1022 5539 1065 5609 tit)
1080 5540 1150 5597 Vide
1168 5541 1243 5599 Adn.
1260 5543 1393 5618 praedicti
1407 5552 1435 5606 F.
1458 5547 1529 5609 Sinti
1542 5552 1574 5610 in
1589 5570 1644 5612 sua
1657 5554 1710 5614 Bib

130 5596 185 5670 (35)
201 5597 270 5655 Vidc
298 5599 327 5656 F.
345 5598 415 5657 sudi
430 5601 506 5655 Anu.
524 5601 699 5674 superdea.
715 5615 763 5657 un
778 5600 809 5658 in
824 5600 876 5659 lib.
892 5614 919 5672 t,
974 5616 1094 5682 apart,
1111 5613 1270 5685 superbos
1285 5617 1355 5675 Gen.
1372 5635 1408 5677 u.
