3832 6044
104 123 156 176 959
280 115 432 174 riboariis
455 116 500 170 DE
521 115 549 171 S.
574 111 817 170 morosiore.
838 109 966 166 PARSI.
987 139 1022 150 --
1047 109 1249 169 EXEGETICA.
1270 142 1305 152 -
1330 112 1641 170 litNAREOPAGlT.
1722 70 1723 73 Ἰ
1767 117 1821 170 990

105 244 196 314 liqcre
210 242 300 297 bonas
314 240 540 311 speculationes,
553 243 580 294 et
591 235 798 306 invisibilibus,
807 240 835 292 et
845 235 930 291 intel·
946 238 970 290 Α
986 234 1137 292 bestialem
1154 237 1213 307 ipsi
1223 237 1354 307 formam
1367 238 1613 308 circumponunt;
1627 243 1655 296 et
1672 239 1769 295 monis
1783 239 1821 310 ei,

105 331 290 398 lectualibus,
304 327 614 397 ecrnaterialibusque
623 327 759 396 formare
769 326 864 383 dictas
874 326 931 381 dis·
984 329 1012 380 et
1022 326 1184 395 pantbera
1198 328 1415 398 specialitatem
1429 332 1582 398 coaptant,
1598 333 1626 384 et
1635 328 1822 398 pardaline-

102 421 212 477 similes
223 419 451 488 similitudines:
466 419 563 475 altero
577 417 664 472 modo
676 414 931 472 intellectualibus
984 428 1032 470 arn
1045 417 1183 485 vestiunt,
1208 422 1237 474 et
1263 432 1366 473 ursam
1392 418 1558 474 sanantem
1572 416 1674 490 (Cant.
1690 430 1735 490 a;
1755 417 1819 486 lia,

103 508 288 579 bibentibus,
298 523 365 578 qua
375 505 563 563 sensibilibus
576 506 667 563 aliter
677 505 838 561 distributa
849 510 929 560 sunt.
984 520 1072 560 xxvia
1082 521 1094 577 ,·
1103 506 1173 563 Osee
1187 506 1224 576 v).
1241 507 1357 563 Addam
1367 512 1481 576 vero,et
1490 508 1712 578 quodomnium
1727 508 1820 564 vilius

102 599 219 655 Etenim
232 598 324 668 furor
336 599 368 653 in
383 596 613 653 irrationalibus
623 595 741 667 quictem
750 610 787 652 ea
794 593 932 665 passibili
984 609 1054 666 esse,
1065 599 1092 651 et
1106 596 1200 665 maqus
1213 597 1384 666 siqnifcare
1394 598 1488 653 vnum
1502 601 1563 653 est:
1575 597 1647 668 quio
1660 601 1690 653 et
1705 596 1818 652 vermis

102 693 183 743 motu
196 692 238 743 est
253 701 265 742 .·
287 692 314 744 ct
330 687 422 743 omnis
437 685 715 742 irrationabilitatis
743 686 874 755 repletus
889 688 932 740 est
984 684 1078 753 specie
1093 685 1188 754 ipsam
1203 685 1329 754 seipsam
1345 686 1640 756 circumformantem
1651 685 1762 742 divina
1774 699 1820 741 sa·

100 775 393 846 furibunduseoram
408 781 504 831 motus
512 788 524 846 ,¹
533 775 584 831 sed
597 773 851 831 intellectualibus
859 774 932 829 alte·
980 773 1096 843 pientes
1120 773 1263 844 [divinam
1290 775 1479 847 sapientiam]
1505 776 1698 832 tradiderunt
1720 774 1819 844 (Psal.

102 881 136 921 ro
148 866 234 922 modo
245 869 360 935 oportet
373 864 523 920 irascibile
532 864 710 933 iritelliqerc,
725 863 932 934 declarans,ut
984 866 1055 929 xxi).
1069 863 1156 918 Sicci
1167 878 1266 918 omnes
1282 862 1445 936 tbeosopbi,
1469 868 1498 919 et
1511 864 1630 920 occrrlta
1642 863 1821 933 inspiratio

102 956 248 1021 eristius,
258 968 360 1009 eorum
371 954 486 1008 virileni
499 952 779 1023 rationabilitatem,
790 957 817 1008 et
828 952 932 1007 imma·
984 967 1021 1007 ne
1031 951 1186 1021 propbeta
1203 968 1221 1008 a
1236 954 1347 1010 sanctis
1360 954 1604 1010 incontaminatis
1624 953 1820 1024 distinquunt

102 1057 168 1098 vern
182 1040 411 1111 [immanentem]
422 1041 548 1115 quietem
562 1040 593 1094 in
605 1039 757 1111 divinis,et
766 1037 932 1095 immutabi·
983 1040 1098 1097 Sancta
1112 1047 1297 1110 sanctorum,
1321 1047 1350 1099 et
1363 1041 1536 1099 dissimilem
1551 1046 1689 1099 sanctam
1702 1042 1821 1113 fiqura·

102 1130 178 1185 libus
189 1129 406 1200 fundamentis.
426 1130 538 1186 Eadem
552 1130 638 1184 modo
660 1129 932 1199 concupiscentiam
986 1131 1094 1187 tionem
1106 1129 1267 1204 bonviant,
1287 1136 1321 1187 ut
1330 1147 1424 1203 neque
1436 1133 1539 1189 divina
1554 1131 1717 1187 immundis
1741 1136 1821 1187 recte

102 1219 287 1291 quidemesse
301 1218 427 1274 elicimus
452 1219 482 1273 in
504 1218 762 1274 irrationabilibus
783 1219 933 1274 inconsul-
985 1219 1187 1292 acceptasint,
1202 1235 1297 1292 neque
1310 1220 1494 1277 mirabilium
1515 1220 1682 1289 imaqinum
1692 1218 1822 1276 studiosi

103 1313 163 1364 tam
172 1307 344 1378 quomdam,
355 1312 384 1362 et
394 1308 580 1363 materialem
589 1322 628 1364 ea
638 1308 776 1365 natarali
785 1313 934 1379 motu,aut
985 1309 1243 1378 contemplationis
1258 1313 1403 1380 tanquam
1417 1310 1494 1366 veris
1518 1313 1675 1365 remanent
1697 1309 1818 1378 fiqucis.

102 1397 354 1453 consuetudinem
365 1395 559 1452 mutabilibus
574 1396 797 1454 incontinenter
821 1397 935 1467 inperii·
985 1397 1096 1453 Divina
1112 1398 1213 1469 itaque
1227 1397 1427 1467 bonorificant
1447 1398 1524 1454 veris
1552 1395 1778 1468 neqationibus,
1794 1401 1819 1453 et

104 1492 163 1544 tam
174 1485 453 1556 impassibilitatem,
473 1491 500 1541 et
511 1486 750 1543 irrationabilem
766 1487 933 1556 corporalis
987 1485 1027 1541 ad
1041 1486 1202 1542 novissima
1217 1491 1441 1558 compactarum
1456 1486 1708 1556 imaqinotionum
1720 1484 1820 1541 diver·-

102 1574 264 1645 voluptatis
275 1575 502 1631 continuitatem
514 1592 520 1643 ;
531 1577 622 1632 simul
631 1591 716 1632 omne
730 1577 846 1632 animal
856 1592 934 1632 com·
948 1590 969 1646 Β
985 1576 1025 1631 sis
1039 1576 1294 1632 similitudinibus.
1315 1576 1401 1633 Niliil
1415 1591 1485 1647 erqo
1498 1578 1713 1647 inconsequens
1727 1580 1783 1646 est,
1796 1575 1822 1630 si

98 1665 240 1735 pellentis
250 1663 412 1721 secundum
423 1680 540 1721 sensam
565 1665 837 1736 inconcupiscibile.
858 1665 933 1723 Cam
985 1670 1013 1721 et
1025 1666 1153 1722 celestes
1168 1667 1309 1723 essentias
1323 1680 1361 1723 ea
1376 1664 1649 1722 inconvenientibus
1665 1664 1819 1720 dissimili·

102 1769 171 1811 vero
186 1753 343 1810 dissimiles
364 1753 575 1810 similitudines
599 1753 854 1812 intellectualibus
878 1756 934 1811 cir-
986 1753 1039 1810 bus
1050 1755 1298 1811 similitudinibus
1309 1755 1446 1825 formant
1459 1754 1621 1811 secundum
1635 1754 1735 1810 dictas
1750 1768 1820 1810 cau·

103 1847 311 1912 componentes
322 1844 592 1912 concupiscentiam
603 1844 644 1900 eis
653 1844 934 1914 circumformamus
985 1859 1043 1901 sas.
1054 1844 1121 1900 Non
1134 1845 1211 1900 enim
1225 1844 1364 1914 fortassis
1374 1845 1486 1916 utique,
1495 1858 1555 1900 non
1569 1859 1622 1900 nos
1633 1843 1666 1899 in
1683 1844 1820 1915 quastio

102 1931 388 1999 emerentianam,
405 1934 501 2000 ipsum
515 1933 683 2003 intelliqere
706 1939 822 2002 oportet
844 1948 934 2003 super
985 1948 1051 1990 neni
1062 1933 1402 2004 quidemeaiudiqentia
1413 1935 1445 1990 in
1456 1947 1611 2005 anaqoqen
1620 1948 1680 2003 per
1689 1932 1818 2003 diliqen-

105 2022 260 2092 rationem,
268 2025 296 2076 et
306 2021 489 2077 intellectum
498 2021 773 2093 immaterialitatis,
783 2028 811 2079 et
819 2023 934 2092 inflexi-
986 2027 1042 2079 tem
1056 2021 1225 2080 divinorum
1237 2025 1451 2080 scrutationem
1465 2023 1640 2090 veniremus,
1651 2020 1821 2091 nisidefor-

105 2109 172 2182 bile,
183 2115 212 2167 et
222 2125 282 2166 non
301 2109 436 2181 indiqens
458 2109 635 2167 desiderium
647 2112 935 2181 superessentialiter
985 2109 1073 2163 milas
1088 2122 1140 2163 nos
1164 2112 1353 2178 intorqueret
1375 2108 1621 2177 manifestatoria
1636 2107 1818 2177 anqelorum

104 2203 204 2268 castre,
218 2202 246 2253 et
260 2197 450 2268 impossibilis
461 2199 720 2269 contemplationis
734 2204 762 2255 et
774 2199 859 2254 illam
875 2214 933 2268 pu·
986 2190 1211 2261 deformationis
1220 2207 1296 2248 :non
1310 2193 1410 2248 sinens
1425 2197 1560 2248 nostrum
1575 2192 1712 2247 animum
1723 2206 1820 2246 rema·

104 2300 181 2357 rom,
196 2289 225 2341 et
236 2284 477 2342 sublimissimam
500 2286 681 2357 claritatem,
701 2292 729 2342 et
744 2286 931 2359 invisibilem,
985 2291 1056 2332 779777
1069 2277 1100 2332 in
1111 2276 1302 2333 dissimilibus
1311 2277 1481 2347 [0777797979
1501 2276 1642 2347 99777779,
1657 2273 1711 2332 999
1722 2276 1820 2333 79979·

103 2375 131 2425 et
139 2371 321 2442 formificam
332 2373 594 2443 pulchritudinem
605 2379 734 2446 oeiernae,
757 2389 833 2431 vem
846 2380 873 2431 ei
887 2375 933 2429 qn.
986 2366 1097 2418 tantem
1111 2376 1221 2432 rieqarc
1231 2361 1400 2418 inateriales
1418 2359 1642 2430 passibilitates,
1664 2365 1693 2416 et
1705 2375 1820 2416 assues·

103 2460 227 2516 visibilis
241 2463 399 2519 societatis.
413 2463 453 2518 Et
468 2465 563 2520 veliiti
566 2464 732 2533 potentiam
743 2464 853 2532 accipit
868 2464 933 2535 qai·
954 2515 957 2528 ,
986 2451 1185 2516 9999999979
1201 2443 1571 2540 θ9997997917979ἱδὶὁὶἰὶα
1593 2445 1819 2542 innota-sermun-

103 2548 167 2605 dern
183 2552 214 2606 in
224 2553 446 2622 sufficientiaet
457 2553 488 2608 in
503 2552 833 2623 conversibilitate,·eto
844 2553 933 2609 nvllo
985 2529 1082 2586 99999
1092 2530 1277 2626 99999999·
1293 2530 1390 2627 79999
1401 2529 1547 2626 ‘Imma
1559 2529 1643 2626 90973,
1651 2526 1818 2587 smmum

103 2637 243 2706 affiqitur
257 2639 377 2706 virtirte,
388 2654 446 2707 per
456 2640 658 2710 inconfusum,
674 2644 701 2695 et
717 2640 931 2697 immutabilem
984 2616 1287 2710 W'Qi'tffl'ma‘ffl'uiles
1297 2619 1324 2710 {²
1334 2619 1573 2712 ²²²⁶?”vmwmei
1580 2613 1818 2711 d‘fmwrumfw

102 2724 610 2799 divinarpulcluitudinisamorem,
634 2734 661 2783 et
670 2729 869 2786 universalem
889 2743 932 2784 re·
985 2700 1463 2770 ‘Imm'um“niel‘cwmaqmum
1474 2698 1819 2768 de⁸⁶mp²²⁰”⁰⁸·D⁶²”d⁸

102 2813 326 2868 vocationemin
339 2815 371 2868 id
378 2816 457 2884 quod
478 2817 818 2886 vereestappetenilum.
837 2817 931 2874 Sedet
986 2782 1818 2881 αωθῃῖἷθθνθθῖῑνῗθῃονωιΜΨΜΜΜΘΨΜΨ

101 2887 196 2968 ipsam
207 2900 504 2958 irrationabilitatem
517 2908 544 2958 et
555 2904 813 2961 insensualitatem
822 2906 853 2960 in
868 2906 930 2976 qui·
951 2945 970 3001 C
986 2866 1139 2923 rammam
1150 2873 1365 2964 emmim
1378 2867 1508 2964 mique
1517 2866 1555 2924 ab
1565 2882 1630 2938 ΨΜ
1642 2866 1817 2965 ἰ’θῗαηὴιᾳ

102 2987 167 3043 dem
180 2988 439 3045 irrationabilibus
465 2992 657 3065 animalibus,
673 2998 726 3049 aut
743 2994 774 3049 in
787 2994 929 3050 animatis
981 2956 1112 3021 mmm
1122 2950 1325 3008 mmmmm
1336 2955 1501 3009 mmm
1521 2952 1717 3008 mmmm
1730 2951 1817 3009 cm

101 3078 244 3150 materiis,
261 3078 409 3149 defectum
418 3081 554 3149 rationis,
564 3086 591 3136 et
605 3096 707 3138 sensus
711 3083 837 3153 proprie
845 3097 931 3140 voca·
984 3042 1047 3092 Μ
1059 3035 1212 3107 (waldem
1222 3036 1353 3106 mmm
1369 3036 1478 3103 meere)
1490 3051 1581 3103 ’Μ’
1594 3040 1685 3092 mm
1701 3036 1816 3094 mm

209 3168 215 3179 .
370 3170 375 3180 .
509 3171 558 3181 ..
683 3173 688 3184 ,
872 3173 877 3183 ,
985 3119 1075 3175 cbicie
1089 3121 1340 3191 manifestationis
1355 3120 1524 3190 inspiratio.
1548 3121 1590 3176 Ta
1610 3135 1815 3192 oer·o,opuer,

102 3181 188 3236 mus,·
202 3183 233 3222 in
248 3173 348 3225 autem
363 3170 612 3227 immaterialibus
631 3176 659 3227 et
677 3171 930 3228 intellectualibus
984 3205 1145 3261 seeundum
1158 3211 1293 3261 sanctam
1307 3210 1416 3261 nostra,
1433 3205 1627 3262 sacerdotalis
1642 3207 1818 3262 traditionis

986 3290 1210 3359 leqislotionem,
1223 3291 1285 3360 ipse
1294 3295 1405 3357 sancte,
1415 3294 1443 3346 et
1453 3290 1591 3346 decenter
1600 3291 1755 3364 ausculta,
1764 3292 1817 3347 mi-

984 3373 1275 3431 rabiliterdictorum
1283 3374 1815 3445 divinusdivinaindoctrinafactus,

983 3464 1093 3516 secreto
1104 3460 1199 3516 animi
1207 3474 1272 3531 quie
1283 3465 1389 3516 sancta
1399 3465 1469 3515 sunt
1477 3465 1704 3532 circumteqeris,
1714 3475 1754 3517 ea
1764 3462 1817 3516 im-

983 3544 1096 3599 manda
1115 3545 1308 3601 multitudine
1325 3549 1469 3615 tanquam
1493 3542 1660 3615 uniformia
1685 3545 1815 3601 custodi.

983 3643 1042 3682 non
1058 3629 1136 3683 enim
1152 3629 1213 3699 fas,
1225 3633 1257 3682 ut
1268 3629 1387 3698 eloquia
1402 3631 1488 3685 aiunt
1499 3645 1529 3684 in
1538 3643 1647 3704 porcos
1662 3631 1818 3699 projicere

983 3711 1176 3768 irivi'sibiliam
1186 3713 1424 3782 marqaritarum
1435 3712 1637 3785 inconfusum,
1650 3717 1678 3769 et
1690 3714 1816 3784 lucifor-

983 3811 1068 3867 mem,
1078 3796 1296 3867 beneficumque
1306 3803 1447 3853 ocreatum
1461 3796 1583 3866 (Maria.
1598 3801 1659 3866 sn).

1304 3900 1493 3957 EXPOSITIO.

102 3257 232 3313 essentiis
246 3265 368 3327 sancta,
392 3262 420 3314 et
440 3258 578 3316 decenter
593 3261 859 3329 supereminentias
883 3276 930 3317 ea-

103 3360 181 3416 rum,
203 3351 236 3401 ut
262 3361 353 3417 super
377 3348 567 3404 mundalium
589 3349 774 3421 confitemur,
797 3352 930 3406 nostram

102 3434 319 3504 transitoriam,
332 3442 360 3493 et
376 3439 562 3507 corporalem
573 3440 730 3505 rationem,
748 3444 776 3496 et
791 3440 930 3496 materia-

103 3521 169 3592 lem,
180 3526 208 3577 et
222 3523 387 3579 alienatum
397 3526 637 3594 incorporalibus
648 3528 744 3584 animi
754 3542 870 3584 sensum
879 3543 929 3584 ca-

102 3611 250 3666 collentes.
261 3611 316 3666 Est
325 3613 425 3682 itaque
432 3628 492 3668 non
502 3615 637 3671 dissonas
650 3617 785 3687 formare
808 3617 929 3673 coelesti·

102 3698 928 3772 busformos,etcivilibusinaceriaportibas.(luoniam

101 3788 929 3863 etipsaeavereboriosubsistentiampossidensperom·

100 3878 224 3932 nemsui
237 3879 423 3934 materialem
433 3879 653 3947 dispositionem
674 3882 817 3951 imaqines
837 3898 929 3954 quas-

100 3962 929 4042 clamintellectualispulcbritadinisbabet,·etpossibile
1017 3984 1275 4055 piimumdixiui
1288 3987 1356 4044 dico
1369 4004 1459 4061 nunc,
1479 4005 1518 4045 ne
1537 4005 1591 4045 vos
1607 3989 1816 4062 expectatione

100 4056 141 4150 7377
149 4065 208 4151 1797
216 4066 265 4151 7779
276 4053 382 4110 7997797
390 4056 431 4111 (ld
451 4057 664 4115 7799799999θὸ
682 4061 800 4129 1779979
812 4062 929 4132 9779798
982 4074 1141 4143 detineam,
1152 4077 1236 4149 quod
1246 4077 1276 4134 in
1288 4077 1485 4135 hierarchiam
1496 4078 1628 4152 Dionysii
1638 4078 1815 4152 petitionem

98 4139 291 4213 dissimiliter,
300 4147 333 4197 ut
344 4143 457 4200 dictam
469 4151 520 4213 est,
530 4148 775 4205 similitudinibus
788 4153 926 4221 acceptis,
982 4168 1112 4220 uestium
1125 4166 1253 4238 suscepi,
1272 4181 1334 4223 non
1354 4170 1388 4222 ut
1409 4166 1560 4240 profunda
1571 4183 1673 4224 rerum
1687 4168 1815 4226 scrutari

99 4232 127 4284 et
141 4229 248 4329 eisdem
260 4247 320 4287 non
341 4233 500 4292 similiter:
524 4241 676 4305 compacte
697 4243 806 4310 autem,
820 4245 847 4295 et
857 4242 928 4309 pul·
983 4234 1156 4326 pei-sequar,
1169 4253 1221 4309 sed
1230 4257 1262 4311 ui
1270 4254 1409 4325 detegam
1418 4255 1526 4324 sulum,
1538 4255 1605 4312 etin
1614 4255 1716 4313 lucem
1725 4273 1815 4331 expo

99 4316 170 4374 cbre
184 4321 493 4394 intellectualibusque
504 4330 532 4380 et
540 4324 726 4382 sensibilibus
732 4329 927 4397 proprietati·
982 4356 1054 4398 uam
1068 4345 1143 4398 iectu
1153 4342 1323 4400 uerborum,
1338 4346 1398 4400 1100
1414 4344 1494 4400 enim
1517 4343 1746 4401 inimduuendjs
1757 4345 1814 4419 pii.

100 4405 152 4462 bus
166 4406 304 4478 definitis.
318 4411 390 4467 Hac
409 4414 548 4483 mysticos
573 4413 723 4485 tbeoloqas
745 4416 926 4473 inveniemus
981 4446 1067 4486 mum
1075 4431 1813 4508 magiscouveniensostzpraecipucqisiailla,quoe

98 4511 158 4551 nou
172 4499 268 4554 solum
297 4501 460 4557 calestiunt
475 4503 701 4572 dispositionum
717 4506 928 4562 declarationi-

98 4583 150 4640 bus
160 4585 349 4654 {mirabiliter
363 4591 594 4664 conformantes,
607 4593 658 4649 secl
672 4594 744 4663 ipsis
759 4596 926 4666 aliquando

97 4673 206 4730 divinis
231 4679 531 4747 manifestationibus.
562 4682 601 4738 Et
623 4684 789 4755 aliquando
808 4686 926 4756 quidem

981 4519 1155 4577 disserendo
1169 4521 1350 4591 censuimus,
1367 4537 1480 4592 magna
1499 4522 1599 4591 nimis,
1610 4527 1639 4579 et
1653 4539 1749 4596 supra
1762 4539 1814 4580 no

981 4613 1073 4665 stram
1085 4609 1311 4683 possibilitatem
1326 4611 1529 4682 agnoscimus.
1552 4612 1664 4669 Titulus
1685 4613 1814 4671 secundi

981 4698 1102 4771 capituli
1111 4700 1159 4756 hic
1171 4705 1230 4757 est:
1243 4721 1257 4752 n
1269 4700 1355 4765 Quod
1367 4701 1491 4774 pulchro
1503 4701 1614 4772 divina
1630 4706 1661 4759 et
1679 4703 1814 4760 coelestia

96 4763 192 4862 ipsam
204 4779 241 4820 ecc
249 4767 410 4824 luminibus
416 4776 556 4838 pretiosis
573 4773 712 4844 laudant,
729 4779 761 4830 ut
776 4775 867 4831 sotem
876 4778 927 4845 jn·
980 4786 1130 4860 etiumpui
1140 4787 1294 4845 dissimilia
1305 4788 1814 4866 symbolumuuiiustautiu.‚›8upru

96 4852 196 4922 stitia,
212 4858 244 4907 nt
259 4855 377 4912 stellam
403 4862 582 4916 niatutinam
603 4861 635 4915 in
663 4863 797 4918 animum
824 4870 927 4921 sancte
977 4875 1042 4946 jum
1052 4874 1182 4932 diximus
1196 4877 1270 4949 quid
1280 4877 1318 4934 sit
1327 4877 1511 4951 symbolum,
1523 4878 1641 4936 collatio
1660 4880 1811 4951 sidelicet,

97 4940 249 5040 ocientem,
265 4948 293 4999 et
308 4949 340 4999 ut
355 4946 454 5003 lameri
469 4949 726 5019 incircumvolute,
752 4957 782 5007 et
794 4953 925 5010 invisibi·
978 4964 1010 5020 id
1020 4968 1064 5020 usi
1073 4965 1222 5038 coaptatio
1231 4966 1393 5024 visibilium
1402 4967 1568 5025 formarum
1576 4969 1615 5027 ad
1623 4969 1815 5030 demonstra.

97 5029 166 5085 liter
177 5033 369 5102 resplendens
383 5035 525 5105 (Malacb.
538 5053 547 5091 t
560 5049 570 5105 ;
581 5037 674 5108 Apoc.
687 5039 727 5110 11).
750 5041 924 5126 Aliquando
979 5052 1091 5108 tionem
1105 5053 1147 5109 rei
1163 5053 1318 5111 invisibilis
1342 5056 1574 5129 propositarum
1599 5057 1687 5114 Verbi
1702 5061 1811 5130 gratia,

97 5132 165 5176 vero
175 5137 213 5178 esc
222 5124 335 5191 medii's,
348 5129 381 5179 ut
391 5125 489 5194 iqnem
502 5126 628 5184 innocue
642 5129 925 5203 resplendentem,ut
979 5156 1048 5197 oum
1060 5143 1219 5215 spirituum
1228 5144 1392 5201 coeiesiium
1403 5149 1526 5203 naturus
1536 5147 1703 5220 exprimere
1709 5149 1814 5207 vigihi.

96 5223 204 5308 aquam
218 5213 318 5270 vitalis
331 5213 529 5282 plenitudinis
542 5216 698 5288 datricem,
708 5223 745 5284 et,
761 5224 795 5273 ut
809 5221 924 5289 sqmbo-
978 5228 1042 5287 liter
1054 5231 1193 5288 volumus
1203 5234 1352 5290 humanos
1363 5233 1486 5306 quidem
1495 5234 1814 5303 satrianensem

96 5296 152 5353 lice
164 5299 332 5371 dicendum,
355 5301 387 5357 in
401 5308 531 5362 ventrem
541 5304 723 5373 subeuntem,
739 5307 925 5378 fluminaque
977 5318 1008 5374 in
1019 5335 1112 5375 unam
1122 5321 1346 5393 compositionis
1362 5323 1492 5394 speciem
1507 5329 1695 5398 coaptamus,
1712 5331 1813 5401 utpro

96 5383 314 5446 redundantem
344 5392 628 5450 imrnensurabi'bi'ler
656 5396 824 5465 refluentia.
860 5398 924 5452 Ali·
977 5408 1062 5464 vultu
1075 5409 1215 5478 hominis,
1231 5411 1284 5484 qui
1297 5411 1377 5467 solus
1388 5428 1425 5468 ex
1438 5413 1605 5470 visibilibus
1625 5415 1742 5472 ratione
1757 5418 1813 5474 uti.

96 5473 217 5573 9999977
230 5483 330 5535 aulem
341 5495 379 5537 8oe
391 5485 567 5556 novissimis,
581 5491 614 5540 at
624 5491 809 5556 ’9999897979
822 5501 921 5553 suave.
977 5501 1033 5566 tar,
1049 5497 1106 5571 ipsi
1116 5514 1238 5572 quoquo
1253 5500 1415 5557 invisibiles
1424 5501 1543 5575 spiritus
1554 5503 1716 5562 rationales
1725 5511 1757 5563 ei
1767 5525 1814 5566 sa·

97 5563 130 5612 ut
144 5560 272 5630 lapidem
287 5571 465 5636 annularem
486 5573 595 5639 (duod.
611 5575 878 5646 in;.toan.1»Sed
895 5581 923 5633 et
976 5587 1091 5660 pientes
1109 5604 1173 5647 csse
1187 5589 1388 5662 intelligantur
1400 5607 1455 5665 per
1477 5591 1540 5654 olas
1564 5597 1666 5655 auum
1691 5595 1814 5666 aplius
