3832 6044
145 125 192 176 att

464 115 615 172 HUGONtS
635 116 679 170 DE
700 116 728 169 S.
748 110 896 168 VICTORE
916 110 990 166 OPP.
1011 70 1099 166 estis
1120 110 1139 165 l.
1161 141 1196 149 -
1217 111 1408 166 exedenda
1429 112 1543 165 nanta.

1805 110 1857 163 672

145 248 239 300 strum
253 257 384 308 sensum,
396 239 504 313 partim
518 238 683 295 secundum
693 235 786 292 rerba
800 238 971 290 sanctorum
986 235 1009 288 Α
1065 237 1131 291 Gar.
1153 238 1185 290 lt.
1201 235 1244 291 De
1258 235 1329 298 dtiis
1341 233 1455 305 Rubeu,
1471 239 1498 289 et
1512 233 1586 298 (lad,
1602 238 1629 288 et
1645 233 1680 288 de
1694 233 1822 289 dimidia

146 334 275 402 Petrum,
287 329 467 402 aperiamus.

253 474 320 528 Car.
328 473 360 526 t.
372 471 416 526 De
428 471 517 525 Josue
529 475 557 525 et
572 469 702 524 transitu
712 467 864 522 dardana.

180 613 296 682 Moyses
311 627 414 668 sercus
427 627 509 668 meus
523 617 658 666 mortuus
669 616 720 666 cst.
732 609 837 679 Surae,
854 614 880 665 et
890 613 972 664 tran-

145 702 172 756 si
184 702 346 758 Jordaneru
361 701 449 756 istum
464 705 506 769 tu,
523 704 550 755 et
565 701 660 754 orariis
671 699 802 769 populus
821 703 926 765 tecum,
942 698 973 753 in

146 796 259 848 terram
280 805 369 861 arram
383 804 436 858 epo
450 789 526 844 datu
548 789 621 856 filiis
645 789 750 853 tsraet,
766 791 819 844 etc.
834 788 932 858 (losue
943 787 974 857 r.)

145 882 269 951 lloyscs,
286 879 336 950 qui
351 876 432 932 ‹leelit
456 877 563 946 legem,
587 875 732 946 siguificat
753 875 860 945 legem.
876 877 973 946 Moyse

146 973 273 1030 mortuo,
289 967 318 1022 id
333 971 376 1023 est
400 966 464 1035 lege
479 966 645 1021 secundum
660 964 794 1021 carnales
819 969 848 1020 et
861 969 974 1020 veteres

146 1055 351 1112 observantias
364 1059 490 1119 mortua,
515 1055 611 1119 idest,
633 1057 843 1110 consummata
867 1054 926 1109 sive
942 1053 974 1108 sr-

146 1143 331 1212 nita,stati1u
350 1147 434 1198 tosus
463 1143 597 1199 Salvator
622 1147 730 1209 noster,
760 1143 812 1215 qui
828 1142 974 1215 populum

147 1249 235 1288 suum
251 1249 268 1287 a
283 1232 412 1304 peccatis
439 1248 542 1288 eorum
570 1232 715 1298 liberarit,
740 1234 824 1287 lesus
838 1230 974 1304 inquam,

147 1319 234 1375 Filius
249 1318 299 1375 Dei
322 1319 527 1375 manifestatus
541 1324 593 1388 cst,
610 1319 748 1392 princeps
777 1335 866 1392 super
880 1335 975 1393 popu·

145 1409 209 1464 laur
221 1407 330 1463 clectus
342 1414 385 1463 est
409 1409 529 1479 (trualt.
545 1409 573 1478 ι),
601 1413 634 1463 ut
648 1408 825 1481 expugnatis
840 1408 975 1464 hostibus

146 1497 206 1563 Dei,
221 1496 334 1553 dividat
349 1499 429 1554 dona
441 1500 490 1553 ltci
506 1498 628 1570 populo.
653 1501 736 1554 lesus
752 1499 882 1571 namque
897 1497 976 1553 tilius

1322 324 1561 380 tribultuuasse.

1063 413 1229 469 Exercitum
1257 413 1388 469 tiliorum
1416 412 1591 485 precedunt
1617 410 1668 466 titii
1693 410 1860 477 Dabenoi

1028 499 1099 568 Gad,
1116 506 1144 557 et
1156 500 1280 557 dimidia
1292 501 1386 557 tribus
1400 504 1533 557 Danassc
1542 498 1712 571 pugnaturi,
1727 516 1858 573 quorum

1027 590 1169 662 patrosin
1185 589 1253 646 tiliis
1265 594 1396 646 matrum
1413 605 1536 646 suarum
1551 589 1670 644 tuenrnt
1692 587 1833 661 primitivi
1850 608 1856 644 :

1028 683 1056 734 et
1070 677 1184 752 antiqui
1197 679 1268 749 justi
1281 695 1338 735 nos
1348 678 1522 752 praecedunt
1537 677 1689 750 exemplis,
1700 677 1859 734 virtutibus

1028 771 1058 824 et
1071 767 1169 822 restris
1188 771 1291 824 contra
1316 767 1416 823 hostes
1442 772 1559 824 nostros
1575 771 1603 822 et
1628 766 1795 840 spirituales
1809 784 1860 822 nc-

1028 855 1137 928 quitias
1152 855 1269 911 armati.
1282 858 1321 911 De
1336 856 1393 912 hoe
1409 856 1548 926 Origenes
1565 871 1571 908 :
1588 855 1737 922 Vidcunrs,
1763 855 1861 927 inquit

1028 944 1145 1010 lenium,
1161 944 1319 1000 teremiam
1334 948 1363 1001 et
1376 944 1449 1000 alios
1465 944 1623 1007 accinctos
1645 943 1859 1016 expeditosque

1029 1033 1067 1090 ad
1095 1032 1239 1089 auxilium
1268 1038 1414 1096 nostrum,
1440 1033 1491 1106 qui
1519 1031 1708 1088 voluminum
1735 1048 1858 1087 suorum

1026 1120 1133 1192 jaculis
1148 1120 1246 1177 cordis
1271 1121 1363 1177 nostri
1389 1121 1489 1177 hostes
1515 1120 1676 1177 acerrimos
1690 1120 1858 1176 vulnerant.

1029 1209 1240 1280 aecingituret
1265 1208 1366 1266 Daniel
1381 1210 1419 1267 ad
1446 1210 1591 1266 auxilium
1617 1214 1763 1273 nostrum,
1789 1226 1860 1264 curu

1029 1314 1084 1354 nos
1110 1297 1147 1353 de
1167 1313 1260 1366 regno
1288 1298 1393 1355 t'lnisti
1407 1304 1436 1356 et
1448 1299 1616 1356 antichristi
1638 1299 1736 1354 futura
1755 1297 1860 1354 fraude

1030 1387 1147 1444 instruit
1171 1392 1199 1444 et
1212 1392 1387 1461 premonet.
1403 1388 1493 1444 Adest
1516 1387 1656 1456 Ezechiel,
1674 1391 1861 1442 sacramenta

1030 1475 1116 1532 nobis
1130 1476 1258 1532 calestia
1273 1477 1304 1532 in
1333 1476 1588 1550 quadriformibus
1610 1480 1744 1531 rotarum
1767 1475 1862 1531 ocrrlis

148 1590 234 1652 pam,
251 1586 327 1643 sieut
341 1588 380 1643 ait
396 1588 603 1661 Hieronymus,
618 1588 648 1643 jn
664 1592 770 1661 typum
786 1587 902 1644 Domini
914 1603 975 1643 non
995 1582 1015 1635 B
1030 1565 1162 1635 signans.
1190 1567 1279 1621 Docet
1300 1569 1328 1621 ct
1342 1566 1415 1622 Dsee
1430 1564 1565 1621 bissenas
1591 1562 1720 1633 agminis
1735 1567 1859 1631 hamas,

147 1676 244 1732 solum
259 1675 288 1731 in
305 1677 404 1745 gestis,
420 1681 566 1733 resumet
581 1678 611 1734 in
631 1677 762 1746 nomine,
779 1683 860 1733 trans
875 1677 976 1734 torda-

144 1781 215 1822 nem
229 1766 359 1822 hostium
374 1782 467 1837 regna
478 1766 631 1824 subvertit.
643 1766 750 1823 Dividit
763 1771 872 1824 terram
888 1767 978 1822 victo·

147 1854 171 1911 ri
185 1854 309 1928 populo,
326 1861 354 1912 ct
367 1872 419 1928 per
439 1856 573 1926 singulas
587 1856 687 1924 adres,
709 1856 833 1923 viculos,
849 1861 976 1922 uranus,

146 1943 281 2012 flumina,
298 1948 450 2011 torrentes,
462 1961 567 2019 aquas,
584 1949 672 2018 atque
688 1945 818 2002 confinia
842 1944 977 2002 Ecclesiae

147 2039 176 2089 ct
187 2032 314 2088 certastis
328 2033 491 2090 Jerusalem
506 2034 670 2107 spiritualia
694 2051 787 2103 regna
812 2035 975 2107 descripsit.

148 2121 194 2179 Sic
208 2125 292 2179 lesus
305 2128 404 2179 noster
416 2123 556 2190 Christus,
573 2124 667 2194 ejecto
682 2124 814 2197 principe
830 2124 934 2180 mundi
950 2129 979 2181 et

148 2209 290 2267 militibus
303 2212 368 2282 ejus
383 2211 472 2279 toras,
488 2212 517 2268 in
534 2213 632 2268 clectis
647 2218 796 2285 operatur,
811 2213 978 2269 dummodo

148 2298 308 2373 unicuique
333 2301 531 2357 manifestatio
547 2301 665 2374 spiritus
693 2301 732 2358 ad
760 2301 913 2358 utilitatem
928 2302 979 2358 da-

149 2389 196 2443 tur
212 2405 218 2443 :
233 2389 297 2444 Atii
314 2389 430 2459 qur'rleru
460 2391 553 2448 ttatrrr
569 2407 627 2460 per
654 2390 799 2460 Spiritum
826 2407 922 2446 serino
934 2406 979 2447 sa-

145 2477 351 2549 prestecota
370 2495 465 2535 sermo
479 2482 617 2546 scientie,
636 2481 692 2536 atii
709 2482 793 2550 fictas,
810 2482 866 2537 atii
877 2483 979 2552 pratia

149 2569 324 2637 sarritaturu,
340 2570 397 2623 ulti
410 2571 543 2638 operatio
559 2570 713 2639 uirtutum,
740 2571 797 2625 atii
804 2569 977 2639 prophetia,

148 2654 206 2707 atii
222 2654 360 2709 discretio
385 2656 556 2726 spirituum,
581 2657 637 2711 atii
659 2672 769 2725 periero
794 2659 977 2728 liupuaraur,

1030 1653 1241 1725 etpracedunt
1270 1668 1325 1708 nos
1346 1652 1496 1725 praecincti
1520 1652 1641 1708 lumbos
1669 1651 1700 1706 in
1727 1651 1859 1717 veritate,

1029 1756 1123 1814 quam
1135 1741 1302 1814 pradicant
1312 1741 1341 1797 ln
1353 1740 1496 1798 auxilium
1510 1745 1657 1797 nostrum.

1179 1878 1246 1932 Cse.
1259 1879 1304 1932 tlt.
1320 1877 1364 1932 De
1377 1877 1566 1933 subaersioae
1579 1875 1709 1932 Jerictro.

1066 2012 1146 2067 Area
1175 2013 1382 2082 cturrpeutitrus
1406 2012 1493 2078 tubis,
1510 2017 1617 2082 septem
1633 2011 1735 2068 diebus
1749 2013 1862 2067 circum

1030 2099 1149 2157 iericho
1163 2101 1320 2168 circuitur,
1334 2106 1361 2156 et
1374 2101 1495 2156 Jerictro
1508 2101 1718 2169 substernitur,
1737 2106 1765 2156 e!
1779 2100 1863 2154 Ilaatr

1029 2189 1169 2258 surricuto
1194 2189 1328 2244 coccineo
1350 2190 1379 2244 iu
1393 2188 1528 2257 fenestra
1539 2189 1637 2257 posito
1656 2188 1812 2254 liberatur,
1835 2193 1862 2243 et

1031 2277 1139 2333 Ardua
1157 2292 1216 2346 pro
1229 2277 1314 2346 furto
1329 2279 1443 2348 reputa
1462 2292 1570 2348 uerrere,
1587 2283 1614 2333 et
1624 2278 1718 2347 patiti
1732 2279 1864 2332 coccinei

1035 2368 1190 2437 lapidatur
1204 2366 1312 2438 (Josue,
1336 2384 1373 2434 u,
1391 2372 1451 2434 ru).
1467 2366 1592 2430 iericho,
1609 2383 1676 2439 qua,
1690 2367 1863 2439 interpreta-

1033 2458 1080 2511 tur
1096 2457 1180 2522 tuae,
1195 2455 1342 2526 significat
1360 2473 1493 2529 praesens
1506 2457 1659 2521 serentum,
1674 2457 1755 2529 quod
1775 2455 1863 2528 qtrasi

1032 2543 1104 2600 luna
1128 2545 1168 2602 ad
1182 2547 1393 2618 perfectionem
1409 2551 1437 2603 et
1463 2538 1659 2603 detectionem
1679 2546 1862 2619 perducitur,

1032 2634 1105 2691 dum
1120 2635 1212 2691 modo
1240 2635 1381 2703 elevatur,
1405 2636 1496 2691 modo
1525 2636 1657 2691 adversis
1682 2634 1824 2691 decrescit
1835 2640 1864 2690 et

150 2741 206 2796 atii
220 2743 427 2810 interpretatio
453 2759 620 2799 serrantium
647 2746 675 2810 (I
687 2745 755 2800 Cor.
772 2747 831 2812 xrrl.
854 2748 887 2801 Et
900 2750 979 2817 post·
1031 2724 1214 2781 humiliatur·
1242 2724 1382 2781 Videmus
1403 2742 1552 2781 ²¹¹¹¹¹⁰tt¹ffl
1566 2725 1700 2788 ftt'ffllOS·
1716 2741 1770 2798 1³⁰r
1785 2740 1862 2797 ‘1⁰0⁸

149 2828 285 2896 modurn,
302 2829 462 2903 unicuique
489 2831 654 2887 secundum
671 2832 869 2889 differentiam
885 2832 978 2889 dono·
1033 2815 1176 2869 secutum
1191 2813 1328 2883 ‘Ultimis
1346 2815 1409 2870 ⁸0¹⁰
1433 2819 1564 2887 temlt0t⁰
1576 2814 1652 2870 “³¹4³
1677 2819 1758 2870 tt’ffffi
1772 2829 1862 2886 P⁰t⁰⁸

149 2931 216 2971 rum
231 2916 374 2972 tribuetur
398 2918 562 2975 ditt'crentia
585 2919 748 2976 antestium
775 2919 934 2988 bonorum,
951 2927 979 2978 et
998 2932 1018 2987 c
1033 2903 1181 2978 upel'tfflltss
1192 2904 1232 2960 td
1246 2904 1469 2960 Stffltltffl‘ttttt'ffl
1485 2905 1562 2961 tunae
1572 2905 1675 2979 Primi-¹³
1695 2904 1793 2961 tutem
1805 2904 1863 2976 l‘l't·

150 3004 316 3060 secundum
331 3006 434 3062 merila
450 3006 615 3063 triturentur
628 3007 709 3064 trouu
721 3013 874 3082 perpetua.

184 3126 321 3184 iordanis
336 3129 483 3195 significat
504 3130 689 3204 baptismum
706 3151 713 3199 ;
742 3131 822 3205 quia,
839 3133 913 3191 sieut
927 3149 979 3206 po·

150 3216 238 3286 pulus
254 3217 438 3287 lsraelitieus,
465 3219 611 3276 stantibus
627 3220 656 3275 in
679 3221 807 3277 terciane
822 3221 978 3278 sacordoti-

149 3303 216 3372 bus,
229 3306 348 3365 intrarit
358 3313 467 3364 terrum
477 3309 694 3381 promissionis,
707 3310 747 3366 sic
758 3310 888 3383 populns
899 3311 978 3368 Chri-

149 3392 272 3461 stianus,
297 3396 533 3453 ministrantilurs
557 3397 762 3454 sacerdotibus
782 3398 976 3470 baptismum,

147 3480 364 3550 jucunditatem
380 3488 407 3538 et
421 3485 555 3556 requiem
567 3486 632 3540 vitre
648 3486 806 3557 spiritualis
821 3485 975 3542 subintrat.

149 3568 218 3622 t‘ars
241 3570 376 3641 superior
399 3571 535 3627 turrianis
563 3573 593 3627 in
618 3572 775 3629 dulcedine
804 3576 976 3646 permansit,

148 3671 218 3726 pars
232 3655 351 3712 interior
365 3658 395 3713 in
414 3659 645 3715 amaritudinem
659 3660 808 3716 marinam
834 3661 975 3729 ‹tetluxit;

148 3744 309 3816 quiaelccti
322 3745 462 3818 baptizati
477 3747 578 3816 grathe
589 3747 778 3804 ‹lutcedinem
795 3749 975 3817 custodirmt,

147 3833 267 3903 reprobi
291 3851 360 3890 vcro
383 3835 413 3890 in
438 3835 668 3892 amaritudinem
692 3836 842 3904 vitiorum,
866 3837 977 3893 amissa

147 3920 304 3978 dulcedine
333 3923 444 3991 matie,
472 3923 578 3980 tluunt.
604 3927 691 3980 tosue
720 3924 854 3981 bissenas
876 3925 976 3982 turbas

147 4011 329 4080 precedens,
355 4012 501 4068 Christum
531 4013 686 4078 siurrifieat,
714 4013 765 4086 qui
790 4029 845 4069 nos
867 4031 976 4087 prace-

146 4096 221 4153 dcns
235 4098 325 4166 ducit,
341 4100 392 4173 qui
405 4101 576 4173 apostolicus
589 4102 659 4158 tidei
673 4102 825 4160 rer-itatem
839 4108 975 4159 tenemus

147 4190 175 4241 et
188 4188 396 4258 praedicamus.
414 4193 504 4257 Quasi
519 4191 597 4246 eninr
611 4191 771 4247 duodecim
788 4192 882 4248 turbe
898 4193 976 4248 Chri-

147 4278 225 4330 stum
249 4282 423 4350 sequuntur,
439 4279 513 4336 duni
528 4279 632 4336 fideles
646 4280 758 4353 quique
772 4296 826 4352 per
848 4281 975 4337 uerbum
992 4278 1014 4332 D

145 4362 305 4422 duodecim
337 4367 541 4440 apostotorum
573 4368 725 4425 credentes
757 4368 786 4424 iu
817 4368 974 4436 tlhristruu,

146 4451 243 4524 ipsum
261 4455 422 4514 imitantur.

1032 2993 1160 3050 mariam
1191 2994 1367 3066 exponentis
1395 2994 1530 3065 germina
1551 2994 1705 3067 parturire.
1740 2993 1861 3058 Deinde,

1033 3081 1109 3138 sicut
1123 3097 1176 3155 per
1190 3081 1347 3138 diuturnas
1364 3081 1517 3153 [diversas]
1538 3082 1741 3137 successiones
1768 3081 1863 3137 cerni-

1032 3171 1213 3226 nruslunam
1229 3170 1267 3226 ad
1280 3170 1495 3243 plenitudinem
1513 3171 1677 3243 pervenire,
1700 3170 1741 3225 sic
1758 3170 1863 3242 aspici·

1032 3276 1100 3315 inus
1114 3260 1151 3316 de
1168 3265 1244 3316 terra
1256 3275 1385 3332 quaque
1399 3259 1586 3332 prodeuntia,
1604 3259 1776 3332 peccatoris
1790 3259 1863 3314 viri-

1034 3347 1200 3404 ficationem
1230 3353 1258 3404 ct
1272 3347 1407 3403 luunoris
1420 3348 1647 3417 vegetationem,
1663 3347 1864 3404 maturitatem

1032 3441 1060 3492 et
1074 3436 1284 3508 porrectionem
1298 3452 1384 3491 suam
1399 3434 1429 3490 in
1440 3439 1539 3492 aestate
1555 3451 1776 3491 consummare.
1794 3437 1862 3490 l‘os-

1033 3528 1078 3580 tcu
1092 3540 1171 3583 vcro,
1188 3523 1276 3595 qrrasi
1301 3523 1373 3578 luna
1387 3522 1562 3578 decrescens
1586 3522 1771 3588 minuuntur,
1787 3523 1861 3578 dum

1032 3611 1158 3668 naturali
1178 3613 1275 3668 calore
1289 3615 1316 3667 et
1331 3612 1457 3666 humore
1481 3611 1644 3677 (lubriculo,
1670 3628 1699 3666 rn
1715 3615 1861 3667 uirtumno

1031 3699 1208 3755 moriuntur.
1225 3698 1267 3754 ,td
1277 3699 1414 3755 cdtimum
1426 3703 1526 3754 autern
1542 3699 1570 3754 in
1584 3699 1712 3755 hiemem
1723 3699 1810 3770 quasi
1821 3699 1861 3755 ad

1030 3789 1186 3862 qrrcddunr
1222 3787 1413 3843 interlunium
1442 3788 1577 3853 redeunt,
1611 3787 1683 3842 dum
1717 3787 1860 3858 hinorum

1031 3876 1239 3948 asperitatibus
1264 3875 1370 3939 attritu,
1389 3875 1427 3931 ud
1441 3876 1591 3932 occultum
1619 3876 1726 3932 iterum
1747 3881 1859 3931 natura

1031 3965 1128 4021 sinum
1152 3969 1316 4029 recurrunt,
1331 3969 1359 4020 et
1378 3981 1408 4020 se
1423 3965 1531 4021 nostris
1552 3964 1721 4038 aspectibus
1750 3963 1859 4020 subdu·

1030 4059 1110 4109 cunt.
1126 4052 1172 4110 Sic
1183 4058 1211 4108 et
1221 4052 1249 4108 ln
1265 4052 1449 4119 hominibus,
1459 4053 1570 4118 bestiis,
1582 4053 1699 4119 aribus,
1716 4052 1859 4126 piscihus-

1030 4159 1088 4216 quc
1114 4141 1271 4197 videmus:
1298 4159 1365 4214 qua
1386 4147 1547 4215 postquam
1573 4141 1678 4198 adesse
1701 4142 1857 4214 luodeunt,

1030 4230 1113 4303 prius
1126 4231 1164 4287 ad
1179 4229 1389 4303 perlectionem
1404 4231 1505 4286 venire
1517 4229 1663 4296 laborant,
1680 4229 1788 4286 deinde
1807 4244 1859 4302 per

1030 4319 1178 4376 delectum
1194 4319 1232 4376 ad
1247 4335 1309 4375 non
1324 4334 1388 4374 esse
1403 4319 1551 4376 festinant.
1575 4318 1630 4386 Sic,
1652 4317 1693 4374 sie
1708 4318 1858 4374 cernimus

1031 4407 1156 4477 aleriam
1173 4407 1327 4481 presentis
1342 4406 1439 4464 saculi
1464 4423 1545 4463 nunc
1559 4407 1636 4475 oriri,
1653 4422 1734 4461 nunc
1747 4419 1857 4461 crescc-

1032 4514 1072 4562 re,
1089 4513 1169 4553 nunc
1186 4496 1318 4564 exaltari,
1340 4512 1420 4551 ntrnc
1445 4495 1548 4563 minui,
1569 4511 1649 4551 nune
1669 4495 1708 4550 ad
1732 4494 1856 4549 nihilum

181 4581 343 4637 Duodecim
371 4583 496 4654 lapides,
526 4599 603 4655 quos
625 4583 784 4639 ‹luodecirn
813 4583 865 4639 titii
890 4576 976 4640 lsrael
1030 4585 1325 4657 relicturumque,
1351 4585 1657 4657 sicutsupradictum
1681 4581 1858 4650 estsigniti·

146 4668 327 4725 sustulerunt
340 4671 377 4725 de
391 4672 528 4733 iordane,
541 4673 709 4741 significant
719 4673 891 4744 apostolice.
904 4674 976 4730 adet
1030 4681 1077 4732 cat
1090 4675 1248 4743 Christum,
1273 4676 1385 4731 circum
1404 4674 1519 4730 iericho
1533 4679 1647 4746 septem
1662 4674 1769 4729 diebus
1792 4688 1858 4745 por-

145 4758 173 4809 ct
186 4755 251 4811 vitre
267 4757 446 4813 firmitatem.
476 4759 613 4815 Sectrnda
628 4760 824 4827 circumcisio
840 4778 908 4834 quae
923 4778 976 4835 per
1031 4770 1116 4832 tatur,
1132 4764 1206 4820 dum
1222 4764 1353 4819 Christus
1377 4779 1472 4835 usquc
1498 4763 1529 4818 in
1543 4762 1634 4819 tinem
1649 4761 1759 4827 saeculi,
1775 4761 1857 4834 qnod

144 4845 232 4898 tosue
243 4843 320 4900 tactu
335 4850 387 4911 cst,
412 4846 549 4914 designat
563 4852 631 4919 post
644 4848 794 4904 ccrrnalem
823 4849 975 4906 circumu-
1030 4858 1142 4920 scntem
1158 4852 1274 4907 dierum
1289 4851 1435 4907 curriculo
1458 4850 1595 4918 volvitur,
1611 4849 1770 4907 inmundo
1785 4866 1858 4923 prur-

145 4933 258 4988 sionem
271 4933 464 5005 spiritualem.
478 4935 573 4992 Sedet
586 4936 708 5007 pascha,
722 4937 804 5009 quod
815 4938 867 4994 filii
876 4938 973 5005 lsrael,
1028 4942 1153 4998 dicatur.
1171 4939 1263 5010 liujus
1274 4955 1349 4994 arcte
1363 4943 1505 5006 rectores,
1521 4943 1590 4994 sunt
1612 4939 1705 4995 sancti
1720 4937 1856 5010 apostoli,

146 5022 268 5079 transito
299 5022 437 5089 iordane,
469 5023 703 5092 celctuarerunt,
738 5026 885 5093 significat
913 5027 974 5083 veri
1029 5031 1058 5081 et
1071 5025 1278 5099 predicatores
1301 5026 1338 5082 de
1365 5026 1475 5099 quibus
1499 5027 1641 5098 scriptum
1660 5027 1715 5081 :Iu
1743 5041 1856 5080 ornarem

145 5112 276 5183 paseha,
311 5116 339 5167 et
367 5111 427 5167 reri
455 5112 530 5179 ,tani
559 5113 783 5170 cruucstioncur.
812 5114 974 5170 Duodecim
1030 5117 1346 5172 terraureeieu'tsouus
1362 5131 1473 5186 eorum,
1487 5122 1514 5171 et
1536 5118 1566 5170 iu
1589 5119 1663 5185 fines
1676 5114 1754 5171 orbis
1771 5121 1857 5170 terra

144 5215 266 5272 qnoque
281 5201 395 5273 lapides
411 5201 448 5256 dc
462 5201 589 5257 tautane
602 5201 741 5266 tollimus,
754 5202 877 5273 quando
888 5219 974 5275 apos·
1029 5203 1118 5259 verda
1140 5220 1241 5260 eorurn
1270 5204 1363 5274 (Psat.
1380 5209 1469 5267 xt'rrrt.
1498 5204 1587 5259 Tubre
1617 5220 1717 5266 ancre,
1751 5203 1856 5258 torteru

145 5288 238 5345 toliere
253 5290 331 5357 tidei,
349 5291 452 5347 etritrc
466 5290 635 5346 firmitatem
650 5295 748 5345 nierrte
759 5296 902 5346 tenemus.
919 5297 974 5346 hn-
1029 5296 1059 5347 et
1082 5292 1285 5348 invincibilem
1319 5292 1537 5363 praedicationis
1571 5292 1729 5362 designant
1757 5295 1857 5347 aueto-

146 5376 974 5452 gelunrquoqucannoster,anadvcrsariorumsitper-
1029 5386 1154 5436 rrtateru.
1185 5382 1264 5446 Diras
1288 5379 1458 5449 clangentes
1481 5380 1623 5436 manibus
1645 5385 1753 5444 tenent,
1782 5379 1855 5435 dum

145 5469 311 5530 coutamur,
328 5468 400 5524 dum
425 5469 497 5542 quid
524 5469 559 5524 sit
583 5469 708 5537 bonurn,
724 5467 834 5542 quidve
858 5467 972 5524 malum
1029 5468 1123 5523 sancti
1141 5467 1351 5539 praedicatores
1362 5468 1445 5540 qrrod
1458 5468 1693 5538 clanguntvoce,
1705 5467 1858 5540 complent

145 5551 269 5608 discrete
285 5552 470 5613 discutimus.
1028 5573 1127 5630 opere.
1142 5555 1213 5615 ituri
1227 5556 1351 5628 iericho,
1366 5557 1572 5632 philosophica
1587 5558 1755 5629 significant
1769 5573 1857 5624 aruir-
