3832 6044
256 117 434 174 nnusmo
453 118 486 172 rr
508 114 693 172 iriensem.
715 117 873 172 irruisse.
896 117 924 173 s,
946 118 1108 176 nronrsn.
1128 152 1162 162 -
1183 124 1247 179 tta.
1268 126 1324 182 vn.
1581 139 1650 196 0000

89 241 205 298 videtur
216 220 305 313 aquo
316 240 418 297 omnia
428 240 506 297 laeta
516 243 594 296 sunt.
606 241 764 311 Propterea
783 243 803 295 rt
824 240 923 296 Unitas
938 256 1009 311 ergo
1022 243 1198 314 reiectionis,
1211 250 1240 303 et
1262 248 1360 306 unitas
1384 250 1518 310 alimenti
1532 272 1593 314 una
1607 267 1651 319 est

85 330 241 403 ispiritus,
257 330 309 403 qui
324 346 377 402 per
388 327 764 401 excellentiamsuperemi-
821 328 950 400 reiecti0,
975 336 1112 388 etunum
1142 334 1326 394 alimentum.
1343 341 1649 410 Ergoinmensabci
1754 408 1758 417 ,

83 419 146 476 atim
175 418 346 476 hnmcdiate
375 419 630 493 appropinquant,
646 416 684 472 ab
700 416 766 488 ipsa
821 433 881 473 non
895 418 951 474 nisi
967 436 1061 476 unum
1076 421 1221 480 ferculum
1234 427 1405 499 apponitur.
1428 431 1483 487 Sed
1508 433 1569 489 noli
1581 452 1650 492 con-

83 513 140 566 rtur
153 509 191 565 ad
207 507 470 580 contemplandam
483 507 592 579 ipsam,
614 511 642 562 et
655 505 685 561 in
701 505 766 576 ejus
820 511 961 564 temnere.
977 509 1100 566 satietas
1127 513 1223 570 multa
1242 520 1295 572 est.
1324 539 1338 566 ιι
1362 518 1507 589 satiabor,
1524 540 1539 575 s
1555 522 1651 598 inquit

83 598 185 654 atione
198 597 309 664 rident,
325 602 353 652 ct
368 597 450 669 quod
470 596 582 651 iactum
600 599 643 651 est
657 611 710 669 per
725 595 766 668 ip-
822 596 985 665 Psalmista,
995 621 1008 648 κ
1026 604 1536 676 cumapparueritgloriatuaiPsct.
1552 617 1649 682 κιο.»

83 686 149 759 [uod
177 690 221 742 est
240 685 270 740 in
284 685 360 758 ipsa,
376 691 404 741 et
418 701 488 740 eum
510 684 563 758 qui
589 701 643 758 per
668 684 765 756 ipsam
821 685 907 741 ltlulta
919 684 949 742 in
964 687 1020 744 hoc
1037 690 1152 746 mundo
1165 696 1243 762 sunt,
1260 697 1288 751 et
1297 694 1361 752 heec
1375 698 1478 756 omnia
1488 716 1540 758 eor
1555 701 1650 759 homi·

84 791 123 832 uo
137 780 181 832 est
200 775 274 848 ipsa.
294 778 356 830 tstae
367 790 438 841 ergo
454 779 522 829 sunt
543 773 766 847 contemplatio-
819 773 865 830 nis
879 775 984 832 satiare
999 793 1061 834 non
1075 786 1210 850 possunt.
1237 783 1334 840 Unum
1349 791 1449 843 autem
1476 788 1592 848 bonum
1607 797 1651 850 est

83 882 91 919 s
107 880 180 937 pure
196 862 274 918 ridel
291 861 389 935 prima
402 861 579 930 hierarchia,
589 862 627 918 ad
643 860 766 933 simplos
820 863 900 936 apud
913 867 1016 932 iteum,
1033 870 1061 922 et
1073 866 1130 923 hoc
1146 869 1244 926 solum
1259 888 1329 929 cum
1344 875 1514 949 percipitur,
1531 880 1649 938 satietas

83 951 250 1008 immediate
266 949 443 1018 illuminata,
459 967 527 1024 quie
543 947 766 1021 contemplatio·
819 952 977 1010 invenitur.
991 957 1067 1025 Ergo
1079 972 1140 1013 non
1153 957 1183 1014 in
1194 959 1393 1031 mrdtitudiue,
1411 965 1508 1022 sedin
1538 969 1649 1026 unitate

83 1040 140 1097 rltae
151 1044 229 1106 sunt,
247 1039 275 1095 in
299 1045 447 1112 quantum
463 1039 521 1094 illie
549 1039 651 1094 omnin
665 1037 767 1094 siden·
821 1041 939 1098 satietas
952 1047 1004 1099 est.
1018 1045 1144 1110 Quando
1159 1046 1302 1105 satietas?
1316 1052 1439 1124 quando
1461 1055 1531 1111 salis
1546 1060 1591 1113 est
1605 1074 1650 1113 sa-

83 1132 240 1196 rateesunt,
264 1128 337 1200 quia
352 1144 421 1184 eum
443 1127 585 1184 omnibus
600 1127 648 1183 ille
677 1126 765 1183 etiam
821 1130 914 1188 tietas.
930 1133 1008 1188 Pone
1022 1134 1123 1202 modo,
1138 1139 1216 1192 ates
1230 1136 1276 1193 his
1288 1138 1400 1209 multis,
1415 1141 1522 1215 quaein
1534 1145 1650 1202 mundo

83 1217 180 1274 omnia
202 1216 329 1272 ridetur.
352 1219 414 1272 h'on
437 1215 518 1273 enim
534 1219 641 1288 praeter
666 1215 766 1288 ipsum
822 1220 899 1283 sunt,
916 1217 1057 1290 quaedam
1068 1220 1170 1294 aliqua
1181 1223 1304 1294 habeas,
1325 1242 1394 1300 qum
1409 1228 1507 1302 diligis
1531 1231 1651 1289 etvidc·

85 1307 145 1364 uod
161 1306 190 1362 in
218 1307 284 1379 ipso
309 1304 434 1370 videtur,
462 1304 535 1378 quia
556 1309 585 1362 et
599 1319 694 1360 unum
723 1308 767 1360 est
821 1303 877 1372 bis,
891 1306 975 1378 quod
989 1323 1051 1364 uon
1068 1309 1183 1375 sufficit,
1214 1314 1437 1390 Veniantplura
1452 1336 1458 1375 :
1474 1319 1574 1378 adhue
1588 1337 1650 1379 uon

83 1400 152 1463 etur,
165 1395 248 1467 quod
259 1394 322 1468 ipse
338 1397 381 1450 est
393 1412 400 1460 ·,
413 1398 441 1450 ει
455 1393 487 1450 in
503 1393 570 1467 ipso
585 1409 647 1450 uno
664 1392 767 1450 omnia
821 1392 912 1463 dices,
927 1393 1043 1454 sufficit.
1059 1402 1256 1472 apponantur
1267 1404 1427 1478 universa;
1447 1408 1615 1466 etinreuies
1625 1415 1651 1467 te

96 1485 125 1541 in
140 1500 201 1557 quo
216 1484 318 1540 omnia
333 1499 427 1539 uirum
441 1488 469 1539 et
485 1499 582 1539 unum
593 1482 697 1539 omnia
712 1488 767 1543 cst.
822 1488 959 1552 egentem
983 1485 1092 1556 adhuc,
1118 1493 1146 1546 et
1159 1491 1296 1550 nondum
1323 1495 1395 1552 satis
1421 1497 1592 1556 habentem.
1619 1504 1651 1556 ln

82 1590 107 1630 m
121 1573 222 1629 multae
247 1577 316 1629 sunt
326 1572 604 1645 contemplationes,
623 1571 676 1628 ubi
694 1571 766 1629 nihil
782 1595 801 1648 B
823 1573 964 1629 omnibus
977 1592 1048 1653 ergo
1060 1577 1106 1634 his
1115 1580 1232 1638 satietas
1248 1599 1384 1642 essenon
1399 1588 1568 1661 potest,ubi
1580 1589 1651 1645 satis

95 1662 298 1728 abscondam,
328 1678 422 1735 quam
447 1661 542 1718 heatee
585 1660 767 1735 contempla·
822 1677 886 1717 esse
901 1678 963 1719 non
978 1669 1083 1737 potest.
1100 1668 1312 1728 Venietautcm
1326 1690 1422 1731 unum
1436 1675 1510 1733 illud
1523 1676 1649 1747 bonum;

82 1752 105 1809 ti
120 1752 150 1809 in
166 1751 382 1808 summobono
411 1755 519 1807 cuncta
536 1750 694 1818 videntur3
715 1749 767 1806 ubi
822 1753 850 1805 ει
864 1750 983 1808 satietas
998 1754 1061 1822 erit,
1077 1755 1149 1828 quia
1161 1759 1231 1815 satis
1246 1760 1309 1817 erit.
1326 1763 1388 1818 Non
1403 1763 1528 1823 mireris.
1545 1765 1652 1824 Omnia

85 1841 216 1909 habere;
243 1858 344 1899 amare
360 1846 388 1897 et
403 1845 522 1911 gustare
548 1840 664 1897 bonum
686 1839 772 1896 idernv
820 1839 884 1894 heec
901 1839 994 1898 multa
1005 1848 1083 1912 sunt,
1094 1845 1146 1901 sed
1159 1847 1288 1906 medium
1302 1867 1365 1908 non
1376 1857 1453 1910 sunt.
1466 1853 1542 1911 rhua
1555 1871 1652 1913 unum

82 1949 143 1990 non
170 1932 296 2000 ridetur,
324 1931 381 1987 nisi
401 1933 529 2000 veritas;
557 1946 618 1986 non
638 1934 765 1997 amatur,
821 1932 874 1996 est,
890 1932 919 1983 ct
931 1929 1059 1986 multum
1074 1937 1127 1988 est.
1157 1936 1315 2009 Propterea
1341 1941 1492 2012 peccatrix
1502 1941 1552 2000 illa
1580 1941 1653 2017 quia

83 2027 135 2079 las.
168 2026 230 2078 ltuo
258 2026 327 2078 sunt
352 2022 442 2090 enim,
468 2020 598 2090 cognitio
613 2025 642 2076 et
670 2036 765 2076 amor.
821 2015 915 2072 multa
926 2017 1103 2076 dimittenda
1117 2021 1233 2091 hahuit,
1248 2040 1309 2081 non
1336 2027 1430 2084 multa
1445 2029 1499 2086 sed
1522 2031 1652 2088 medium

82 2110 120 2167 ad
135 2110 384 2167 illuminationem
410 2108 558 2182 pertinet;
576 2108 702 2165 alterum
728 2108 767 2165 ad
821 2105 932 2163 dilexit.
948 2107 1036 2164 llulta
1061 2109 1181 2180 dimisit,
1198 2117 1226 2168 ct
1249 2114 1378 2172 multum
1403 2115 1499 2191 elegit.
1528 2119 1652 2194 Sapiens

82 2214 135 2256 em.
163 2197 297 2268 tlognitio
332 2197 491 2268 illuminat,
525 2195 643 2252 dilectio
670 2195 765 2253 satiat.
822 2199 903 2263 erat;
919 2211 981 2252 non
996 2197 1120 2255 attendit
1130 2216 1280 2271 acervum,
1297 2204 1350 2260 sed
1360 2205 1490 2278 pretium
1505 2209 1643 2282 pensavit

82 2287 219 2355 veritatis,
236 2302 322 2342 amor
335 2285 495 2342 bonitatis:
512 2284 542 2340 in
555 2284 601 2339 his
613 2282 767 2340 beatitudo
823 2286 853 2338 ln
869 2283 969 2340 multis
983 2300 1107 2358 parum;
1122 2287 1152 2344 in
1180 2306 1242 2347 uno
1256 2291 1395 2350 multum.
1418 2297 1576 2370 Propterea
1590 2313 1652 2355 non

81 2391 241 2447 agnoscere
257 2380 285 2430 et
308 2390 409 2431 amare
437 2374 563 2430 honum.
581 2375 710 2441 Gustata,
724 2372 768 2429 in·
822 2373 957 2428 attendas
972 2374 1011 2430 ad
1023 2391 1195 2446 numerum,
1207 2379 1260 2436 sed
1273 2379 1402 2438 fructum
1410 2382 1537 2457 inquire.
1554 2387 1653 2443 Unum

81 2470 174 2540 ptura,
191 2470 219 2521 et
233 2463 340 2532 ridete,
370 2464 514 2536 quoniam
544 2462 644 2519 suavis
656 2466 701 2518 εει
714 2465 768 2519 lto
822 2460 1100 2536 esthonum,quod
1115 2465 1166 2521 libi
1182 2468 1459 2541 praepararitlteus.
1476 2471 1540 2529 Noli
1550 2473 1653 2532 amere

81 2556 143 2613 000.
174 2558 284 2619 xxxin).
303 2576 317 2604 ιι
334 2557 365 2609 ln
377 2575 390 2603 ιι
417 2555 533 2623 gustate
550 2574 564 2602 »ι
580 2550 716 2621 dilectio;
737 2552 768 2608 in
823 2567 892 2607 cum
912 2551 1003 2608 'audis
1024 2568 1245 2622 unum3unum
1271 2556 1386 2616 bonum
1401 2564 1455 2630 est,
1482 2561 1535 2619 sed
1557 2563 1653 2622 inillo

89 2666 103 2696 s
130 2644 260 2715 cognitio
289 2648 341 2699 est.
358 2645 421 2699 Duo
449 2641 506 2699 ista
527 2641 662 2698 distincte
689 2658 768 2699 com·
822 2639 903 2696 bono
917 2641 1132 2699 omnebonum
1161 2648 1214 2702 est.
1233 2647 1329 2704 Unam
1342 2648 1542 2721 reiectionem,
1557 2668 1653 2711 unum

83 2732 193 2791 scilicet
208 2732 410 2801 cognitionem
425 2736 452 2787 et
462 2731 662 2788 dilectionem.
676 2753 689 2781 ιι
700 2730 768 2787 ttul-
822 2727 934 2798 cibum,
949 2745 1046 2786 unum
1060 2730 1216 2802 terentum,
1228 2750 1324 2792 unum
1335 2752 1447 2811 panem
1461 2739 1652 2814 preparavit,

81 2839 126 2891 rm,
143 2827 172 2879 ει
198 2822 302 2879 beatas
327 2821 431 2877 siciens
444 2836 518 2894 pure
542 2819 768 2892 contemplatio·
822 2817 875 2873 sed
888 2834 926 2874 nc
939 2818 1096 2891 despicias.
1109 2821 1276 2896 ludiquod
1285 2825 1482 2900 scriptumest
1495 2846 1502 2885 :
1513 2851 1527 2882 ιι
1537 2829 1654 2888 liaben-

83 2910 219 2985 plosque,
245 2915 274 2966 et
305 2909 476 2966 immediate
501 2907 631 2979 fulgores
661 2906 768 2964 illumi·
783 2942 804 2998 C
822 2912 882 2964 tem
894 2925 1016 2967 omnem
1023 2927 1172 2985 saporem,
1187 2917 1313 2973 ctomne
1322 2917 1574 2978 oblectamentum
1587 2938 1655 2980 sua·

82 3014 119 3056 oe
133 2999 170 3056 dc
185 2999 399 3056 illuminatione
415 3001 444 3053 et
470 2996 639 3068 cognitione
654 2996 768 3053 dietum
822 2997 1075 3070 vitatistsopnr).
1089 3024 1103 3051 »
1119 3003 1179 3058 Hoc
1193 3002 1328 3062 divinum
1337 3005 1523 3078 alimentum,
1540 3010 1654 3067 etmul-

823 3090 852 3141 ιε
865 3085 952 3154 lusio,
964 3084 1011 3142 vel
1024 3087 1184 3145 abundans
1200 3089 1305 3147 effusio
1318 3108 1379 3165 qua
1388 3093 1525 3152 videlicet
1535 3095 1652 3154 lusione

81 3189 133 3231 ur:
150 3196 164 3225 ιι
181 3172 282 3231 pisino
309 3173 449 3231 alimento
464 3174 586 3247 repleta.
603 3172 691 3230 Multa
703 3173 768 3246 qui-
822 3173 911 3230 beata
923 3173 974 3230 illa
989 3175 1113 3232 societas
1129 3176 1226 3250 primo
1249 3176 1316 3235 loco
1344 3179 1401 3237 sibi
1413 3181 1484 3238 data
1510 3182 1650 3255 repletur.

81 3279 123 3321 no
148 3262 219 3319 «lata
246 3261 370 3330 fusione,
401 3262 525 3335 solaque
550 3260 724 3328 domestica,
740 3265 769 3318 et
823 3264 872 3318 Est
883 3261 973 3319 etiam
984 3264 1379 3337 unitasdirinrereieelionis,
1391 3285 1454 3342 qua
1467 3269 1578 3328 scilieet
1587 3272 1652 3329 uni-

83 3351 169 3408 ivinae
182 3349 348 3407 reiectionis
363 3350 485 3406 unitate.
496 3372 510 3400 »
526 3352 585 3405 ltcc
600 3347 769 3406 dictumest
823 3354 880 3407 tate
892 3351 964 3419 sola,
979 3351 1037 3408 hoe
1050 3357 1095 3409 est
1104 3353 1247 3424 singulari
1262 3360 1291 3413 et
1308 3356 1482 3429 domestica,
1498 3364 1528 3417 et
1540 3360 1652 3418 unifica

80 3440 145 3498 ione
159 3444 189 3497 et
202 3438 370 3496 reiectione.
387 3437 655 3511 Utramquemrdtis
668 3437 767 3494 modis
822 3439 989 3512 specialiter
1001 3440 1094 3512 digna
1109 3443 1212 3499 ellectu
1227 3450 1279 3502 est.
1295 3449 1362 3518 lpsa
1375 3461 1447 3504 vero
1461 3463 1532 3520 uua,
1549 3449 1652 3508 etsim·
1734 3450 1749 3471 ⁸

80 3529 138 3587 dat.
154 3528 252 3586 Primo
267 3527 467 3599 cognitionem
483 3527 513 3583 in
543 3527 767 3600 contemplatio·
822 3526 891 3600 pler
904 3527 1007 3585 divina
1022 3527 1150 3598 reiectio,
1160 3530 1270 3589 idcirco
1283 3533 1442 3605 singularis
1456 3537 1651 3614 dicitur‚quia

80 3618 142 3676 iltis
155 3623 184 3676 et
197 3618 291 3675 beatis
316 3634 390 3691 pure
413 3616 484 3672 visis
499 3633 552 3690 per
578 3615 768 3674 illuminatio·
822 3633 891 3673 cum
906 3616 1003 3674 aliena
1017 3618 1211 3676 delectatione
1223 3625 1252 3678 et
1266 3621 1424 3682 dulcedine
1434 3631 1576 3686 extranea
1588 3643 1651 3686 uon

80 3724 175 3776 prum
190 3707 380 3780 simplicium.
397 3707 452 3774 Qui
468 3710 539 3763 sunt
551 3705 701 3780 simplices
712 3705 767 3762 iul·
821 3706 1001 3779 percipitur;
1017 3707 1191 3777 domestica,
1207 3710 1280 3785 quia
1307 3712 1411 3771 amicis
1423 3719 1540 3774 tantum
1567 3722 1596 3775 et
1608 3717 1650 3776 fa·

80 3814 150 3856 turae
177 3796 418 3854 illuminationes.
432 3799 485 3853 Per
512 3811 605 3868 puras
620 3794 767 3853 illumina·
822 3795 989 3854 miliaribus
1002 3803 1197 3872 preparatur.
1214 3800 1336 3871 Unifica,
1352 3804 1424 3877 quia
1438 3819 1534 3863 unum
1547 3822 1651 3864 secum

80 3876 209 3945 uitur'ad
221 3902 313 3961 puras
323 3884 598 3958 contemplationes.
616 3887 693 3943 Pura
704 3883 768 3940 illu-
822 3884 912 3943 efficit
924 3901 1040 3956 omnes,
1055 3888 1165 3962 quibus
1181 3906 1211 3946 se
1225 3893 1405 3952 sumendam
1431 3898 1460 3952 et
1472 3896 1651 3972 participan-

80 3979 121 4034 εει
137 3976 260 4050 quando
273 3975 381 4032 veritas
396 3973 652 4047 persemetipsum
672 3973 768 4030 conei-
822 3975 893 4033 dam
907 3974 1066 4033 coneedit.'

80 4080 128 4123 ara
141 4065 352 4138 contemplatio
368 4068 411 4119 est
422 4062 546 4138 quando
560 4062 668 4119 veritas
679 4061 709 4118 in
725 4077 768 4117 se·
860 4062 1016 4135 Sequitur:
1033 4085 1046 4113 ιι
1061 4065 1429 4138 blultaquecommunione
1444 4074 1531 4133 Deiet
1545 4091 1651 4152 coope-

80 4153 205 4212 videtur.
218 4155 345 4220 Quando
358 4170 412 4227 per
424 4152 591 4224 subjectam
604 4150 768 4221 imaginem
822 4150 958 4206 ratione:
975 4171 990 4201 »
1016 4151 1194 4209 subauditur
1216 4156 1329 4229 repleta
1348 4164 1392 4216 εει
1419 4160 1584 4234 dispositio,
1603 4166 1651 4223 vel

80 4259 130 4302 am
141 4244 248 4302 veritas
260 4243 433 4311 addiscitm,
449 4257 511 4299 non
522 4240 768 4315 cstpuraillumi·
822 4239 1262 4313 hierarchiaprimacoelestium
1272 4245 1479 4306 essentiarum.
1494 4255 1561 4319 lpse
1571 4252 1649 4323 dico,

80 4331 175 4390 nando
185 4332 216 4389 in
227 4333 362 4404 subjecta
375 4331 506 4401 imagine
520 4329 569 4386 vel
585 4329 683 4401 figura
695 4329 770 4385 veri-
786 4299 807 4354 ὓ
823 4328 915 4400 digna
929 4327 1034 4386 effecta
1057 4328 1096 4385 ad
1118 4345 1195 4399 eam,
1218 4329 1328 4388 scilicet
1355 4336 1600 4395 communionem
1624 4342 1653 4396 et

80 4421 198 4490 nacitur,
213 4438 275 4478 non
287 4426 331 4478 est
339 4436 416 4495 pura
431 4418 652 4492 contemplatio.
669 4422 769 4493 Neque
824 4417 1066 4490 cooperationem
1087 4416 1193 4487 Dei,ut
1206 4417 1348 4492 possibile
1361 4420 1417 4477 sibi
1431 4426 1491 4492 est;
1518 4424 1653 4483 similitu-

79 4511 215 4586 nplicitas
238 4527 302 4568 esse
316 4514 422 4584 potest,
438 4509 494 4565 nisi
508 4508 560 4566 ubi
588 4508 686 4566 solum
700 4511 768 4578 est;
824 4507 893 4564 dine
922 4507 1073 4564 bonarum
1094 4506 1315 4578 habitudinum,
1337 4509 1367 4566 id
1391 4515 1435 4567 est
1457 4512 1599 4571 virtutum
1624 4519 1653 4572 et

79 4600 175 4669 uitas,
191 4601 248 4658 nisi
269 4599 322 4656 ubi
335 4616 441 4657 verum
456 4602 508 4656 est.
535 4597 712 4672 Simplicitas
728 4597 769 4655 in
824 4596 987 4654 achonum.
1003 4597 1056 4653 Per
1068 4594 1165 4653 bonas
1176 4596 1257 4654 enim
1282 4598 1482 4671 habitudines,
1507 4601 1601 4676 digna
1612 4603 1652 4662 ει-

80 4691 150 4750 ritas
162 4690 280 4747 insero.
294 4688 510 4763 Proptereaqui
519 4687 770 4746 immediatecon·
824 4685 900 4744 tecta
909 4689 954 4742 est
965 4685 1197 4756 communione;
1218 4702 1272 4761 per
1286 4687 1383 4746 bonas
1395 4690 1536 4764 actiones,
1559 4693 1653 4766 digna

79 4783 131 4848 tur,
148 4784 238 4852 etpcr
267 4779 441 4852 semetipsos
454 4779 493 4835 ad
522 4779 674 4837 veritatem
688 4793 770 4836 acce·
825 4775 1043 4850 cooperatione.
1060 4777 1093 4831 Et
1103 4779 1201 4832 rectus
1214 4782 1259 4834 est
1271 4777 1355 4836 ordo.
1385 4779 1517 4839 Primum
1532 4785 1654 4859 percla-

79 4868 97 4927 li
109 4868 258 4944 simplices
273 4869 504 4928 illuminationes
514 4868 627 4926 habent
640 4871 669 4925 et
678 4883 769 4941 puras
823 4864 941 4922 ritatem
951 4863 1128 4936 cognitionis
1142 4864 1341 4939 illuminatum
1357 4874 1462 4944 postea
1486 4888 1540 4947 per
1554 4876 1654 4934 ‹lutce-

79 4956 217 5017 ·laliones.
824 4953 926 5012 dinem
937 4951 1102 5010 dilectionis
1112 4954 1253 5030 relicitur,
1269 4959 1301 5016 ut
1315 4958 1357 5016 sic
1371 4963 1430 5019 lieo
1443 4966 1471 5019 ct
1486 4965 1654 5022 communi·

80 5063 134 5107 ur:
150 5047 282 5104 «Divina
292 5047 433 5106 alimento
457 5048 578 5123 repleta.
597 5070 611 5099 »ι
627 5047 711 5114 Quod
726 5049 770 5104 est
824 5043 909 5101 cetin
923 5042 1041 5111 νίιιυιε,
1057 5047 1086 5099 ει
1099 5051 1276 5119 cooperetur
1287 5047 1318 5104 in
1340 5050 1465 5119 actione,
1496 5053 1570 5108 sicut
1585 5055 1654 5108 seri·

88 5135 287 5194 alimentum?
302 5137 403 5194 divina
417 5136 546 5195 reiectio.
563 5139 597 5192 Et
618 5134 684 5209 ipsa
696 5134 770 5191 rcie-
823 5137 909 5208 ptum
920 5136 979 5190 est:
994 5153 1009 5183 α
1031 5131 1059 5191 Si
1071 5133 1138 5207 quis
1153 5134 1248 5207 diligit
1266 5153 1324 5205 me,
1352 5154 1521 5196 sermonem
1550 5155 1653 5198 meum

92 5228 146 5295 est,
160 5225 216 5283 nisi
243 5225 293 5284 llei
307 5225 446 5283 dilectio?
471 5230 628 5300 Propterea
643 5240 712 5281 cum
727 5223 770 5280 di·
825 5222 973 5291 servabit;
993 5227 1022 5280 et
1035 5224 1119 5280 Pater
1141 5240 1228 5280 meus
1257 5224 1360 5294 diliget
1372 5241 1451 5294 eum,
1469 5233 1496 5285 ει
1521 5229 1560 5286 ad
1583 5244 1653 5287 cum

79 5314 770 5387 Supercminentemillamdispositionemange·
824 5313 990 5381 veniemus,
1020 5315 1048 5368 et
1086 5312 1275 5368 mansionem
1300 5315 1385 5385 apud.
1414 5331 1484 5371 eum
1510 5317 1654 5376 iaciemus

79 5402 185 5477 pletam
200 5404 301 5459 (lirino
317 5403 468 5472 aliment0,
482 5428 495 5453 »
512 5404 649 5476 adjunxit
670 5405 768 5471 etiam,
827 5407 1009 5471 plantasset.
1028 5425 1040 5449 υ

79 5490 656 5569 1repletamunitatedivineerelectionis.
672 5492 771 5559 »Quid
863 5493 1021 5566 Sequitur:
1046 5481 1231 5562 «nutuque
1266 5490 1439 5550 ‹livinormn
1470 5500 1654 5573 superposite

79 5588 99 5641 rt
112 5584 215 5642 divina
225 5583 355 5653 reiecti0,
368 5583 568 5642 nisidirinum
581 5583 772 5642 alimentum?
826 5594 1020 5653 cognoscens,
1032 5577 1176 5634 etdivines
1190 5577 1318 5637 scientiae
1330 5586 1358 5640 et
1367 5582 1579 5657 cognitionisin
1589 5607 1656 5664 par-

81 5675 204 5732 Psrsos.
224 5674 344 5736 clxxv,
1515 5680 1548 5734 at
