3832 6044
56 121 112 179 ate

721 123 894 185 ADNOTAT.
914 128 949 185 IN
966 127 1107 190 toalea.

1717 143 1769 198 350

57 247 124 317 pter
137 241 210 299 fidei
225 241 415 301 stabilitatem
430 263 437 314 ;
455 247 539 303 tertia
551 252 673 323 propter
686 247 823 306 virtutem
833 251 888 306 hu·
905 255 929 310 Α
944 255 1080 324 germina
1104 263 1132 314 et
1154 259 1339 328 ubertatem
1369 263 1473 317 contra
1500 259 1613 316 famem
1631 260 1714 319 verbi
1741 256 1770 319 oi

58 332 191 388 militatis
207 332 431 390 etabstiucntiae
457 336 634 394 ariditatem.
661 339 819 412 Sequitur:
848 342 887 397 Et

58 422 213 492 respoudit
227 424 383 492 Dominus,
397 430 423 480 et
439 425 517 481 derit
529 429 641 496 populo
655 443 708 484 suo
723 447 730 484 ι
747 429 824 486 Eece
836 446 888 501 epo

57 514 176 569 atritione
192 513 273 570 uobis
286 514 485 583 frumentum,
502 522 529 572 et
545 518 657 585 vinata,
674 523 700 573 et
722 520 841 576 aierem?
861 525 888 576 et

57 603 249 673 replebimini
262 604 292 659 iu
304 606 345 660 eis
356 621 368 674 ,·
381 610 409 661 et
427 621 487 662 raon
510 606 586 662 ciebo
610 622 661 663 uos
680 608 764 665 trttro
784 625 889 680 oppro-

59 692 159 749 brium
173 693 204 748 in
219 692 366 763 gentibus.
388 697 421 749 Et
435 698 551 761 caetera,
567 712 634 767 qum
650 702 825 769 sequuntur,
841 714 889 753 us-

58 798 118 855 que
132 781 172 840 ad
186 781 259 838 illud
276 800 282 838 :
298 784 339 839 Et
353 786 410 840 erit
418 789 488 852 post
510 784 593 842 hac:
612 786 779 856 listrensium
803 790 890 858 spiri-

58 878 123 928 tam
132 888 230 928 uicum
244 888 335 943 super
350 889 465 930 esurient
481 890 611 932 cirenem.

94 965 166 1018 Vere
181 979 234 1020 cor
260 967 433 1035 contritum,
460 970 488 1022 et
513 966 704 1023 humitiatum
728 967 807 1024 Deus
828 984 888 1024 nori

57 1057 278 1127 speruittPsot.
307 1056 343 1128 a).
374 1059 444 1113 Vere
469 1058 506 1115 ad
522 1058 668 1130 quietum,
684 1063 712 1115 et
732 1059 887 1128 humilem,

58 1150 88 1202 et
111 1152 288 1202 trerueutcm
313 1162 466 1203 sermones
499 1149 573 1220 ejus
609 1153 742 1223 tempore
780 1166 889 1223 oppor-

59 1240 133 1292 tuno
152 1237 282 1309 respicit.
299 1240 380 1305 Vere,
397 1237 546 1295 convalles
575 1239 732 1296 abundant
758 1240 888 1298 frumen·

58 1329 109 1395 to,
137 1341 205 1382 rere
232 1326 467 1384 misericordiam
502 1328 566 1384 vult
587 1329 748 1403 plusquam
781 1330 890 1387 sacrifi-

59 1415 150 1485 cium,
167 1421 194 1472 ct
219 1416 373 1473 scientiam
398 1418 448 1474 bei
477 1417 640 1492 plusquam
667 1419 886 1476 holocaustum.

61 1504 149 1570 Quod
172 1506 203 1562 in
224 1507 362 1578 praesenti
382 1506 591 1580 propheticum
618 1508 802 1565 demonstrat
831 1508 890 1564 clo-

944 343 1022 400 sitim
1046 346 1188 403 doctrinae
1213 349 1326 406 iontem
1348 350 1415 406 sitae
1436 349 1549 405 inducit
1568 354 1596 407 ct
1616 349 1769 407 doctorem

941 432 1077 503 justitiac;
1094 443 1197 494 contra
1213 438 1368 505 tristitiam,
1398 439 1565 509 gaudium;
1589 444 1693 496 contra
1703 455 1771 496 oon·

943 522 1102 594 lusionem,
1118 526 1275 596 solatium3
1297 534 1400 586 contra
1423 529 1603 598 convicium,
1620 528 1769 600 gloriam;

944 618 1047 670 contra
1061 621 1198 684 mortem,
1211 617 1320 685 ritam3
1335 623 1438 675 contra
1452 619 1591 686 cinerem,
1614 634 1767 676 coronam.

945 703 1066 773 Singula
1089 705 1212 775 singulis
1228 707 1400 781 adaptanda
1417 707 1518 765 lectori
1532 707 1679 781 relinquo,
1699 708 1771 781 quia

943 794 982 848 ad
1006 794 1200 867 explicandas
1226 796 1363 853 sinuosas
1379 796 1527 866 allegoriae
1548 813 1638 868 rugas
1652 797 1768 854 festino.

946 882 1105 939 Sciendum
1120 900 1190 939 vern
1205 890 1249 940 cst
1263 885 1346 957 quod
1360 885 1397 940 de
1413 886 1544 941 adventu
1559 885 1717 942 Salvatoris
1739 886 1770 941 in

944 973 1083 1044 prasenti
1110 973 1233 1030 evidens
1257 978 1300 1030 est
1323 973 1498 1047 prophetia:
1524 990 1577 1047 ρον
1598 989 1690 1046 quem
1717 974 1771 1029 ho-·

945 1061 996 1117 stis
1007 1062 1167 1135 spiritualis
1187 1063 1393 1133 exstinguitur,
1415 1063 1511 1120 iaures
1537 1061 1697 1136 spiritualis
1721 1062 1771 1133 eji-

945 1150 1029 1220 ciam,
1058 1152 1178 1208 ubertas
1198 1153 1341 1221 redditur,
1368 1153 1462 1224 grafia
1490 1151 1661 1209 restituitur.
1685 1153 1768 1220 Ecce,

944 1240 1049 1314 inquit,
1062 1241 1179 1298 nuttam
1194 1242 1279 1299 robis
1299 1242 1492 1310 trumentum,
1518 1245 1546 1297 et
1570 1240 1684 1308 riuum,
1714 1244 1768 1297 eto.

944 1333 1147 1400 Frumentum,
1181 1336 1225 1388 est
1251 1331 1386 1388 doctrina
1412 1330 1498 1398 οἰνος
1526 1329 1641 1397 vinum,
1672 1327 1771 1387 fervor

945 1419 1103 1492 spiritualis
1130 1420 1347 1492 intelligcrrtioe;
1385 1420 1495 1489 oleum,
1530 1419 1659 1476 suavitas
1687 1434 1771 1475 cons-

944 1509 1067 1567 cientie.
1093 1511 1142 1567 l'el
1170 1511 1352 1568 frumentum
1378 1516 1423 1568 est
1447 1509 1632 1568 eucharistie
1658 1507 1768 1580 gratia;

60 1595 178 1668 quium
210 1596 351 1668 Superius
374 1613 506 1670 namque
530 1596 560 1652 in
596 1597 820 1671 supplicationis
846 1615 889 1654 so·
909 1599 1058 1668 prinum,
1095 1600 1254 1673 spiritualis
1291 1600 1414 1668 helitia3
1447 1600 1547 1656 oleran
1580 1597 1663 1672 quod
1699 1613 1770 1654 cun·

59 1683 113 1748 rie,
125 1684 288 1741 adventum
303 1689 332 1741 et
347 1685 551 1742 crudelitatem
572 1685 714 1753 hostium,
743 1687 890 1743 contritio·

58 1789 134 1830 nem
148 1778 230 1829 terrae
244 1778 273 1830 et
301 1774 471 1831 vastitatem
495 1774 681 1843 animalium,
693 1775 890 1848 pestilentiam

61 1868 94 1918 ct
121 1863 281 1931 interitum,
307 1864 515 1920 confusionom
543 1864 656 1938 populi,
699 1863 890 1922 afflictionem

60 1969 169 2010 sonum
195 1953 366 2027 squalorem
402 1954 554 2025 virginum
581 1954 775 2011 lamentando
804 1955 891 2011 mise·

60 2043 192 2100 rabiliter
217 2044 364 2118 exposuit,
381 2044 561 2117 peanitentiae
579 2044 720 2114 rigorem,
741 2045 890 2101 absinen-

62 2133 109 2190 tia
132 2133 311 2201 ariditatem,
337 2133 484 2204 singultus
503 2140 532 2190 et
555 2133 682 2203 gemitus
705 2133 890 2208 profundita-

61 2227 132 2291 tem,
148 2227 178 2278 et
199 2222 389 2295 disciplinam
414 2221 529 2279 indixit.
556 2222 628 2292 Egit,
654 2222 773 2296 recepit,
793 2222 888 2278 rediit.

63 2311 128 2382 Egit
151 2311 367 2385 prenitentiam,
396 2312 507 2386 recepit
530 2311 776 2378 misericordiam,
806 2311 891 2367 rediit

63 2401 103 2457 ad
130 2402 266 2470 gratiam.
297 2403 319 2457 0
344 2401 505 2469 fructuosa,
530 2406 558 2457 ct
576 2400 668 2456 virilis
692 2400 889 2474 penitentia!

64 2491 209 2562 evirago,
233 2490 453 2564 amplectanda,
474 2491 630 2547 mediatrix
655 2495 845 2564 peccatorum
859 2490 892 2546 ti-

64 2581 212 2637 dissima!
243 2598 261 2636 0
286 2582 419 2637 secunda
451 2579 600 2651 naubagii
622 2581 743 2637 tabula!
771 2596 789 2635 ο
816 2580 892 2637 reiu-

64 2671 148 2741 gium
168 2686 348 2744 pauperum,
374 2670 552 2727 miserorum
576 2670 730 2738 auxilium,
754 2669 891 2725 exsulum

64 2776 143 2833 spes,
177 2759 323 2816 debilium
361 2758 466 2826 ionrcs,
502 2758 605 2815 lumen
633 2774 791 2825 caecorum,
816 2758 892 2815 sola·

945 1689 997 1744 ctis
1045 1689 1215 1763 liquoribus
1265 1694 1466 1763 supernatat,
1512 1685 1770 1761 contemplationis

945 1778 1048 1847 gratia.
1065 1779 1178 1851 Vclper
1201 1779 1316 1845 vinum,
1344 1778 1547 1847 intelliguntm·
1565 1793 1657 1850 opera
1678 1774 1770 1851 peani-

944 1868 1063 1936 teuthe3
1097 1884 1150 1941 per
1183 1868 1377 1936 trumentum,
1402 1883 1494 1940 opera
1522 1866 1689 1938 sapientioe;
1717 1880 1771 1938 per

944 1957 1054 2026 oleum,
1083 1959 1154 2032 quia
1179 1959 1273 2029 ungit,
1302 1973 1395 2031 opera
1429 1955 1659 2024 misericordice3
1699 1954 1771 2026 quia

944 2048 1031 2115 lucet,
1048 2063 1139 2121 opera
1154 2047 1272 2117 gratim,
1301 2047 1372 2121 quia
1400 2045 1504 2121 pascit,
1529 2060 1622 2119 opera
1640 2042 1769 2116 justitiis.

946 2137 1102 2212 Sequitur:
1134 2140 1167 2194 Et
1200 2136 1388 2210 replebimini
1419 2137 1450 2193 in
1491 2152 1536 2193 οο.
1575 2138 1771 2208 Nequaquam

942 2229 1064 2300 jejunus
1100 2243 1171 2283 sanc
1205 2232 1314 2295 manet,
1341 2227 1393 2300 qui
1417 2226 1557 2282 interiora
1583 2240 1638 2281 sua
1663 2222 1770 2280 talibus

945 2316 1041 2390 epulis
1053 2316 1155 2389 replet.
1172 2319 1204 2373 ut
1218 2332 1280 2372 non
1294 2315 1375 2370 dabo
1399 2332 1453 2370 vos
1477 2315 1554 2371 ultra
1574 2311 1771 2387 opprobrium

946 2407 975 2463 in
991 2405 1138 2476 gentibus.
1161 2405 1236 2470 Quia
1265 2404 1373 2461 scilicet
1397 2420 1467 2459 cum
1493 2402 1597 2458 talium
1620 2399 1717 2456 studio
1743 2403 1772 2455 et

945 2511 1047 2554 amore
1060 2510 1149 2551 ncmo
1163 2493 1285 2549 incurrit
1298 2491 1504 2565 opprobrium,
1520 2490 1571 2546 scd
1584 2489 1677 2560 gloria
1689 2502 1772 2545 eoro-

945 2592 1034 2644 natur
1048 2589 1076 2642 ct
1089 2585 1214 2643 honore.
1227 2582 1382 2659 Sequitur:

980 2769 1019 2824 Et
1034 2784 1112 2836 erim,
1125 2767 1178 2838 qui
1191 2766 1229 2822 ob
1244 2765 1384 2836 aqccitone
1398 2768 1449 2829 est,
1473 2761 1586 2832 proceri
1610 2759 1725 2831 faciam
1753 2773 1772 2815 a

63 2866 134 2905 men
165 2848 351 2916 Orbilifflum,
388 2847 585 2922 P0¹¹¹l³¹¹fi¹¹¹11
619 2848 714 2918 virga,
752 2846 892 2907 l'ifiOl'llm
946 2857 1026 2915 vobis
1049 2863 1076 2914 et
1090 2857 1317 2927 eupeiiorneum
1337 2855 1367 2909 ia
1382 2858 1494 2909 terrum
1509 2852 1622 2908 invium
1636 2855 1664 2907 et
1678 2849 1773 2906 deser·

63 2954 140 3005 Sela,
167 2938 309 2995 virtulum
335 2939 490 3010 apotheca,
514 2954 582 3011 qum
610 2937 674 2993 50¹ss
691 2936 824 3009 illdisseffi
844 2936 893 2992 fle·
912 2977 932 3032 C
947 2954 1018 3005 tntu.
1034 2947 1228 3016 Faciemejas
1244 2949 1445 3000 contremere
1459 2941 1615 3012 orientale,
1630 2943 1658 2996 et
1678 2943 1774 2994 entre·

64 3028 128 3095 θῒίδ,
162 3028 351 3084 Conditorem
387 3027 498 3097 arguis,
546 3027 788 3100 omnipotentem
823 3037 893 3082 ⁸10¹*
948 3055 1028 3094 tricem
1043 3040 1106 3108 ejas
1121 3033 1550 3092 controtrrarenoeisssimam.
1572 3030 1611 3085 Et
1636 3028 1773 3085 ascendet

64 3117 124 3183 nis,
140 3117 213 3173 dum
243 3115 369 3172 vinceris
400 3116 505 3183 vineis,
549 3116 622 3171 dum
653 3115 793 3172 cruciaris
828 3132 894 3170 cru-

67 3206 141 3273 cias,
157 3205 230 3262 dum
255 3206 393 3264 vulneras
422 3222 522 3274 sanas,
551 3206 625 3261 dum
654 3205 810 3261 salubriter
829 3221 894 3260 suc·

65 3294 196 3360 cumbis
214 3294 337 3365 gloriose
359 3295 548 3369 triomphas!
572 3297 614 3350 Tu
635 3293 699 3350 sola
723 3294 835 3350 caeteris
858 3293 894 3349 si-

65 3384 196 3440 lentibus
208 3385 346 3440 thronum
362 3385 463 3455 grathe
477 3380 623 3441 audacter
633 3383 818 3439 conscendis.
841 3385 895 3439 Da-

65 3475 115 3530 vid
147 3490 238 3531 manu
264 3475 378 3531 ducens
403 3474 586 3542 reconcilias,
613 3476 732 3529 Petrum
757 3471 893 3539 restituis,

66 3564 191 3621 l’auluuu
214 3563 376 3632 illuminas,
394 3565 591 3638 publicanum
621 3568 775 3635 sumptum
799 3562 836 3617 dc
855 3566 895 3617 te·

66 3654 153 3710 lonoc
168 3655 374 3728 apostolorum
389 3655 515 3711 tidenter
524 3653 629 3709 inseris
644 3653 760 3708 chroro.
775 3650 896 3709 Mariam

66 3743 103 3799 de
118 3744 286 3817 prostibulo
311 3744 394 3801 levas
421 3745 453 3800 in
477 3745 587 3801 aethera
600 3747 627 3799 ct
640 3742 742 3815 jungis
757 3741 871 3798 Christo
888 3759 894 3810 ;

66 3833 213 3891 latronem
251 3833 376 3890 affixum
408 3833 553 3908 patibula,
589 3831 688 3889 adhuc
720 3835 896 3887 vernantem

67 3925 222 3994 sanguine,
238 3925 343 3981 inseris
358 3925 508 3998 paradiso.
526 3923 601 3990 Quid
617 3923 729 3996 plura?
748 3922 799 3978 Tui
819 3921 896 3992 juris

67 4020 112 4071 est
126 4014 254 4072 celestis
269 4015 374 4072 cirria:
404 4015 487 4088 quod
508 4014 537 4070 in
562 4012 700 4087 praesenti
723 4010 897 4085 prophet-ica

67 4105 218 4160 evidenter
244 4105 349 4160 edocet
377 4105 499 4178 pagina,
529 4104 605 4158 ‹lrrm
630 4118 684 4176 per
707 4101 842 4157 laborem
869 4102 897 4156 et

67 4194 247 4270 peanitentiae
274 4195 405 4252 fructum
432 4194 517 4268 plebs
542 4208 603 4249 non
619 4191 716 4248 solum
744 4188 897 4246 infortunii

67 4286 161 4342 evasit
176 4286 378 4357 naufragium,
408 4301 469 4341 non
493 4282 639 4340 modoad
660 4281 819 4354 pristmum
832 4295 896 4349 gra-

68 4376 113 4431 tiae
138 4377 224 4433 rediit
252 4381 381 4445 statum;
413 4375 549 4448 quinimo
578 4370 736 4430 salvatoris
765 4370 896 4425 adventu

68 4468 181 4538 ganisa,
196 4469 261 4539 ejus
275 4466 412 4524 doctrina
436 4465 613 4528 illuminata.
644 4463 708 4534 ejus
732 4460 791 4517 vita
806 4459 896 4515 infor-

68 4561 161 4629 mata,
188 4558 253 4629 ejus
279 4557 419 4630 passione
447 4559 561 4622 sanata,
590 4555 653 4625 ejus
682 4549 895 4607 resurrectione

70 4648 206 4716 solidata,
235 4648 330 4721 ipsius
356 4646 530 4704 ascensione
558 4642 731 4713 glorificata,
760 4639 896 4712 ejusdem

71 4737 179 4810 Spiritu
201 4736 352 4809 paracleto
384 4736 414 4792 iu
448 4733 587 4808 prasenti
616 4732 727 4795 (letata,
752 4744 896 4784 coronam

69 4826 243 4899 duplicavit,
260 4825 391 4899 duplicia
417 4823 588 4898 reportavit.
612 4821 803 4877 Obmutescat
817 4816 897 4874 cani·

69 4932 109 4972 na
137 4916 279 4973 tacrurdia
303 4915 455 4972 seectdaris
481 4911 659 4987 eloquentia,
688 4926 756 4984 quae
788 4908 898 4964 rustica

69 5010 96 5062 ct
106 5006 219 5062 inculta
233 5006 335 5063 divina
350 5006 453 5062 asserit
467 5004 596 5076 eloquia.
614 5005 685 5058 Ecca
707 5000 738 5056 in
759 4997 897 5072 praesenti

42 5143 45 5153 .
69 5094 202 5151 colorata
216 5095 338 5167 ponitur
353 5093 497 5151 sententia
510 5090 643 5148 antitheti
658 5091 721 5158 lego
743 5087 897 5144 contrariis

68 5186 199 5241 reddens
227 5185 385 5242 contraria.
416 5187 524 5240 Contra
548 5181 696 5255 siquidem
711 5184 794 5236 terrae
809 5177 898 5234 vasti-

69 5279 161 5331 tatem
186 5274 278 5347 ipsius
300 5274 426 5348 opponit
446 5272 630 5338 circulatam,
653 5273 756 5325 contra
786 5266 898 5324 famem

69 5363 275 5430 saturitalcm;
309 5368 411 5419 eontra
446 5360 653 5435 opprobrium,
689 5357 788 5429 glorirc
817 5371 900 5412 sacu-

68 5455 327 5520 ritaten1;cont1·a
346 5453 548 5509 incursionem
573 5455 602 5507 et
620 5448 823 5506 eredulitatem
846 5447 899 5501 ho-

69 5546 161 5603 stium
174 5546 311 5622 ipsorum
322 5545 446 5603 ietorcm
461 5543 668 5609 etintcritum3
694 5544 795 5597 contra
820 5535 901 5593 steri-

68 5635 184 5695 litatem
198 5635 350 5695 fructuum
365 5639 393 5694 et
407 5635 550 5695 arborum
566 5631 742 5696 ariditatem,
764 5625 900 5702 ipsorum

945 3127 1104 3199 fetorejus
1119 3124 1365 3194 alpedredoejus,
1390 3121 1460 3191 (μνία
1489 3117 1613 3187 superbe
1636 3117 1705 3185 epit.
1730 3114 1776 3170 lli·

949 3215 1063 3271 storicc.
1079 3216 1166 3270 iuxta
1180 3211 1340 3284 quosdam,
1363 3209 1400 3264 de
1428 3203 1628 3263 Sennacherib
1656 3207 1684 3259 ct
1711 3202 1776 3272 ejus

950 3304 1079 3361 exercitu
1102 3300 1255 3375 loquitur:
1285 3297 1338 3372 qui
1379 3295 1506 3370 superbe
1547 3292 1614 3364 ogit,
1653 3288 1776 3366 quando

950 3399 1044 3451 ileum
1057 3388 1297 3464 blasphemavit,
1313 3386 1405 3462 quiin
1423 3390 1499 3441 terra
1510 3382 1591 3457 iuria
1609 3385 1638 3438 et
1660 3381 1777 3437 deserta

950 3483 1159 3556 impulsusest,
1180 3477 1303 3552 quando
1332 3476 1363 3533 in
1389 3474 1516 3543 Perside,
1545 3488 1599 3546 ρον
1626 3471 1777 3527 desertum

951 3573 1068 3643 largiens
1088 3571 1117 3627 in
1147 3568 1258 3641 templo
1287 3570 1393 3623 Nesrac
1417 3563 1467 3620 bei
1496 3561 1551 3630 sui,
1582 3577 1600 3617 a
1627 3559 1694 3618 filiis
1716 3557 1778 3615 suis

950 3663 1066 3720 eccisus
1089 3665 1141 3716 est.
1180 3658 1266 3725 Quod
1293 3661 1393 3713 autem
1421 3654 1500 3721 dicit,
1535 3651 1642 3708 facicm
1675 3653 1778 3706 contra

950 3769 1032 3810 rnaro
1043 3748 1194 3818 orientale,
1211 3752 1238 3804 et
1253 3750 1419 3802 extremum
1434 3745 1498 3815 ejus
1524 3741 1562 3797 ad
1584 3756 1666 3796 maro
1681 3738 1779 3795 noris·

950 3843 1079 3898 simum:
1115 3836 1172 3895 tale
1195 3841 1248 3893 cst.
1277 3832 1448 3891 intentionis
1475 3831 1539 3903 ojus
1569 3832 1632 3884 erat
1652 3825 1778 3884 transire

949 3931 1109 3988 tordancnr
1150 3931 1179 3983 ct
1216 3940 1388 3999 expugnare
1415 3919 1599 3987 ierusalem;
1630 3916 1683 3973 sed
1710 3914 1778 3972 fluis

951 4022 1035 4079 aliter
1050 4017 1196 4074 sehabuit
1210 4015 1280 4090 quia
1303 4015 1381 4071 circa
1404 4011 1585 4084 Euphratem
1605 4007 1636 4064 in
1662 4002 1779 4063 Perside

951 4108 1100 4167 occubuit.
1131 4104 1276 4162 lleluaica
1305 4101 1454 4175 siquidem
1483 4098 1586 4170 lingua
1618 4108 1779 4166 congrega·

953 4200 1048 4256 tiones
1064 4209 1213 4268 aquarum
1228 4189 1390 4265 appellavit
1412 4188 1517 4244 maria.
1547 4184 1629 4242 Unde
1650 4183 1698 4239 hic
1726 4195 1780 4256 per

952 4304 1034 4344 mare
1062 4282 1214 4347 orientale,
1237 4279 1398 4334 iordanem
1423 4275 1542 4341 innuit,
1572 4288 1625 4344 per
1655 4267 1780 4326 novissi-

952 4392 1046 4440 mum,
1072 4370 1254 4446 Euphratem
1273 4364 1415 4433 intelligit.
1447 4362 1533 4428 Orrod
1561 4363 1661 4415 asilum
1682 4354 1778 4411 dixit:

951 4462 1089 4519 ascendit
1103 4460 1177 4516 letor
1191 4457 1265 4528 ejus,
1283 4458 1310 4511 et
1333 4450 1460 4526 putredo
1484 4449 1548 4520 ejus
1563 4445 1602 4503 ad
1617 4445 1778 4511 interitum,

950 4550 1095 4608 exercitus
1132 4546 1225 4621 ipsius
1250 4541 1379 4616 respicit.
1414 4542 1454 4596 be
1477 4554 1538 4611 quo
1567 4533 1657 4591 isaias
1685 4531 1778 4588 oica:

949 4643 1095 4712 Egressus
1111 4641 1152 4691 est
1167 4639 1265 4691 aretem
1280 4630 1404 4702 nupcias
1415 4628 1535 4684 Donniui
1548 4631 1575 4684 et
1588 4622 1737 4695 percussit
1749 4622 1780 4677 in

951 4731 1057 4788 castris
1084 4725 1278 4796 Assyriorum
1313 4725 1430 4778 centrim
1463 4719 1616 4789 oetopintu
1650 4714 1782 4786 quinque

951 4821 1060 4879 mittio.
1075 4820 1115 4876 Et
1128 4816 1261 4873 surressit
1276 4825 1382 4883 inciae,
1392 4817 1421 4868 et
1435 4825 1499 4866 ecce
1514 4810 1614 4866 orariis
1632 4804 1781 4863 cadauere

951 4917 1138 4968 errortuornm
1166 4906 1246 4978 (lsai.
1263 4901 1373 4975 xxxin).
1402 4903 1489 4957 Juxta
1509 4898 1583 4955 alios
1611 4894 1663 4969 qui
1690 4892 1782 4948 siuce-

952 5002 1014 5057 rius
1029 4997 1167 5064 seutirmt,
1182 4993 1219 5049 de
1246 4990 1523 5049 Nabuchodonosor
1552 5000 1636 5041 semo
1660 4985 1713 5047 ost,
1729 4976 1782 5050 qui

954 5090 1097 5166 cxprdsus
1110 5090 1154 5142 est
1168 5085 1197 5140 in
1213 5089 1322 5140 terram
1337 5081 1449 5137 inviam
1463 5082 1491 5133 ct
1505 5077 1663 5137 desertam,
1685 5080 1781 5140 quan-

953 5184 992 5239 do
1006 5195 1110 5237 arneus
1131 5177 1225 5233 iactus
1241 5190 1310 5230 cum
1333 5169 1427 5227 brutis
1451 5163 1630 5222 animalibus
1644 5158 1781 5212 diu‘con·

952 5274 1087 5328 versatus
1102 5269 1164 5333 est3
1180 5265 1265 5334 cujus
1286 5257 1375 5315 iacies
1397 5257 1500 5311 contra
1522 5263 1604 5305 mare
1627 5242 1779 5311 orientale,

953 5363 982 5415 et
1009 5360 1175 5412 extremum
1199 5350 1263 5421 ejus
1292 5345 1330 5401 ad
1362 5356 1445 5398 marc
1472 5335 1682 5397 novissimum,
1709 5330 1781 5406 quia

954 5443 1125 5503 intentionis
1140 5441 1204 5511 ejus
1224 5438 1295 5497 orat,
1325 5434 1358 5485 ut
1383 5429 1520 5485 asserunt
1542 5421 1692 5490 hoster-ire,
1721 5419 1780 5495 pri·

954 5551 1040 5591 mum
1055 5526 1228 5588 orientalem
1253 5520 1375 5596 plagam
1399 5530 1572 5588 expugnare
1588 5532 1596 5584 ;
1611 5511 1719 5570 deinde
1734 5525 1781 5565 oc-

955 5620 1133 5695 cidentalem
1145 5614 1203 5678 sibi
1217 5611 1389 5686 subjugare.
1399 5604 1487 5677 Quod
1497 5611 1598 5667 autem
1609 5601 1689 5678 dicit,
1697 5598 1781 5677 quod
