3832 6044
161 122 213 180 219
317 113 470 174 HUGONIS
489 117 534 172 DE
555 116 582 173 S.
603 116 750 173 VlCTOllE
770 117 845 174 OPP.
866 114 955 172 PARS
974 116 995 170 l.
1015 142 1049 153 -
1069 113 1272 172 exaltantur.
1293 145 1327 154 —-
1347 118 1367 170 l.
1388 116 1422 170 ΙΝ
1444 115 1471 170 S.
1494 107 1720 169 SCRIPTURAM.
1824 114 1879 168 280

162 243 296 314 vigilant,
306 241 393 315 quasi
404 240 587 298 antemurale
603 239 996 296 100111101011011011001001
1012 239 1190 311 Asuperbia
1213 239 1315 306 eleuet,
1346 244 1397 295 aut
1419 236 1598 307 negligentia
1627 236 1781 304 dissolvat,
1807 237 1880 310 quia

164 334 280 391 dicatur
295 349 366 404 ergo
383 352 388 388 :
407 332 490 387 Lusit
505 329 700 397 antemurale,
722 335 749 386 et
768 348 873 387 murus
887 331 995 403 pariter
1050 328 1190 395 fortassis,
1205 329 1278 385 dum
1294 346 1349 397 nos
1363 328 1440 385 male
1456 328 1552 384 securi
1571 331 1725 398 acceptam
1749 326 1878 395 gratiam

164 424 324 497 dissipatus
339 425 398 488 est3
415 420 487 492 quia
502 418 571 474 inde
601 418 700 474 omnis
715 420 849 492 priorum
875 423 996 476 Patrum
1050 419 1394 490 custodirenegligimm,
1411 415 1700 492 quamhorrendmu
1715 416 1880 488 sitqnidde

165 511 325 570 multitudo
336 507 430 564 doluit
453 507 536 580 quod
556 507 689 579 perfidus
717 509 888 565 ludaeorum
903 524 998 580 popu·
1049 505 1881 579 nobisinvisibilisjudexcogitetignoramus:quiquam-

164 600 211 656 lns
228 598 413 655 salvatorem
428 595 468 650 ad
493 595 665 652 semissum
692 613 753 653 non
770 596 880 669 recipit.
912 596 998 661 Quod
1050 596 1094 651 vis
1110 603 1266 668 peccantes
1280 613 1334 653 nos
1348 595 1541 652 dissimulans
1563 593 1696 666 quidem,
1712 609 1772 649 000
1797 594 1880 663 igno-

164 691 265 744 autem
279 683 396 753 dicitur,
410 700 515 740 murus
544 685 706 759 dissipatus
730 690 782 752 est,
795 690 942 758 quantum
959 685 998 739 ad
1050 704 1120 742 rans
1136 686 1187 742 diu
1201 687 1340 759 patiatur,
1358 687 1431 742 scire
1446 692 1545 741 tamen
1562 684 1708 740 debemus
1720 684 1802 756 quod
1828 685 1881 739 ubi

163 792 217 834 eos
231 774 344 831 dictum
359 777 442 830 esta
469 774 580 848 quihus
608 777 652 831 cst
679 776 807 832 ablatus
835 774 998 846 Dissipatus
1051 776 1142 844 longa
1156 775 1328 831 deliberatio
1357 775 1508 847 praecedit,
1536 773 1634 842 gravis
1660 772 1880 829 animadversio

164 871 209 925 cst
239 864 358 932 iudaeis,
383 869 420 921 ut
443 863 641 921 adficeretur
669 865 817 937 gentibus,
847 864 919 937 quia
946 879 999 936 per
1052 863 1194 937 sequitur,
1224 864 1484 936 quemadmodum
1499 861 1647 918 ceruimus
1661 862 1743 935 quod
1766 867 1881 933 quanto

164 957 223 1013 hoc
237 953 313 1010 fides
328 954 392 1025 ejus
404 952 443 1010 ad
467 958 569 1023 gentes
593 955 717 1023 transiit
743 954 824 1027 quod
851 953 998 1010 1111100011-
1052 953 1119 1026 quis
1131 953 1269 1008 attentius
1283 953 1374 1008 ictum
1392 953 1499 1019 vibrat,
1516 956 1597 1008 tanto
1623 950 1816 1024 periculosius
1837 951 1883 1022 ja-

164 1043 227 1100 lam
250 1043 281 1099 in
304 1041 431 1115 pertidia
466 1058 592 1099 manens
625 1042 806 1116 reprobavit,
831 1042 907 1098 sicut
945 1057 999 1113 per
1053 1041 1177 1097 eulatur.
1198 1040 1279 1097 Unde
1304 1040 1496 1111 subjrmgitur
1511 1059 1518 1095 :
1536 1043 1598 1096 Non
1627 1038 1729 1095 avertit
1755 1054 1882 1094 manum

165 1131 355 1191 psalmistam
383 1131 505 1187 dieitur:
533 1133 687 1204 Lapiderrr,
715 1147 800 1203 quem
825 1131 1000 1201 reprobave—
1054 1147 1140 1186 suam
1155 1130 1357 1203 aperditione.
1374 1134 1413 1185 Ac
1427 1129 1451 1184 si
1466 1134 1566 1201 aperte
1581 1129 1747 1185 diceretur:
1765 1130 1881 1193 Quanto

167 1227 241 1279 ruat
258 1221 452 1291 (edificantes,
482 1220 530 1277 tric
552 1222 654 1291 factas
678 1226 720 1277 cst
736 1223 767 1277 ia
781 1227 870 1292 rapat
893 1221 1002 1292 appuli
1053 1220 1150 1289 magis
1164 1218 1246 1291 prins
1260 1218 1401 1292 patiendo
1416 1218 1564 1283 sustinuit,
1580 1221 1661 1274 tanto
1680 1216 1780 1272 minus
1802 1233 1883 1272 nunc

166 1309 261 1382 (Psal.
279 1307 373 1379 11111).
1054 1309 1188 1365 feriendo
1202 1307 1307 1380 parcit,
1323 1307 1396 1379 quia
1407 1306 1540 1379 protecto
1550 1306 1665 1377 justum
1684 1304 1771 1361 valde
1786 1310 1840 1370 est,
1851 1308 1884 1360 ut

202 1400 256 1454 Per
269 1398 327 1454 hoc
342 1412 474 1470 namque
502 1396 585 1470 quod
599 1397 751 1471 aperfidis
764 1398 872 1454 iudaeis
900 1414 1001 1471 repro·
1054 1399 1077 1455 si
1093 1414 1149 1453 nos
1163 1412 1271 1452 manus
1286 1400 1412 1463 nostras,
1441 1396 1514 1451 dum
1538 1390 1709 1467 possumus,
1725 1393 1764 1451 ab
1783 1393 1883 1450 illicito

166 1488 256 1548 batus
271 1491 315 1544 est
329 1487 464 1558 gentium
479 1487 599 1561 pariter,
615 1493 644 1544 et
657 1486 829 1544 ludaeorum
855 1487 999 1552 fidelium,
1055 1503 1144 1559 opere
1157 1501 1217 1541 non
1228 1485 1417 1553 retrahimus,
1434 1483 1484 1541 Dei
1494 1500 1615 1557 quoque
1629 1499 1738 1539 manus
1752 1483 1782 1538 10
1797 1483 1885 1538 01010-

168 1577 256 1652 quasi
268 1576 398 1633 duorum
409 1575 557 1651 parietum
570 1592 608 1632 01
622 1576 738 1632 diverso
768 1575 798 1631 in
813 1592 908 1632 unum
933 1592 1002 1632 eou-
1019 1576 1151 1648 geendo
1166 1574 1359 1648 aperditione
1372 1590 1434 1631 000
1449 1578 1606 1631 avertatur.
1617 1572 1754 1645 Sequitur
1766 1592 1772 1628 :
1787 1572 1885 1636 Luxit⁴

169 1665 361 1732 currentium,
386 1670 476 1738 caput
496 1664 591 1722 factus
604 1669 657 1721 est.
683 1664 769 1731 Quod
791 1668 892 1720 autem
917 1664 999 1733 dixit,
1055 1681 1114 1738 que
1129 1664 1362 1732 0010001010,οῑ
1373 1680 1479 1720 murus
1493 1663 1602 1738 pariter
1611 1663 1771 1735 dissipatus
1784 1667 1836 1717 est.
1855 1662 1884 1718 Si

169 1756 280 1831 pariter
294 1755 335 1812 sic
348 1755 443 1828 accipi
455 1759 551 1827 potest
568 1773 574 1810 z
590 1753 637 1810 vel
662 1752 744 1827 quod
763 1769 868 1809 murus
882 1753 1000 1826 pariter,
1055 1770 1109 1829 per
1122 1770 1255 1821 murum,
1271 1757 1304 1809 ut
1317 1752 1431 1809 dictum
1444 1757 1497 1820 est,
1513 1752 1634 1808 virtutes
1651 1750 1759 1807 animae
1775 1749 1886 1819 signifi-

170 1863 241 1903 cum
258 1844 436 1902 antemurali
448 1843 555 1899 luxerit
569 1862 576 1912 ;
592 1843 639 1899 vel
662 1842 746 1916 quod
774 1859 878 1898 murus
893 1843 1003 1915 pariter
1056 1847 1261 1910 cantur,recte
1274 1830 1522 1915 perautcmurale
1535 1856 1628 1914 opera
1654 1840 1795 1895 virtutum
1811 1840 1886 1895 acci-

170 1951 240 1991 eum
251 1932 429 1992 antemurali
456 1931 618 2004 dissipatus
644 1934 689 1988 sit.
706 1935 848 1988 Neutrum
876 1931 956 1987 enirn
984 1948 1003 1988 a
1056 1932 1166 2006 pimus.
1181 1931 1258 1997 Quid
1273 1935 1317 1986 est
1329 1946 1401 2000 ergo
1414 1930 1498 2003 quod
1514 1932 1574 1986 [100
1588 1928 1617 1985 10
1632 1944 1688 1985 000
1716 1927 1884 1984 vindicante

170 2038 246 2080 sana
281 2020 474 2092 intelligentia
513 2020 675 2078 discordat.
715 2025 788 2077 Nam
826 2021 909 2094 quod
938 2020 1003 2093 ipse
1056 2019 1241 2077 antemurale
1254 2017 1336 2090 luget
1350 2023 1379 2076 et
1398 2035 1503 2076 murus
1517 2018 1688 2092 dissipatur,
1716 2017 1774 2073 nisi
1790 2018 1883 2091 quod,

170 2112 261 2170 etiam
287 2110 413 2166 humani
439 2109 555 2181 generis
583 2109 764 2182 Redemptor
798 2127 868 2166 cum
890 2109 1002 2166 cacteris
1056 2111 1121 2182 ejus
1136 2109 1231 2180 gratia
1244 2109 1409 2177 recedente,
1426 2112 1454 2165 et
1480 2107 1574 2164 virtus
1602 2107 1722 2174 10111101,
1739 2111 1767 2162 01
1793 2122 1885 2180 opera

169 2200 310 2258 fidefibus
325 2198 403 2256 illius
432 2198 537 2273 populi
549 2198 709 2271 perfidiam
726 2202 755 2255 et
776 2198 1001 2273 dissipationem
1056 2199 1171 2256 virtutis
1184 2198 1378 2255 infatuantur.
1394 2202 1474 2254 Tunc
1488 2197 1568 2253 enim
1583 2212 1674 2269 opera
1688 2199 1790 2252 nostra
1804 2196 1885 2253 bona

169 2290 294 2359 ileverit,
306 2288 500 2360 Evangelium
508 2288 663 2345 manifeste
671 2289 803 2346 declarat
817 2289 869 2345 ubi
884 2289 1001 2346 dicitur.
1056 2288 1169 2358 lugent,
1195 2287 1318 2360 quaudo
1344 2285 1456 2342 amissa
1473 2287 1590 2352 virtute,
1607 2283 1673 2341 etsi
1700 2285 1738 2341 ad
1767 2289 1885 2356 tempus

172 2380 247 2438 Gara
263 2380 522 2451 appropinquaret
539 2380 683 2435 Doariaas
706 2381 884 2451 Jerusalem,
901 2379 1003 2435 videas
1058 2379 1190 2445 manent,
1201 2375 1341 2432 meritum
1356 2379 1455 2432 tamen
1470 2390 1531 2431 non
1545 2373 1667 2430 habeut.
1683 2376 1757 2430 Sunt
1768 2373 1818 2446 qui
1832 2389 1886 2445 per

171 2471 322 2528 civitatem
335 2469 418 2539 sterit
440 2482 605 2538 supeream
619 2473 646 2524 et
661 2468 704 2524 ait
716 2484 727 2524 .·
756 2468 832 2536 Quia
845 2470 873 2524 si
897 2484 1003 2539 capua·
1057 2483 1179 2523 murum
1192 2481 1293 2538 opera,
1309 2481 1363 2538 per
1377 2463 1559 2521 antemurale
1574 2462 1666 2519 fidem
1685 2463 1819 2536 accipere
1835 2479 1886 2517 vo-

80 2580 87 2591 ·
169 2561 269 2628 011101,
281 2565 309 2614 01
325 2563 367 2631 10,
379 2559 450 2629 qaia
475 2558 593 2614 0001001
615 2557 718 2613 diesin
734 2563 771 2627 te,
786 2563 814 2613 et
835 2557 1002 2613 circumda·
1056 2555 1131 2623 lunt,
1147 2561 1175 2612 et
1189 2555 1266 2611 hene
1280 2554 1518 2610 fidesdestructis
1533 2552 1674 2625 operibus
1684 2552 1772 2608 bonis
1782 2552 1883 2620 lugere

172 2646 296 2717 100110,
312 2651 341 2701 et
355 2645 596 2716 coangustabant
609 2650 636 2700 te
648 2645 789 2714 audique,
800 2650 827 2700 et
836 2645 877 2701 ad
891 2650 1002 2701 terram
1056 2644 1173 2712 dicitur,
1189 2644 1260 2717 quia
1268 2643 1384 2717 absque
1398 2642 1479 2698 bono
1492 2657 1582 2714 opere
1595 2642 1677 2714 apud
1692 2645 1785 2698 Deum
1808 2641 1883 2697 tides

168 2736 360 2806 prosternent
375 2737 403 2787 te
413 2732 495 2802 (Lae.
509 2731 579 2802 101).
596 2735 667 2787 11001
682 2730 766 2803 quod
781 2731 905 2787 societas
919 2748 1003 2788 sane·
1056 2749 1118 2789 non
1132 2731 1327 2805 approbatur.

171 2825 271 2880 torum
281 2835 351 2876 cnm
361 2819 427 2892 ipso
439 2834 493 2874 suo
504 2818 600 2891 capite
610 2818 699 2874 abeis
709 2819 853 2891 dissipata
863 2819 908 2888 sit,
919 2836 1002 2894 aper·
1092 2821 1201 2877 Defixae
1216 2825 1285 2877 sunt
1299 2821 1330 2877 in
1344 2826 1419 2877 terra
1429 2825 1523 2893 portae
1538 2822 1618 2893 ejus;
1635 2820 1763 2894 perdidit
1773 2823 1800 2876 et
1814 2835 1884 2876 con—

170 2913 199 2968 10
211 2907 374 2965 indolibus
389 2907 593 2980 apostolorum
607 2906 781 2976 ostenditur,
797 2908 850 2964 ubi
863 2913 1002 2965 narratur
1057 2910 1136 2967 trivit
1144 2913 1241 2967 vectes
1252 2911 1326 2982 ejus.
1343 2914 1375 2966 lu
1388 2911 1482 2984 portis
1495 2910 1661 2966 sublimitas
1676 2910 1776 2980 regni;
1792 2909 1821 2964 in
1836 2927 1885 2965 re-

170 2997 325 3073 quomodo
341 3013 414 3069 gens
427 2996 552 3054 ludaica
567 2996 672 3053 Christi
685 2996 779 3054 fidem
805 2998 934 3070 recipere
949 3015 1002 3055 no·
1057 2999 1154 3057 atibus
1169 2999 1309 3057 tortitudo
1322 3005 1451 3058 notatur.
1475 3004 1569 3057 Porta
1582 3017 1653 3071 ergo
1667 3001 1695 3057 in
1713 3006 1790 3057 terra
1813 2999 1885 3054 defi·

168 3088 232 3157 luit,
245 3091 274 3145 et
287 3086 390 3144 fideles
403 3085 483 3143 illius
496 3102 515 3142 a
529 3086 590 3143 suis
604 3085 716 3143 finibus
737 3086 831 3158 ejecit.
860 3087 1003 3159 Cogitavit
1056 3106 1102 3144 xre
1118 3094 1197 3160 sunt,
1220 3086 1386 3145 sublimitas
1409 3089 1567 3146 humiliata
1580 3095 1609 3146 et
1632 3090 1755 3162 dejecta.
1783 3091 1884 3143 vectes

169 3177 324 3246 Dominus,
341 3180 395 3233 etc.
413 3175 490 3242 Quid
505 3176 642 3249 estquod
657 3176 801 3232 Dominus
812 3181 879 3233 ante
890 3176 1002 3234 tactmn
1056 3176 1164 3250 perditi
1178 3181 1206 3232 et
1220 3177 1347 3246 contriti,
1364 3177 1505 3235 fortitudo
1520 3179 1631 3235 amissa
1645 3183 1734 3251 atque
1762 3177 1885 3232 commi-

169 3265 301 3338 cogitarc
315 3266 433 3334 dicitur,
448 3264 505 3321 uisi
526 3265 610 3338 quod
625 3268 702 3321 Deus
726 3270 897 3339 peccatores
919 3266 1002 3339 prius
1056 3269 1139 3322 nuta.
1157 3265 1244 3332 Quod
1266 3265 1393 3338 qualiter
1406 3266 1517 3323 luctum
1541 3267 1587 3336 sit,
1603 3266 1739 3337 adjungit
1761 3266 1882 3320 diceus:

168 3371 222 3429 per
230 3356 404 3428 patientiam
412 3354 465 3410 diu
473 3354 586 3423 tolerat,
598 3359 631 3410 ut
640 3354 800 3411 districtius
808 3355 1002 3428 postmodum
1057 3360 1151 3426 Reges
1165 3357 1230 3429 ejus
1242 3360 1271 3413 et
1284 3357 1434 3430 principes
1449 3358 1514 3428 ejus
1535 3356 1565 3412 10
1580 3355 1718 3425 gentibus
1742 3353 1885 3409 subaudi-

168 3460 222 3517 per
233 3444 390 3516 justitiam,
407 3443 529 3516 culpam
552 3444 697 3516 exquirat.
717 3445 798 3500 Unde
820 3449 898 3501 recte
921 3461 1003 3501 nunc
1056 3450 1113 3514 tur,
1130 3446 1258 3518 perdidit
1270 3446 1423 3513 Dominus,
1440 3445 1497 3501 hoc
1512 3450 1555 3501 est
1577 3443 1713 3515 dispersit
1723 3447 1751 3497 et
1779 3442 1885 3498 coutri-

168 3531 294 3588 dicitur:
308 3531 452 3601 Cogitavit
474 3530 617 3588 Dominus
639 3532 784 3604 dissipare
799 3549 918 3589 murum
933 3533 1001 3589 iiliae
1055 3533 1106 3602 rit,
1123 3533 1209 3591 idest
1223 3535 1254 3590 iu
1273 3534 1399 3590 nibilum
1418 3533 1541 3602 redegit.
1570 3533 1634 3598 Ouo
1661 3531 1767 3587 merito
1795 3533 1884 3588 etiam

170 3620 250 3678 Sion.
267 3618 344 3686 Quid
358 3635 491 3692 namque
504 3636 558 3693 per
570 3636 691 3676 murum
706 3620 774 3676 filiae
789 3621 868 3693 Sion,
881 3622 1002 3678 nisivir-
1056 3623 1113 3680 hoc
1128 3623 1256 3680 evenerit
1268 3622 1421 3679 subinfert.
1445 3625 1507 3678 Non
1519 3625 1562 3676 est
1580 3619 1637 3687 lex,
1653 3619 1788 3677 videlicet
1802 3622 1885 3693 apud

168 3713 246 3767 tutes
260 3707 703 3782 animaaectpimuszutsaepe
718 3709 908 3782 omnipotens
923 3714 1001 3768 Deus
1056 3729 1117 3781 eos,
1134 3712 1205 3786 quia
1221 3711 1318 3783 legem
1347 3709 1464 3766 Domini
1483 3725 1544 3766 non
1560 3708 1748 3765 custodiunt:
1766 3715 1793 3764 et
1817 3727 1885 3782 pro-

168 3814 230 3866 000,
246 3813 324 3872 quos
336 3798 400 3869 jam
415 3811 469 3871 per
489 3795 581 3853 fidem
606 3800 634 3853 et
649 3797 776 3866 gratiam
803 3798 1001 3871 spiritualium
1055 3802 1143 3875 phete
1151 3802 1215 3872 ejus
1222 3815 1283 3856 non
1293 3798 1622 3854 inveneruntvisionem
1633 3797 1795 3854 abomino.
1809 3801 1884 3854 Cum

123 3878 134 3884 ’
168 3887 319 3945 donorum
335 3888 365 3942 in
379 3885 545 3943 visceribus
559 3886 697 3943 Ecclesiae
706 3903 767 3943 sure
782 3887 812 3944 in
822 3887 900 3945 filios
908 3889 1001 3963 adep·
1056 3888 1253 3946 amaritudine
1268 3885 1526 3959 pronuntiandum
1548 3891 1600 3954 est,
1625 3886 1784 3958 propbeta
1809 3890 1882 3957 ejus.

168 3977 292 4043 taverat,
308 3978 430 4048 propter
458 3989 553 4048 prava
579 3990 670 4048 opera
684 3977 878 4050 postmodum
901 3995 1001 4052 repro·
1055 3983 1096 4034 Ac
1111 3977 1135 4031 si
1150 3976 1261 4032 diceret
1276 3994 1282 4032 :
1298 3975 1366 4031 lllcs
1379 3974 1477 4045 magis
1502 3975 1613 4045 dilexit,
1628 3975 1680 4049 qui
1702 3992 1756 4031 suo
1781 3976 1884 4048 spiritu

169 4063 258 4131 bans,
274 4062 348 4136 ipsis
373 4063 462 4120 etiam
490 4080 567 4138 quas
589 4064 654 4136 J'am
678 4065 821 4124 tribuerat
843 4067 1001 4124 virtutibus
1055 4065 1130 4122 falsa
1144 4064 1375 4137 prophetabant,
1386 4081 1481 4138 quam
1494 4065 1621 4137 illosqui
1635 4064 1884 4126 0110011000οἰ0-

169 4152 276 4226 privat.
295 4153 352 4210 Sed
363 4153 435 4227 quia
448 4154 537 4212 nobis
559 4155 754 4229 peccantibus
767 4172 925 4231 nunquam
939 4162 1001 4214 tam
1055 4169 1125 4210 nem
1140 4153 1325 4211 invenerunt.
1342 4154 1451 4210 Detixre
1469 4159 1538 4210 sunt
1550 4155 1581 4209 in
1609 4158 1793 4226 1011000110
1808 4153 1882 4223 ejus,

170 4240 299 4311 gravitm
312 4241 400 4298 irasci
414 4241 497 4312 solet,
513 4242 571 4300 nisi
584 4244 782 4318 uostrisprius
795 4245 1001 4319 iniquitatibus
1056 4247 1110 4298 etc.
1128 4241 1205 4308 Quid
1217 4257 1270 4315 per
1280 4248 1395 4315 portaS,
1408 4248 1437 4299 01
1449 4248 1547 4299 vectes
1562 4242 1695 4310 civitatis,
1712 4241 1766 4298 nisi
1782 4242 1885 4314 praia-

170 4328 223 4386 diu
237 4336 417 4404 provocatus
432 4331 528 4402 fuerit,
544 4337 622 4390 recte
635 4349 716 4390 nunc
731 4333 860 4391 dicitur:
888 4334 1001 4406 Cogita·
1056 4337 1102 4389 tos
1123 4332 1228 4406 populi
1255 4332 1389 4406 accipere
1410 4332 1577 4389 debemus?
1592 4332 1674 4388 ldern
1701 4348 1832 4405 namque
1857 4335 1885 4386 01

170 4418 213 4476 vit
226 4419 371 4477 Dominus
385 4421 531 4495 dissipare
545 4439 667 4479 murum
681 4422 750 4480 filice
764 4422 842 4479 Sion.
859 4426 899 4479 Ae
925 4423 949 4479 si
958 4423 1001 4480 di·
1056 4425 1231 4496 pertusant
1243 4439 1297 4496 per
1311 4422 1446 4488 verbum,
1458 4425 1487 4477 et
1498 4426 1594 4476 vectes
1608 4437 1662 4494 per
1676 4421 1844 4489 concilium,
1857 4425 1885 4476 ct

172 4513 286 4565 ceretur
302 4529 309 4565 ε
326 4509 473 4567 Deliberat
485 4511 568 4584 prius
583 4527 677 4585 quam
696 4511 791 4579 feriat,
801 4511 921 4568 neccito
934 4528 1002 4585 pra·
1056 4512 1113 4568 viae
1136 4527 1190 4586 per
1203 4511 1385 4586 exemplum.
1399 4513 1453 4567 Per
1466 4511 1593 4566 verbum
1614 4511 1766 4577 disertum,
1791 4514 1884 4582 porte

172 4596 227 4655 tert
246 4600 433 4667 sententiam,
463 4616 623 4674 quousque
645 4600 744 4657 subtifi
766 4601 1002 4659 consideratione
1058 4620 1159 4672 aerca3
1175 4619 1229 4676 per
1243 4601 1401 4659 0000111010
1428 4601 1560 4667 firmum,
1576 4606 1673 4657 vectes
1696 4599 1803 4668 terrei,
1832 4614 1885 4671 per

173 4686 324 4743 examinet
337 4687 469 4760 culpam.
482 4690 569 4754 Quod
583 4690 849 4749 etiamevideutius
863 4691 1005 4766 explana·
1058 4687 1230 4762 exemplum
1243 4687 1369 4754 honum,
1385 4685 1440 4741 vire
1466 4684 1574 4757 planae.
1589 4688 1682 4741 Portae
1696 4685 1775 4741 enim
1805 4687 1882 4747 sunt,

164 4778 231 4840 tur,
246 4788 318 4828 curn
328 4773 444 4831 dicitur.
464 4777 599 4832 Teteadit
610 4779 784 4848 saniculam
808 4796 904 4838 saara.
926 4780 1004 4847 Quid
1058 4777 1182 4850 quando
1197 4775 1401 4848 extrapositos
1415 4790 1469 4848 per
1479 4775 1604 4830 verbum
1614 4773 1834 4847 predicationis
1845 4773 1884 4827 ad

174 4860 311 4918 estenim
325 4860 492 4917 ianiculum
509 4863 640 4933 tendere,
656 4866 712 4922 uisi
727 4868 872 4926 subtiliter
885 4884 1004 4925 mensu·
1058 4865 1151 4922 fidem
1165 4865 1367 4921 introducunt.
1381 4866 1482 4919 vectes
1495 4869 1573 4932 sunt,
1603 4863 1725 4936 quando
1739 4862 1818 4918 intus
1832 4876 1885 4933 per

174 4966 241 5008 ram
255 4949 370 5023 peccati
385 4950 638 5009 examinare‘lvcl
648 4954 816 5013 funiculum
827 4957 946 5014 tendere
960 4961 1005 5014 est
1059 4953 1152 5010 fidem
1179 4953 1353 5010 constitutos
1388 4970 1442 5026 per
1477 4952 1633 5010 eonsilium
1652 4953 1754 5009 salutis
1780 4950 1885 5008 contir-

174 5039 228 5097 diu
239 5039 270 5097 10
297 5043 420 5114 peccata
439 5046 661 5113 perseverantes
688 5045 822 5115 tolerare,
837 5063 899 5103 000
922 5047 1005 5120 quod
1059 5047 1181 5101 mantel
1194 5043 1334 5114 dirigunt.
1351 5044 1409 5100 Vioe
1428 5048 1506 5111 0001,
1522 5043 1645 5117 quando
1658 5044 1722 5114 jam
1744 5040 1885 5113 incipien-

174 5131 239 5204 ipse
253 5128 395 5204 patiendo
409 5128 596 5204 iniquitatem
608 5137 725 5203 augeat,
750 5134 802 5190 sed
817 5135 900 5208 quod
923 5136 1004 5207 justa
1061 5133 1149 5202 tibus,
1172 5138 1249 5189 recte
1277 5132 1434 5189 incedendi
1460 5149 1514 5206 per
1540 5133 1653 5189 honam
1681 5130 1885 5205 operationem

173 5219 287 5292 judicio
301 5235 366 5287 suo,
381 5218 427 5276 vel
441 5234 503 5276 non
517 5217 693 5292 corrigendo
708 5221 755 5277 vel
768 5238 829 5280 non
850 5223 1005 5297 puniendo
1059 5222 1231 5297 exemplum
1246 5223 1331 5279 fiunt.
1344 5226 1428 5279 Recte
1443 5238 1514 5293 ergo
1529 5240 1582 5296 per
1595 5227 1696 5297 portas
1722 5219 1885 5277 Jerusalem

176 5307 208 5363 in
222 5308 309 5366 nobis
323 5308 495 5382 prolongari
506 5309 657 5382 permittat
670 5330 677 5380 ;
693 5328 761 5385 quae
774 5311 916 5386 iniquitas
928 5313 1003 5370 iuni·
1061 5310 1177 5369 Scribas
1198 5315 1227 5367 et
1249 5311 1412 5367 Pharisaeos
1438 5311 1574 5368 doctores
1597 5311 1767 5368 ludaeorum
1782 5306 1886 5362 intelli-

178 5394 263 5450 culus
283 5398 333 5452 Dei
357 5399 472 5467 dicitur,
499 5398 615 5472 quiain
638 5399 725 5458 nobis
739 5401 945 5460 invenitunde
972 5403 1005 5459 li·
1059 5418 1127 5473 gere
1158 5418 1329 5475 possmnus.
1363 5405 1403 5458 Dc
1431 5402 1541 5475 quibus
1576 5402 1624 5457 hic
1661 5399 1786 5455 dieitur:
1812 5396 1885 5451 Defi-

179 5497 296 5553 garnur.
311 5487 432 5559 Propter
445 5489 529 5562 quod
543 5506 664 5549 necesse
678 5496 722 5549 cst
735 5497 768 5549 ut
787 5508 905 5566 semper
928 5492 1005 5550 solli·
1059 5508 1104 5549 1110
1127 5495 1196 5548 sunt
1221 5492 1251 5548 in
1277 5495 1353 5548 terra
1378 5496 1471 5564 parta
1491 5493 1565 5564 ejus,
1590 5493 1693 5555 Porta,
1709 5487 1732 5542 si
1760 5485 1884 5558 quidem

179 5570 228 5642 citi
242 5571 345 5665 simus,
359 5591 465 5637 nenos
478 5584 668 5673 peraccepta
688 5581 933 5654 donavirtutum,
954 5586 1006 5641 aut
1059 5588 1163 5643 0100110
1188 5586 1217 5641 01
1238 5581 1349 5640 solidos
1376 5585 1472 5642 vectes
1502 5581 1646 5671 habentes
1668 5592 1724 5652 pro
1749 5580 1885 5651 tempore
