3832 6044
124 168 157 225 ¹5
274 159 426 219 nunonis
446 160 491 217 DE
511 159 539 217 S.
560 158 708 217 victoris
726 158 803 216 OPP.
824 158 914 216 PARS
933 158 954 215 Ι.
975 185 1010 199 -
1029 151 1231 218 maderies.
1251 191 1286 202 -
1306 160 1325 218 l.
1348 160 1380 217 lN
1401 161 1430 218 S.
1452 160 1680 218 SCRIPTURAM.

121 288 205 365 quod
217 285 345 347 verbum
360 284 410 343 hei
423 284 494 341 ioris
507 282 607 351 habet,
618 283 723 341 etideo
733 283 807 345 torte
819 284 947 359 pedibus
967 285 1132 345 italiorum
1146 286 1313 356 doctorum,
1329 302 1398 361 quac
1416 285 1530 343 infinita
1546 288 1624 342 sunt.
1648 287 1713 342 llaec
1734 290 1747 343 t

121 376 290 446 conculces,
303 373 586 449 phaleramenta
604 374 771 431 contemnis
784 374 868 448 quod
886 390 949 431 cor-
1002 376 1112 449 scripta
1127 379 1248 435 Petrum
1270 376 1299 433 in
1327 380 1407 433 textu
1423 375 1594 432 divinarum
1614 372 1746 449 scriptur

121 467 262 544 poreliter
280 468 311 523 et
335 460 489 519 visibiliter
511 465 628 531 gestum
646 460 742 519 littera
760 468 871 522 narrat.
891 463 949 521 Sed
1002 480 1064 522 non
1079 469 1300 539 computantur,
1316 464 1617 539 quemadmodumin
1632 464 1748 522 Veteril

121 557 210 617 audi:
226 555 289 613 luto
298 551 355 609 isto
365 549 450 624 quod
458 548 588 624 pedibus
598 549 656 607 tuis
665 550 867 623 concadcatm,
878 552 949 609 caeci
1002 558 1114 623 mento,
1130 559 1163 612 ut
1177 554 1317 623 diximus,
1330 553 1457 627 quidam
1471 552 1538 609 libri
1549 556 1619 610 sunt
1630 552 1682 628 qui
1693 568 1748 611 uer

120 640 445 704 oorrlusedvidcndum
453 638 949 714 illuminaturi-loomrxtbegeergo
1002 643 1115 702 buntur
1128 644 1158 701 in
1173 659 1299 711 canone,
1315 648 1344 701 et
1359 648 1460 701 tamen
1469 642 1618 713 leguntur,
1635 646 1668 700 ut
1683 643 1748 718 sapi

121 732 314 807 scripturam,
325 729 444 788 etdisoe
454 728 587 803 primum
596 728 830 805 diligenterque
844 746 949 805 corpo·
1004 733 1172 791 Salomonis
1184 738 1213 791 et
1222 734 1329 792 coeteri.
1341 735 1447 791 textus
1456 731 1546 804 igitur
1555 732 1749 791 disinarumi

119 820 220 881 realiter
233 824 344 879 narrat.
366 818 397 877 Si
418 818 500 877 enim
514 818 645 877 termam
657 819 767 877 horum
782 820 949 878 secundum
1004 826 1148 892 turarum,
1163 823 1252 897 quasi
1265 828 1362 881 totum
1375 838 1485 897 corpus
1498 820 1700 895 principaliter
1713 821 1749 879 tri

119 911 228 971 seriem
245 908 425 969 narrationis
447 909 609 984 proposita
623 910 755 968 studiose
779 910 882 968 animo
896 911 949 967 im·
1002 912 1086 970 libris
1100 913 1275 972 continetur.
1292 916 1404 971 tiorum
1417 910 1593 983 vigintiduo
1605 911 1636 968 in
1651 910 1749 981 veteri,

118 1000 271 1078 presseris,
285 998 374 1075 quasi
392 1013 430 1057 ex
441 997 511 1057 lavo
524 999 660 1072 quodam
677 1000 873 1073 postmodum
887 1016 949 1057 me·
1002 1018 1074 1059 vero
1088 1003 1117 1059 in
1133 1006 1215 1060 h'oro
1229 1004 1416 1060 testamento
1430 1000 1618 1075 (sicutsupra
1632 1005 1748 1059 monstr

118 1090 244 1151 ditando
258 1086 420 1165 spiritualis
433 1086 633 1159 intelligentiae
646 1087 838 1147 dulcedinem
852 1088 946 1160 luges.
1002 1092 1057 1165 est)
1072 1092 1377 1167 comprehenduntur.
1398 1094 1510 1149 Caetera
1527 1106 1599 1147 vcro
1618 1090 1727 1164 scripta
1744 1112 1749 1145 ι

1002 1181 1145 1253 adjuncta
1160 1186 1238 1251 sunt,
1255 1186 1333 1239 etex
1354 1180 1401 1238 his
1415 1180 1653 1256 praecedentibus
1665 1196 1750 1238 manc

119 1250 549 1321 cn.vr.1recrutae,aamero
563 1254 591 1307 et
605 1252 788 1309 uactmttate
802 1250 948 1309 libror-am
1003 1274 1035 1327 p„
1057 1270 1104 1329 hp,
1119 1276 1220 1329 autem
1240 1270 1407 1340 ordinibus,
1423 1270 1554 1328 mmm,
1567 1270 1750 1344 utriusque]

390 1332 485 1379 ³⁰0²*oe
500 1318 676 1391 smmum·
1002 1360 1094 1417 menti
1106 1364 1232 1435 apparet
1245 1358 1468 1418 convenientia:
1484 1358 1557 1433 quia
1571 1359 1647 1415 sieut
1656 1363 1724 1433 post
1733 1358 1750 1415 h

153 1466 257 1527 omna
278 1464 383 1522 uana
405 1462 599 1537 seracusam
618 1463 739 1521 cuorus
753 1466 947 1524 rasamenta
1000 1450 1164 1524 prophete,
1179 1454 1290 1525 apos
1312 1450 1475 1523 rrorhetes
1498 1448 1684 1523 agiographi,
1708 1450 1750 1507 ita

116 1556 346 1629 conductoris),
370 1551 610 1611 Veterividelieet
623 1557 653 1610 et
669 1556 761 1612 Novo.
782 1558 946 1629 Utrumque
1000 1540 1196 1611 Ellfflsselium
1223 1538 1361 1614 ¹¹P0⁸t⁰lir
1377 1543 1406 1596 θΐ
1430 1543 1499 1613 ll0⁸t
1521 1536 1673 1612 al>0⁵l⁰l⁰³
1693 1538 1750 1596 (¹0⁰

115 1648 337 1707 Testamentum
350 1642 446 1701 tribus
462 1642 619 1699 ordinibus
632 1640 839 1714 distinguitur:
854 1646 943 1702 Vetus
962 1648 982 1702 o
1000 1629 1105 1687 Ordine
1118 1632 1333 1688 ⁸11000⁸⁸⁰ffl¹¹²·
1350 1632 1384 1686 Εἴ
1401 1629 1478 1686 mim
1490 1628 1624 1703 quadam
1642 1627 1751 1687 divissoe

115 1738 337 1795 tutamentum
351 1731 483 1791 continet
496 1731 604 1803 legem,
619 1732 792 1805 prophetas,
812 1733 948 1804 agiogra.
1000 1718 1185 1794 pausationis
1197 1720 1312 1777 rationc
1332 1722 1433 1777 actum
1447 1723 1501 1789 est,
1514 1722 1557 1785 ut,
1573 1734 1642 1776 cum
1659 1718 1690 1776 in
1705 1718 1750 1775 sin

115 1827 324 1901 phositorum
337 1825 439 1879 eutem
453 1819 827 1894 Evangeliumapostaloa,
836 1826 945 1897 mares,
1002 1808 1159 1882 Scripturis
1172 1809 1263 1883 plene
1277 1814 1306 1867 et
1319 1808 1450 1885 perlecta
1461 1808 1570 1866 veritas
1581 1808 1731 1879 consistat,
1748 1824 1751 1866 r

115 1915 232 1973 Pdmus
244 1912 320 1971 ordo
334 1910 444 1968 Veiens
456 1909 644 1977 Testamenti,
664 1910 696 1968 id
718 1915 763 1969 est
775 1911 832 1980 lex,
853 1928 946 1987 quam
1002 1901 1101 1955 lamen
1121 1899 1274 1973 superflua
1288 1899 1325 1956 Sil
1343 1900 1419 1971 (6-8)-

116 2002 232 2063 hebrei
244 2000 545 2069 thorethuominant,
560 2000 781 2073 pentateuchon
794 2002 895 2073 habet,
914 2003 946 2059 id
1046 2008 1112 2064 Car.
1129 2008 1184 2065 vn.
1201 2040 1234 2048 -
1248 2007 1293 2065 De
1303 2020 1459 2065 sacrorum
1474 2005 1618 2063 librorum
1631 2006 1752 2077 scriptor

115 2096 162 2151 est
172 2091 308 2167 quinque
321 2090 414 2149 libros
428 2089 530 2164 lloysi.
543 2092 574 2146 ln
586 2089 645 2147 hoc
657 2090 763 2148 ordine
772 2090 889 2165 primus
903 2098 947 2150 est
1357 2079 1410 2134 021³
1424 2078 1471 2151 (9)-

116 2182 256 2253 beresith,
266 2180 321 2256 qui
330 2179 514 2239 estGenesis.
528 2179 683 2237 Secundus
693 2180 883 2249 lichesmotb,
893 2182 945 2256 qui
1036 2168 1173 2242 Quinque
1187 2167 1280 2225 libros
1294 2168 1368 2241 legis
1383 2171 1497 2241 Moyses
1512 2166 1637 2241 scripsit.
1654 2166 1752 2225 hibrit

115 2278 162 2333 est
182 2271 313 2331 modus.
331 2270 445 2329 'tertius
463 2270 619 2341 vagethra,
643 2270 696 2343 qui
722 2273 767 2328 est
789 2270 943 2330 Levifiaus,
1000 2256 1079 2314 idem
1093 2260 1181 2315 tosue
1194 2258 1281 2329 cujus
1295 2256 1417 2315 nomine
1432 2256 1612 2325 inscribitur,
1624 2254 1753 2314 auctori

115 2364 246 2431 omma
271 2358 945 2433 vagedabar‚q11iaataumafi‚0uintuggl.
999 2346 1138 2405 creditur.
1154 2346 1276 2404 Librum
1290 2342 1752 2405 JudicumaSamuelecditumi

115 2450 330 2521 leeddeberim,
362 2449 417 2524 qui
438 2452 484 2507 est
505 2449 763 2507 Deuteronomius.
790 2449 945 2508 Seerrndus
999 2436 1133 2496 credunt.
1158 2436 1288 2495 Primam
1311 2440 1427 2511 partem
1448 2435 1516 2492 libri
1540 2433 1685 2493 Samuelis
1699 2434 1753 2509 ipsc

114 2541 191 2601 ordo
203 2544 249 2599 est
260 2539 487 2616 prophetarum,
498 2538 547 2596 hic
556 2537 765 2596 eontinetecto
778 2537 943 2599 volumina.
999 2525 1080 2583 muel
1094 2526 1212 2601 ⁸⁰15&st
1227 2544 1234 2583 ἲ
1250 2526 1405 2601 Sflquessfist
1431 2540 1503 2582 Vim
1526 2540 1622 2598 Usque
1652 2524 1692 2581 ad
1706 2522 1753 2583 ⁰²¹

114 2630 248 2689 Primum
265 2633 311 2687 est
334 2630 479 2695 hennum,
494 2626 526 2683 id
539 2631 584 2684 est
605 2626 685 2684 tilius
699 2631 775 2698 Nun,
790 2628 844 2703 qui
858 2632 946 2687 0110.
1000 2615 1103 2673 David.
1129 2614 1285 2673 halacbim
1308 2614 1450 2672 teremias
1472 2613 1606 2688 primum
1630 2613 1660 2670 in
1687 2610 1753 2671 rolr

115 2734 170 2777 stre
181 2721 211 2778 et
223 2720 317 2787 leem,
329 2718 452 2774 etlcsus
464 2718 545 2773 Neve
557 2720 759 2789 nuncupetur.
772 2718 944 2776 Secundum
998 2718 1094 2762 imum
1107 2703 1244 2775 0⁰ll⁰tlili
1259 2720 1332 2761 nam
1346 2707 1435 2761 asslffl
1449 2719 1572 2777 SPffl'SUS
1586 2707 1650 2761 ⁰1⁸⁸st
1663 2718 1718 2778 1³er
1730 2702 1753 2759 ⁸5

114 2812 161 2867 ut
173 2806 298 2877 sothim,
312 2805 367 2882 qui
379 2809 424 2864 ast
441 2804 518 2863 tiber
529 2803 678 2863 Judiaum,
693 2804 822 2864 partium
836 2812 881 2865 aar
895 2810 945 2867 sa.
998 2793 1097 2851 lorum
1111 2808 1217 2865 regum
1236 2793 1384 2851 historias.
1405 2793 1504 2863 isaias,
1521 2792 1672 2863 ieremias,
1687 2794 1753 2851 Ere<

114 2894 644 2973 meatquiestprimuseteaaundus
657 2898 781 2969 uagum,
798 2898 944 2964 Quartum
999 2882 1107 2953 singuli
1135 2899 1207 2940 suos
1235 2882 1327 2941 libros
1355 2882 1497 2952 iecerunt,
1526 2883 1577 2957 qui
1604 2881 1738 2957 inscripti

115 2985 280 3057 lelachim,
291 2984 345 3061 qui
357 2989 403 3044 est
414 2984 518 3043 tertius
531 2988 561 3041 et
571 2988 698 3059 quartus
711 2988 836 3057 Regum,
852 2987 942 3054 Quin.
957 3004 978 3063 c
997 2972 1171 3030 nominibus
1184 2988 1300 3030 corum.
1317 2972 1401 3031 liber
1416 2972 1505 3030 etiam
1519 2971 1680 3029 duodecim
1700 2986 1754 3045 pro

114 3080 237 3135 mmeat
255 3074 367 3135 Esaias.
384 3075 507 3133 sexam
529 3074 682 3133 latomiae,
698 3074 865 3150 Septimum
878 3080 944 3135 pm.
998 3066 1097 3120 tarum
1111 3066 1270 3119 auc-torum
1294 3078 1418 3120 suorum
1440 3060 1614 3119 nominihus
1634 3064 1754 3137 praenot

114 3164 201 3225 ahta,
225 3166 372 3225 octavum
389 3163 551 3223 Thea-eam
567 3163 622 3240 qut
641 3169 686 3223 ast
698 3164 859 3223 duadecim
877 3182 945 3240 pra
998 3167 1128 3225 quorum
1152 3152 1277 3209 nomine
1291 3158 1370 3210 sunt.
1386 3154 1470 3220 Osee,
1494 3150 1565 3220 leel,
1589 3156 1690 3221 limos,
1705 3148 1754 3207 lib

112 3252 513 3333 phamumpaindararuua
522 3254 599 3313 ordo
611 3270 721 3313 novem
735 3255 827 3314 habet
839 3256 940 3315 pal-03,
997 3243 1097 3309 lonas,
1113 3241 1249 3311 Micheas,
1265 3242 1392 3309 Nahum,
1414 3241 1562 3310 Hahaeuc,
1580 3240 1755 3315 sophonias,

112 3344 365 3407 ammorreo.
378 3344 535 3405 maenaa
548 3344 653 3403 naua.
668 3345 781 3402 reseas
808 3345 940 3417 naseu,
998 3346 1080 3403 geas,
1096 3331 1253 3390 lachana
1266 3336 1296 3389 et
1309 3330 1550 3404 aerearumque
1564 3334 1755 3405 properas

111 3433 943 3511 quadgmoepmbo1ffi‚1afln0proverbiasomgvjde.
995 3436 1043 3477 res
1057 3420 1205 3490 dicuntur,
1222 3421 1294 3496 quio
1315 3436 1468 3479 sermones
1490 3434 1595 3477 eorum
1618 3418 1724 3477 breves
1747 3436 1755 3475 ι

112 3525 181 3585 lieet
192 3524 372 3586 Salomonis.
385 3526 515 3592 Quartus
529 3522 658 3592 Coeleth,
674 3522 728 3596 qui
741 3528 786 3581 est
799 3522 941 3582 Ecclesia.
995 3512 1076 3567 unde
1099 3515 1128 3568 et
1151 3526 1213 3569 uno
1230 3511 1383 3569 volumine
1410 3508 1714 3583 comprehenduntur.
1735 3512 1755 3565 is

111 3620 181 3677 m,
196 3615 324 3684 Quium.
337 3612 494 3681 samaim,
508 3610 540 3668 id
553 3614 598 3668 sat
609 3610 731 3669 cantiae
741 3612 938 3671 annm-um,
995 3603 1096 3658 eutem
1110 3605 1139 3658 et
1151 3600 1298 3659 teremies·
1307 3606 1336 3658 et
1350 3599 1481 3657 Ezechiel
1490 3604 1519 3657 et
1533 3598 1644 3667 Daniel,
1656 3598 1756 3673 hique

111 3707 216 3764 Sextus
229 3701 499 3775 nametsepumas
509 3698 941 3774 habreiamin,quicstparali.
995 3690 1125 3761 majores
1139 3694 1209 3747 sunt
1222 3690 1348 3763 singulis
1373 3690 1435 3747 suis
1461 3684 1665 3747 voluminibus
1686 3686 1755 3745 disti

109 3808 273 3869 pomenon.
295 3794 424 3851 octavus
438 3788 557 3846 Esdras.
573 3792 674 3846 h'onus
702 3790 813 3849 Esther,
829 3793 940 3850 omnes
995 3779 1117 3837 Librum
1143 3779 1208 3849 lob,
1224 3778 1274 3837 elii
1289 3783 1419 3855 Moysen,
1435 3778 1485 3837 alii
1499 3793 1596 3835 unrrm
1610 3794 1647 3835 ex
1661 3776 1756 3853 proph

109 3898 182 3955 ergo
194 3880 412 3941 flmtnumero
435 3877 624 3951 vigintiduo.
642 3878 717 3937 Sunt
731 3884 876 3953 praterea
890 3880 939 3939 alii
994 3869 1129 3927 nonnulli
1153 3870 1254 3945 ipsum
1276 3870 1331 3928 lob
1358 3868 1511 3943 scripsisse
1534 3867 1668 3925 credunt.
1704 3866 1756 3925 Lib

108 3970 237 4047 quidam
248 3968 327 4039 uari,
339 3972 373 4027 ut
386 3966 537 4044 Sapientia
551 3966 729 4039 Salomonis,
741 3967 817 4027 liber
826 3972 895 4028 regu
905 3970 939 4027 fi.
993 3959 1181 4034 psalmorum
1189 3959 1284 4017 David
1293 3958 1394 4017 edidit.
1403 3958 1511 4016 Esdras
1521 3962 1622 4016 auum
1631 3960 1756 4031 postea]

109 4060 142 4119 lii
156 4058 270 4129 Sirech,
283 4062 313 4117 et
326 4057 402 4117 liber
414 4056 525 4128 luditb,
533 4062 563 4115 et
574 4057 691 4127 Tobies,
703 4064 731 4116 et
744 4058 812 4116 libri
826 4060 939 4117 itacha-
993 4067 1060 4108 rnos
1073 4051 1114 4109 ita
1129 4056 1163 4107 ut
1176 4066 1257 4108 atine
1271 4054 1341 4107 suut
1354 4048 1512 4120 ordinarit,
1537 4056 1565 4107 et
1585 4050 1684 4108 titulos
1698 4050 1757 4107 acici

109 4147 319 4224 breomm,qui
328 4147 469 4221 leguntur
481 4146 616 4222 quidem,
625 4147 679 4206 sad
692 4147 939 4207 conscribuntur
992 4139 1153 4197 Parabolos
1168 4145 1268 4197 autem
1283 4145 1311 4197 ct
1326 4140 1541 4207 Ecclesiastenr,
1562 4144 1590 4197 et
1604 4139 1726 4197 Cantica
1734 4156 1757 4197 cr

109 4237 143 4299 iu
154 4252 281 4297 esnone.
293 4237 343 4297 ilis
364 4236 470 4311 vlginti
484 4236 605 4296 duobus
617 4237 701 4295 libris
714 4237 823 4295 votens
840 4240 938 4297 Teste·
993 4244 1097 4287 corum
1112 4229 1254 4288 Salomon
1268 4230 1446 4305 composuit.
1462 4228 1565 4287 llanicl
1579 4228 1625 4287 sui
1638 4228 1706 4287 libri
1720 4244 1757 4287 eu

108 4328 211 4400 menti,
233 4332 302 4389 octo
319 4327 388 4387 libri
405 4325 480 4386 Novi
503 4327 681 4387 testamenti
705 4328 884 4400 jungrmtur,
906 4332 974 4423 111⁰
992 4318 1055 4376 luit.
1066 4318 1152 4376 Liber
1162 4318 1270 4377 Esdras
1280 4319 1410 4377 auctoris
1424 4317 1469 4376 sui
1485 4318 1568 4376 titulo
1583 4322 1757 4393 praenotatru

107 4417 207 4493 primo
219 4418 326 4478 ordina
339 4416 414 4478 Novi
425 4416 604 4477 Testamenti
616 4421 686 4475 sunt
699 4419 830 4490 (matum-
844 4419 938 4477 ssvgn.
992 4408 1079 4482 cujus
1102 4413 1180 4467 tectu
1194 4410 1330 4482 ejusdcm
1345 4408 1444 4465 Esdrm
1463 4408 1650 4483 Ncemiaque
1669 4422 1758 4465 sermr

107 4508 204 4581 seha:
218 4507 560 4580 letthmi,1erci,l.ucae
574 4510 604 4565 et
615 4505 748 4565 loannis.
761 4510 792 4563 tn
803 4507 936 4565 mundo
990 4499 1101 4573 pariter
1110 4498 1308 4557 continentur.
1321 4496 1442 4555 Librum
1453 4497 1556 4555 Esther
1571 4496 1679 4555 Esdras
1693 4496 1758 4555 crec'

106 4596 469 4673 similitersuntquatuor:
480 4601 571 4655 Actus
577 4595 935 4672 videlicetepoetolorum‚
991 4589 1213 4663 conscripsisse.
1230 4587 1315 4646 Liber
1330 4586 1486 4661 Sapientia
1500 4586 1583 4661 apud
1593 4586 1732 4645 tlehraeos
1752 4602 1758 4643 r

106 4686 246 4763 npumlae
256 4684 938 4760 Pauhuumeroquatuordccimsubunorolu-
991 4696 1085 4755 quem
1098 4682 1164 4737 est:
1195 4677 1274 4734 unde
1302 4679 1331 4733 et
1357 4674 1421 4750 ipse
1444 4675 1546 4733 titulus
1567 4692 1698 4747 gruem
1724 4692 1757 4733 m

105 4773 517 4837 nineeonexteeanoniee
527 4772 674 4847 Epistola,
685 4772 891 4848 Apocalypsis.
904 4778 937 4831 ln
990 4767 1193 4843 eloquentiam
1213 4765 1334 4823 redolet.
1357 4768 1440 4823 llunc
1463 4765 1588 4841 quidam
1610 4765 1705 4824 ludaei
1727 4766 1758 4823 Pl

105 4862 306 4923 torticordius
314 4859 936 4937 primumlocumhabentdecretulia,quos
989 4858 1037 4915 nis
1050 4872 1115 4914 csse
1136 4856 1296 4914 affirmant.
1312 4854 1434 4911 Librum
1462 4852 1699 4913 Ecclesiasticum
1722 4870 1756 4911 ee

105 4950 319 5023 emericosid
328 4954 373 5009 ert
381 4948 535 5021 regulares
544 4947 936 5024 appellemuslleindesan·
990 4948 1064 5006 sime
1077 4946 1157 5003 illius
1172 4945 1273 5003 sirach
1288 4943 1515 5017 Hierosolymita
1534 4959 1628 5018 nepos
1642 4946 1711 5002 lesu
1724 4960 1759 5003 sa

105 5044 223 5101 eoram
242 5043 363 5100 Petrum
376 5037 496 5113 scripta,
512 5037 544 5097 id
557 5041 611 5109 est,
627 5036 809 5113 Hieronymi,
821 5042 935 5111 hugus-
989 5036 1067 5095 dotis
1080 5034 1194 5108 magni,
1210 5034 1296 5107 eujus
1307 5033 1444 5093 meminit
1456 5034 1623 5104 Zacharias,
1639 5048 1759 5109 compos

105 5128 170 5203 tat,
183 5128 344 5202 Ambrosii,
357 5126 500 5201 Gregorii.
515 5127 629 5198 isidori,
645 5128 790 5201 origenis,
807 5128 892 5187 Bedae
906 5134 935 5187 et
989 5127 1039 5185 llic
1053 5125 1135 5201 apud
1149 5124 1289 5183 hebra-os
1302 5123 1462 5199 reperitur:
1477 5122 1530 5181 sed
1539 5122 1615 5182 inter
1628 5140 1759 5199 apocryp

104 5306 934 5437 ffigephnehheopicslusmbesapudrsmummeua
987 5303 1149 5363 Aureolum
1164 5304 1263 5387 insuo
1278 5302 1473 5387 compendio.
1554 5375 1560 5387 ι
1663 5374 1668 5387 .

179 5395 199 5438 ο
231 5380 349 5450 eee,hb.
361 5398 400 5452 n,
411 5385 488 5465 part.
499 5396 519 5451 ι,
530 5396 620 5463 quaer
624 5395 682 5463 per
690 5384 796 5437 tetum.
807 5382 869 5437 Ete
891 5379 933 5438 ud
1023 5378 1061 5451 (9)
1076 5380 1115 5434 ile
1129 5376 1187 5433 hoc
1202 5375 1390 5446 singulariter
1404 5376 1471 5433 vide
1486 5378 1515 5433 F.
1533 5377 1647 5433 ertum
1661 5390 1691 5431 rn
1705 5390 1760 5431 suu

104 5450 264 5521 fflgium
276 5450 406 5511 edeam
416 5468 447 5510 ιιι
460 5450 648 5512 Quorum
661 5450 833 5521 bibliorum,
859 5450 866 5463 ’
891 5496 898 5509 .
912 5468 931 5522 1,
986 5448 1144 5517 bliotheca,
1158 5446 1210 5504 lib.
1226 5463 1265 5516 ru,
1280 5450 1357 5521 pert.
1373 5463 1392 5515 ι,
1408 5446 1460 5521 qui
1477 5445 1646 5505 doctissime
1661 5460 1760 5505 sacror

103 5520 166 5579 tuh.
183 5524 325 5597 itusque
339 5522 379 5581 ad
392 5526 426 5581 tr
439 5541 447 5594 ;
462 5528 491 5582 et
504 5522 587 5598 apud
598 5524 630 5581 ll.
641 5521 812 5581 llicheelem
826 5521 865 5580 de
879 5524 933 5581 lle·
986 5520 1133 5578 librorum
1148 5519 1307 5594 scriptores
1321 5534 1471 5592 exponere
1483 5518 1610 5577 ridetur.

103 5593 213 5666 beina,
224 5593 255 5655 in
270 5593 332 5653 suis
343 5594 570 5658 Commentariis
582 5612 590 5669 ;
601 5593 643 5655 sic
652 5593 804 5669 queepud
813 5596 931 5656 Petrum
