3832 6044
164 137 256 178 curu

837 118 932 175 IIUGO
952 119 997 173 DE
1018 117 1046 175 S.
1062 117 1221 173 VICTORE.

1773 133 1874 173 CLXVIII

202 242 457 312 Didascaliomlib.
469 261 506 301 n.
519 245 657 309 Omerirun
667 243 918 312 expectendorum
928 243 988 314 pri.
1008 248 1033 300 A
1083 245 1239 299 Denatura
1251 240 1436 309 animalium,
1453 238 1504 295 lib.
1519 256 1537 295 1.
1553 240 1613 295 Leo
1626 240 1808 309 fortissimus
1831 241 1876 298 tre-

203 319 243 372 De
254 316 342 371 arrha
357 313 475 380 aalma,
490 314 541 372 lib.
557 332 576 370 r.
606 315 727 385 Loquor
737 319 847 371 secrete
874 316 991 370 animer.

203 389 243 441 Ile
256 387 347 443 modo
367 384 482 449 orandi,
499 385 549 440 lits.
566 401 585 439 1.
610 384 672 451 (luo
687 385 785 440 studio
798 391 825 441 et
853 401 910 457 quo
923 386 991 455 affe.

203 460 243 513 lle
258 457 345 513 laude
357 455 515 520 eharitatis,
525 454 575 509 liu.
588 470 606 510 1.
622 456 693 510 Tam
701 457 877 526 muttospam
890 457 991 512 toirdn.

203 531 243 584 lle
253 528 435 583 Institutione
455 524 645 594 novitiorum,
662 524 714 581 lib.
738 542 757 581 1.
784 526 860 593 Quia
879 529 993 598 fratres

167 599 315 669 largiente
326 600 380 652 Do.

203 667 379 737 lnregalum
396 667 424 723 S.
453 665 620 737 Augustini,
634 665 686 724 lib.
701 684 720 724 1.
746 669 820 725 Here
842 672 993 737 praeepta

166 754 461 882 quiemysneaarea
476 812 545 876 Noe,
560 808 611 865 lllr.
638 827 664 866 r.
688 811 762 867 Curu
788 811 917 867 sederem
938 810 994 866 oti-

166 881 287 952 quando
301 881 333 935 in
349 896 413 937 corr.

202 955 235 1077 lln
250 950 444 1075 Egelesiesten
459 951 562 1008 homil.
579 955 644 1019 XVI,
667 952 718 1009 lib.
734 970 752 1008 l.
770 954 842 1021 Oua
854 952 890 1009 de
918 951 994 1007 libro

164 1022 370 1175 §zizaniae
385 1093 580 1162 canticoram,
596 1094 647 1151 lib.
664 1112 683 1151 1.
699 1096 736 1150 ln
751 1095 901 1164 principio
915 1095 995 1151 tabo

166 1180 234 1290 mla
248 1235 380 1292 Thronos
394 1235 537 1303 Ieremias,
553 1235 605 1294 Iilr.
622 1255 640 1293 ι.
657 1236 805 1303 Quomodo
820 1236 909 1302 sedet,
926 1240 993 1306 ote,

167 1313 312 1378 quaedum
325 1307 373 1362 ad.

202 1379 233 1431 ln
261 1375 445 1432 Hierarchins
474 1376 615 1451 Dionysii,
631 1377 682 1434 lib.
697 1395 753 1436 xrs.
781 1379 881 1435 dutteei
907 1379 993 1449 signo

165 1454 343 1574 qttssug'tfgtgde
359 1521 488 1584 Petram,
502 1518 554 1574 lib.
571 1537 590 1576 1.

202 1592 242 1645 lle
257 1589 576 1717 perpetuavirgmitate
593 1593 621 1649 S.
633 1591 738 1659 uano,
754 1591 805 1649 lib.
821 1610 839 1648 1.

204 1662 320 1733 Super.
338 1660 488 1730 agnrfieat,
505 1659 556 1717 hh.
568 1679 586 1718 r.

203 1733 297 1804 Super
310 1733 382 1788 Tota
392 1730 528 1800 putetrro
543 1748 582 1803 es,
597 1732 648 1788 lib.
665 1751 683 1789 1.

203 1804 242 1859 Ile
254 1818 361 1884 amore·
372 1802 478 1882 Sponsi
491 1806 518 1904 et
532 1805 665 1929 spenser,
682 1803 764 1860 lih.1.
786 1877 792 1887 ι
969 1876 974 1886 ,

202 1875 243 1929 lle
255 1874 404 1930 medicina
414 1889 532 1942 ammes,
568 1875 597 1930 b.
612 1892 630 1931 1.
642 1876 738 1932 Homo
751 1890 954 1932 microcosmos
963 1876 994 1930 ed

167 1948 242 2071 esIIe
255 2014 456 2082 meditatione,
469 2013 521 2071 lib.
536 2032 554 2071 ι,
570 2016 724 2074 Meditotio
734 2024 776 2074 est
786 2020 938 2088 frequens.

202 2088 244 2169 [le
258 2086 463 2142 lnoarnatione
489 2085 585 2155 Verbi,
599 2087 650 2144 lilr.
667 2105 685 2145 1.
716 2090 843 2156 Quidam
866 2091 992 2158 luerunt

167 2172 243 2284 tufi-e
258 2227 403 2300 sapientia
417 2227 531 2294 Christi
556 2229 608 2285 lib.
625 2247 643 2286 1.
662 2230 802 2297 (inieritis
830 2231 866 2287 de
880 2232 991 2288 animo.

202 2301 243 2355 Ile
266 2298 396 2354 vanitate
419 2299 535 2368 manili,
550 2300 601 2358 lib.
618 2304 675 2358 r.0
698 2302 808 2358 arunde
831 2303 992 2371 irnrrrunde,

167 2372 243 2496 etclla
258 2439 425 2496 substantia
437 2439 611 2508 dilectionis,
625 2442 677 2498 lib.
693 2460 711 2498 1.

202 2513 243 2567 [le
258 2514 372 2583 septem
388 2509 475 2566 donis
491 2512 614 2585 Spiritus
630 2513 734 2582 saneti,
749 2513 801 2570 lib.
813 2531 831 2571 r.
932 2528 935 2535 ’

202 2584 243 2638 [le
254 2581 422 2653 discipliua,
438 2581 488 2638 lib.
505 2599 523 2638 1.

202 2656 235 2708 ln
248 2650 381 2725 quiaque
390 2651 482 2708 libros
492 2653 593 2726 Moysi,
604 2653 656 2710 lib.
673 2672 691 2710 1.

202 2726 243 2780 De
257 2721 405 2796 mysteriis
417 2722 563 2790 Ecclesiae,
587 2724 639 2780 lib.
654 2741 672 2781 ι.

167 2798 244 2923 miltII
272 2793 376 2867 spiritu
401 2798 429 2850 et
455 2793 566 2861 anima,
591 2795 644 2852 lib.
670 2813 688 2851 1.
713 2796 790 2863 (luia
811 2797 924 2853 dietum
951 2803 993 2854 est

1047 315 1184 369 sitarum.

1085 387 1123 440 lle
1138 382 1396 456 contemplatione,
1413 383 1464 438 lib.
1481 382 1666 508 aspiritalis
1682 382 1804 454 elorreini,
1819 388 1874 440 ete.

1084 454 1281 527 Epistularum
1297 455 1336 510 ad
1350 455 1492 521 diversos,
1509 453 1560 508 li).
1578 469 1596 509 1.
1632 477 1633 480 ¹

1085 528 1242 583 Sermones
1256 525 1345 581 etiam
1358 524 1527 596 composuit
1539 523 1649 605 plures,
1666 523 1877 581 etaliosdisor-

1049 613 1097 652 sos
1111 595 1269 669 variosque
1285 599 1435 652 tractulus.
1454 594 1562 652 Clarart
1577 594 1634 649 sub
1647 595 1772 651 Henrieo
1783 596 1877 669 Impe-

1048 666 1364 739 1·atorequiato,anno
1379 665 1496 721 Domini
1514 669 1590 721 1130.

1048 738 1307 808 PnutusLonptus
1321 739 1470 808 Cgprreeus
1485 735 1648 792 morracios
1676 738 1876 795 Basoretensis

1296 811 1327 864 in
1341 809 1481 864 cleanteo
1495 807 1643 863 Cilizensi.

1084 879 1196 935 Eodem
1210 883 1342 951 tempore
1357 879 1443 947 Ilugo
1456 879 1492 934 de
1509 881 1615 935 Sancto
1622 879 1745 943 Victore,
1755 880 1875 935 natione

1049 952 1137 1017 Saxo,
1153 949 1268 1005 Parisiis
1282 949 1395 1015 claruit,
1403 949 1455 1023 qui
1469 949 1508 1005 oh
1523 949 1664 1005 eximiam
1680 951 1876 1006 eruditionem

1048 1025 1075 1077 et
1082 1021 1301 1093 Serlptararum
1307 1021 1473 1076 doctrinam
1480 1020 1552 1076 alter
1558 1020 1810 1089 August-inumera
1821 1038 1876 1076 sno

1048 1096 1181 1164 tempore
1197 1096 1240 1147 est
1253 1090 1382 1148 habitus.
1398 1093 1437 1146 Et
1446 1098 1514 1161 post
1528 1107 1628 1161 parrae
1640 1091 1793 1148 :Tandem
1809 1098 1877 1164 past

1048 1163 1156 1218 uberes
1172 1161 1391 1235 Serlptararum
1404 1161 1522 1218 labores
1536 1163 1566 1218 in
1581 1161 1707 1217 Domino
1736 1162 1829 1219 vitam
1844 1164 1877 1218 li-

1048 1234 1130 1297 niail,
1147 1249 1217 1288 eum
1231 1233 1378 1304 ejusmodi
1394 1233 1559 1289 tumulatas
1571 1233 1741 1305 epitaphio:

1049 1322 1197 1378 Conditor
1211 1321 1265 1377 troc
1289 1323 1404 1377 tumulo
1419 1322 1523 1378 doctor
1538 1321 1746 1377 celeberrimus
1768 1323 1878 1392 liupo,'

1102 1396 1192 1460 Quem
1208 1392 1303 1449 breuis
1318 1394 1461 1448 eximium
1476 1394 1605 1448 eorrtinet
1622 1408 1700 1447 urna
1714 1393 1821 1449 airum.

1065 1465 1211 1534 Dogmote
1221 1465 1402 1533 praecipuus,
1425 1464 1561 1535 stultique
1574 1463 1721 1519 secundus
1735 1464 1765 1519 in
1778 1464 1856 1520 orire.

1103 1536 1222 1592 Cluruit
1235 1536 1364 1606 impertio,
1378 1535 1519 1606 moribus,
1534 1549 1594 1606 ore,
1609 1535 1697 1603 style.

1047 1642 1151 1698 Status
1165 1643 1302 1698 Senensis
1314 1642 1352 1698 de
1364 1642 1531 1711 scripturis
1547 1648 1573 1697 et
1589 1641 1784 1710 scriptoribus
1799 1643 1875 1697 [tirri-

1243 1714 1289 1769 nis
1313 1714 1471 1785 utriusque
1492 1713 1679 1770 Testamenti.

1084 1803 1169 1872 lingo
1183 1801 1347 1858 Victorinus
1362 1817 1415 1857 seu
1429 1802 1465 1857 de
1482 1804 1589 1859 Sancto
1617 1801 1739 1864 Victore,
1754 1800 1873 1856 natione

1049 1876 1136 1939 Saxo,
1148 1873 1525 1943 eanonicusriugustiniani
1549 1872 1683 1941 iustituti,
1712 1871 1807 1928 abbas
1819 1889 1876 1926 eu·-

1048 1944 1131 2001 nolrii
1145 1947 1175 2002 B.
1191 1944 1312 2000 Victoris
1327 1943 1516 2009 Parisiorum,
1539 1943 1582 1999 alr
1597 1942 1768 1999 divmarum
1779 1947 1806 1998 et
1820 1943 1875 1997 lra-

1048 2031 1207 2071 manaram
1221 2015 1384 2071 litterarum
1398 2015 1544 2088 exquisita
1559 2014 1724 2071 erudilione
1751 2012 1875 2069 clarissi-

1048 2103 1125 2153 mas,
1138 2091 1166 2142 ot
1176 2085 1479 2154 Augustinideotrinre
1491 2102 1525 2141 ao
1531 2086 1675 2159 phraseos
1691 2101 1786 2156 usqae
1799 2084 1874 2139 adeo

1048 2156 1213 2224 inmolator,
1225 2161 1258 2212 ut
1269 2156 1425 2226 Augustini
1438 2157 1541 2221 liugua
1550 2157 1734 2211 eruditorum
1746 2155 1791 2211 sui
1801 2159 1875 2210 tenr-

1048 2228 1129 2302 poris
1143 2228 1252 2296 adagio
1267 2227 1363 2283 dietas
1378 2226 1423 2283 sit.
1441 2227 1562 2297 Collegit
1576 2227 1623 2283 hie
1636 2244 1673 2282 ex
1688 2226 1811 2282 lectione
1826 2243 1875 2281 ve·

1049 2305 1145 2355 teram
1156 2298 1476 2371 Patrrrm,etpraeeIpae
1489 2297 1645 2369 Augustini
1659 2298 1690 2352 ln
1701 2297 1874 2352 universam

1047 2370 1154 2426 diriore
1169 2370 1325 2442 Scriptores
1352 2385 1461 2442 corpas
1485 2386 1631 2438 magnam
1658 2367 1873 2440 opusculorum

1047 2457 1218 2508 nnmerum,
1233 2446 1287 2496 ete.
1297 2439 1407 2498 claruit
1429 2441 1485 2496 sub
1498 2440 1623 2496 Henrioo
1649 2439 1827 2511 imperatore
1840 2441 1871 2507 V,

1047 2528 1128 2568 anno
1141 2511 1258 2569 Domini
1273 2515 1350 2567 1¹30.

1047 2584 1191 2653 Papirius
1203 2584 1357 2639 Massonus
1370 2582 1537 2639 Annalium
1564 2582 1752 2640 Francorum
1767 2581 1817 2637 tio.
1832 2597 1871 2648 111,

1297 2655 1489 2710 inLudouieo
1506 2655 1622 2709 Crasso.

1084 2726 1169 2795 Ilugo
1182 2724 1351 2780 Gildninum
1366 2723 1487 2780 Victoris
1502 2725 1682 2780 monasterio
1699 2723 1737 2781 alr
1751 2740 1781 2778 se
1796 2739 1872 2778 exm-

1047 2796 1168 2851 ditieato
1182 2795 1407 2868 praeficiendum
1422 2799 1553 2862 curarat,
1569 2795 1648 2850 unde
1663 2794 1746 2852 brevi
1774 2795 1871 2862 Ilugo,

1048 2866 1222 2931 Richardus‚
1247 2866 1389 2933 Adamas,
1419 2865 1527 2938 aliique
1547 2865 1721 2922 excellentes
1742 2862 1873 2935 theologi

203 2940 243 2994 De
258 2937 390 2994 oratione
403 2934 563 3004 dominica,
578 2935 630 2993 Iih.
641 2953 670 2993 n,
696 2937 813 3007 Septem
825 2942 895 2994 sarit
917 2939 993 3007 peti·
1012 2937 1193 3009 cprodIere,
1206 2952 1335 3008 quorum
1363 2936 1539 2993 immortalis
1567 2937 1604 2992 sit
1630 2937 1723 3007 glorIa
1750 2951 1873 2993 neeesse

167 3009 270 3067 tiones.

202 3083 243 3136 De
255 3077 450 3146 confessione,
465 3076 517 3133 lib.
530 3094 549 3133 1.
563 3078 650 3134 Sotus
664 3078 866 3152 solitudinem,
881 3084 935 3138 etc.

203 3155 236 3207 In
249 3149 428 3207 Ezechielem
440 3149 629 3222 prophetam,
642 3149 692 3206 lib.
709 3167 727 3205 ι.

203 3221 339 3296 Epitomn
351 3219 557 3346 philosophiae,
572 3219 623 3302 lib.
635 3238 653 3277 1.

204 3297 235 3350 ln
247 3294 397 3366 quosdam
411 3307 467 3365 psa
479 3307 555 3358 mos,
570 3291 621 3348 lib.
638 3309 657 3348 1.

202 3366 243 3421 De
258 3364 369 3437 nuptiis
382 3367 410 3418 el
419 3362 668 3434 concupiscentia,
679 3363 731 3420 lib.
745 3381 764 3420 ι.

203 3438 243 3491 lle
257 3441 365 3490 natura
379 3433 430 3489 llei
444 3432 580 3505 simplici,
593 3433 644 3489 lib.
656 3451 674 3489 1.

203 3507 243 3630 {le
255 3503 361 3575 trIpliei
375 3503 523 3558 voluntate
536 3502 566 3557 In
582 3503 705 3570 Christo,
720 3502 772 3559 lib.
787 3521 804 3559 ι.
820 3505 933 3572 Quereris
955 3506 992 3561 de

167 3584 202 3634 v'o
217 3580 330 3631 uirtute.

202 3648 243 3703 Do
265 3646 407 3717 potestate
428 3645 457 3698 et
467 3643 687 3712 volantatelloi,
699 3642 750 3700 lib.
767 3661 786 3714 1,
803 3646 943 3713 Qunmtis
956 3647 993 3704 de

187 3723 318 3774 otestate.

161 3732 242 3844 pile
257 3803 342 3843 sacra
359 3786 517 3858 Serlptara,
532 3784 583 3842 lib.
600 3802 629 3842 u.
646 3787 796 3843 Lectorem
819 3788 991 3845 diuinarum

165 3859 403 3930 Scripturorum.

1046 3014 1098 3064 est.

1151 3079 1303 3135 Baronius
1316 3079 1483 3136 Arruntium
1508 3084 1528 3134 t.
1542 3079 1579 3141 X,
1593 3094 1673 3135 aritio
1686 3081 1762 3135 llio.

1081 3149 1191 3206 Eodem
1201 3166 1332 3222 quoque,
1348 3150 1423 3206 sicat
1434 3149 1551 3232 pietate,
1562 3149 1603 3205 ita
1617 3155 1646 3205 et
1655 3148 1873 3221 electrinaprar-

1045 3221 1178 3287 stantior,
1192 3221 1297 3277 eahae
1325 3221 1385 3277 vita
1408 3225 1518 3290 migret
1541 3221 1627 3287 llago
1646 3220 1683 3275 de
1709 3222 1816 3276 Sancto
1827 3221 1873 3275 Vi·

1045 3291 1345 3420 ptoreceleberrImas
1357 3292 1470 3360 doctor,
1492 3291 1577 3362 cujas
1597 3291 1733 3365 superius
1759 3289 1871 3347 mentio

1057 3366 1186 3428 actaesl.

1100 3435 1222 3490 (labriet
1233 3435 1384 3491 Pennotus
1400 3434 1448 3490 tib.
1460 3451 1489 3505 a,
1506 3449 1571 3504 cap.
1588 3438 1632 3506 33,
1650 3434 1695 3489 leis
1710 3433 1814 3490 uerbis.

1081 3505 1192 3561 Tertius
1200 3505 1240 3560 ibi
1250 3505 1420 3561 reconditur
1429 3505 1534 3560 heatus
1547 3506 1642 3572 lingo,
1651 3503 1771 3561 natione
1781 3506 1869 3570 Saxo,

1045 3576 1099 3632 sed
1113 3575 1206 3632 eloco
1221 3576 1412 3648 professionis
1426 3576 1463 3631 de
1476 3577 1583 3632 Sancto
1593 3576 1705 3632 Victore
1715 3590 1872 3647 nuncupa·

1046 3653 1103 3714 tus,
1132 3645 1283 3716 religione,
1308 3665 1343 3703 ac
1366 3646 1501 3702 ‹loenina
1525 3647 1575 3703 toti
1598 3646 1662 3702 orbi
1685 3645 1869 3712 notissimus,

1078 3734 1137 3774 rem
1147 3733 1208 3773 non
1224 3720 1268 3774 est
1278 3717 1405 3774 dubium
1417 3718 1493 3774 inter
1507 3717 1611 3774 beatos
1625 3734 1689 3774 esse
1712 3733 1873 3773 numeran-

1067 3806 1130 3857 um,
1147 3804 1216 3843 cam
1231 3788 1268 3845 de
1283 3788 1333 3845 illo
1347 3789 1479 3845 scribant
1490 3787 1657 3845 Vincentius
1677 3794 1705 3846 et
1719 3805 1755 3844 ex
1765 3788 1814 3845 illo
1827 3787 1872 3843 di-

1045 3877 1101 3917 vas
1113 3858 1290 3932 Antoninus,
1303 3859 1385 3917 titulo
1400 3864 1441 3916 tu.
