3832 6044
105 129 159 189 cir
763 105 859 168 auco
879 104 925 168 oa
945 104 975 166 a.
996 99 1156 164 merom.
1758 108 1820 156 ciri

221 236 362 309 Ejusdem
372 236 414 295 ad
428 237 565 294 tectorem
579 230 824 291 Dodccasticlroa.

105 345 173 403 Acci
196 345 358 418 ejucunda
371 342 506 418 praeclari
522 342 616 396 fronte
631 336 764 408 magistri

186 416 292 487 ugonis
306 431 453 485 magnum
479 410 604 468 candide
617 409 717 475 lector,
732 423 818 480 opus.

106 491 242 544 Errantes
255 491 383 554 revocat,
399 456 498 540 lociles
514 481 596 563 regit,
609 480 702 561 irritat
716 479 800 546 altos,

159 558 269 615 Edoeet
283 561 419 624 attentos,
431 552 626 625 nobilitetque
642 567 718 624 pios.
802 619 807 630 Ι

107 632 137 684 ln
153 629 291 686 tenebras
306 626 464 683 hominum
479 623 593 681 clarum
609 638 704 691 genus
718 624 887 687 exteriores,

160 699 280 756 Nullum
292 696 390 755 laliaci
402 695 526 753 sustinet
539 695 580 752 ire
596 695 654 752 via.

107 770 182 835 Quin
198 772 226 824 et
239 772 382 841 perpetuo
398 767 528 824 solidum
540 766 593 824 dat
603 769 737 848 tempore
749 763 868 845 partum

159 838 298 913 Quisquis
311 838 351 895 ad
364 839 529 911 incaeptum
544 839 759 895 concomitatur
771 837 834 890 iter.

106 911 251 976 Quianam
266 914 359 979 grato,
376 924 491 982 precor,
508 908 601 964 divini
620 921 747 964 munera
760 909 851 960 nutus

158 984 236 1039 llens
251 986 369 1038 contem
392 980 509 1037 lotionis
524 997 537 1035 s
560 978 728 1037 lendidiora
741 974 845 1050 cupit?

105 1054 182 1123 Ergo
193 1052 356 1125 doctiloqui
394 1052 485 1121 'gesta
498 995 653 1108 rollimina
665 1048 756 1105 Patris

157 1124 264 1198 Accipe
279 1124 420 1180 Virtutem
433 1122 667 1196 praesidiumque
687 1119 790 1176 terent.

104 1241 139 1297 F.
155 1239 310 1297 Francisct
323 1239 420 1309 Griui,
434 1239 520 1308 cujus
533 1243 596 1294 erat
611 1235 700 1300 illud,
715 1233 853 1304 Fulgura,
863 1237 932 1304 ete,

147 1312 188 1367 ad
202 1312 339 1367 cotiarum
352 1310 569 1380 voluntatisque
583 1313 746 1377 auctorem,
760 1320 892 1362 carmen.

104 1421 279 1544 Estectata
293 1417 345 1473 diu
357 1417 477 1490 proavis
492 1416 677 1473 monimenta
692 1413 824 1495 sepultis,

105 1489 160 1555 Qui
195 1505 305 1557 rerum,
321 1490 462 1556 obtestor,
476 1487 569 1544 tenuit
582 1502 638 1543 ros
650 1485 753 1543 abdita
765 1485 835 1540 solis

950 231 974 286 li
989 225 1216 298 Grammaticus,
1233 223 1342 292 rhetor,
1359 224 1534 294 geometres,
1550 219 1654 293 pictor,
1671 216 1787 292 aliptes,

1041 303 1151 369 hugar,
1167 300 1196 354 et
1210 300 1358 354 astrorum
1373 293 1511 351 conscius
1525 291 1588 364 ipse
1604 287 1728 361 sophus.

989 374 1065 427 later
1077 385 1129 426 eos
1143 385 1221 441 quos
1236 368 1317 424 lama
1332 364 1437 439 procul
1451 362 1570 420 devexit
1583 362 1615 417 in
1625 360 1730 417 orbem

1041 440 1165 497 Proemia
1178 438 1306 495 victricis
1320 437 1418 509 prima
1432 435 1520 491 relert
1533 433 1661 489 hederae.

988 513 1085 579 Quam
1094 527 1216 585 quoque
1226 507 1380 566 communi
1391 506 1529 575 vulgares
1536 520 1610 561 socc
1618 502 1816 576 nequentant,

1041 582 1137 656 ipsius
1152 596 1311 653 nunquam
1326 578 1409 636 lama
1444 577 1518 634 crire
1531 578 1638 649 potest.
1666 643 1671 655 Ι

988 657 1141 725 ingentem
1157 657 1283 708 eeternos
1299 649 1340 705 sic
1354 649 1406 707 lau
1428 664 1476 705 em
1490 649 1652 704 estractus
1664 660 1695 701 in
1721 660 1818 702 annos

1040 727 1119 781 AEtas
1132 739 1226 795 quam
1239 720 1333 777 saeclis
1347 719 1449 777 tollere
1463 719 1546 775 nulla
1561 720 1661 790 queat.

989 795 1065 861 Quin
1078 793 1178 867 potius
1191 792 1278 849 claris
1290 792 1375 862 Hugo
1388 790 1535 847 scribatur
1544 787 1683 858 icastris,

1042 868 1076 922 Et
1090 864 1205 921 celebre
1219 864 1277 920 hoc
1289 877 1402 920 nomeu
1417 861 1529 931 fulgeat
1543 863 1612 917 ante
1624 861 1729 915 Deum.

990 935 1038 1003 Sit,
1052 935 1120 992 licet
1133 935 1159 991 is
1169 938 1271 991 nostra
1282 934 1405 991 tandem
1419 933 1539 1004 regione
1552 935 1696 1001 remotus,

1040 1010 1177 1063 Attamen
1193 1005 1344 1062 excelsum
1358 1020 1440 1061 nunc
1452 1004 1533 1073 riget
1542 1007 1611 1059 ante
1627 1003 1731 1056 Deum.

987 1078 1052 1134 Vita
1063 1078 1156 1150 patris
1167 1078 1273 1133 merito
1286 1075 1420 1145 Hugonis
1432 1075 1572 1132 laudatur
1590 1073 1725 1138 honesto,

1042 1150 1093 1206 Cui
1108 1148 1223 1222 superis
1237 1148 1323 1220 lapsa
1335 1151 1380 1204 est
1392 1146 1487 1216 gratia
1499 1160 1612 1213 magno
1625 1142 1707 1198 locis.

989 1220 1046 1287 Qui
1058 1221 1139 1293 cupit
1153 1219 1282 1276 auctoris
1297 1234 1401 1274 sensus
1416 1217 1535 1273 haurire
1548 1213 1677 1288 probati,

1041 1291 1150 1348 Rimari
1165 1291 1223 1347 hoc
1234 1290 1352 1346 studeat
1364 1305 1426 1345 non
1437 1288 1520 1361 piger
1532 1285 1695 1413 ingenium.

988 1360 1063 1418 illud
1078 1367 1106 1419 et
1120 1366 1165 1418 est
1178 1361 1275 1434 pomis
1290 1364 1319 1417 ot
1332 1361 1427 1417 odoro
1441 1361 1513 1415 tiore
1527 1373 1558 1414 re
1572 1361 1681 1429 ertum,

1041 1432 1103 1489 Hoc
1116 1433 1207 1489 liobet
1222 1436 1250 1489 et
1262 1431 1375 1488 fructus
1389 1429 1526 1487 Pallados
1541 1427 1667 1484 eximiae.

987 1508 1163 1561 innumeras
1176 1503 1263 1560 mittit
1276 1508 1396 1559 sanctus
1412 1507 1439 1559 te
1452 1499 1589 1557 Victoria
1604 1515 1683 1556 oras.

103 1559 286 1632 iampridem
297 1560 406 1616 exacds
419 1560 433 1615 ‘t
446 1574 515 1632 quie
529 1573 590 1614 nox
603 1557 736 1628 caligare
750 1559 864 1643 vestros
951 1583 971 1636 B
1042 1578 1076 1632 g,
1087 1579 1178 1649 queat
1188 1574 1297 1630 eximio
1306 1588 1430 1629 munere
1445 1571 1572 1645 quisque
1587 1570 1655 1637 frui,

105 1628 238 1687 Occuluit
250 1631 348 1687 vultus
360 1632 374 1686 t
393 1629 530 1703 nunquid
544 1632 671 1703 pertaesa
685 1627 779 1684 fuistis

104 1705 199 1774 Atque
212 1702 387 1784 peregrinos
402 1700 527 1757 fortasse
539 1700 630 1756 oblita
644 1702 768 1772 penates
782 1698 796 1752 l

104 1775 126 1828 0
140 1773 342 1829 studiosorum
357 1787 426 1846 spes
438 1772 528 1828 unica
539 1771 713 1843 deliciaeque

102 1846 168 1900 lam
182 1843 377 1917 paradisiacis
391 1858 521 1899 vernans
535 1842 566 1897 in
581 1841 712 1906 sedibus,
729 1839 807 1896 alme

103 1915 199 1985 Hugc,
214 1915 271 1971 tuis
285 1915 407 1970 tandem
416 1914 503 1970 liccat
517 1913 671 1985 spoliarier
685 1911 788 1967 hortis.

102 1987 229 2058 Auspice
242 1989 269 2041 te
282 1984 367 2041 liceat
382 1983 516 2040 salientia
529 1988 651 2052 tongere
665 1981 754 2038 fontis

105 2054 240 2112 Flumina
254 2055 371 2125 signati,
384 2070 553 2128 vernasque
568 2069 724 2135 excerpere
737 2054 834 2109 liores.

104 2126 202 2182 Primo
216 2131 316 2183 tomen
329 2141 365 2182 ca
387 2125 418 2182 iti
430 2126 574 2182 referatur
589 2130 684 2195 gratia
699 2124 824 2182 Cliristo.

103 2201 126 2252 Α
139 2202 257 2270 quaest
272 2141 501 2267 omnephonum,
516 2197 601 2267 cujus
616 2195 777 2269 spiramine
789 2194 862 2251 tanti

104 2270 232 2341 lampas
247 2267 369 2337 fulgoris
383 2267 539 2341 quondam
552 2266 761 2324 tantummodo
775 2266 879 2322 lucens

104 2342 171 2412 lpsa
181 2339 247 2411 sitii,
263 2339 404 2413 deinceps
416 2338 527 2396 lucebit
541 2338 571 2394 in
586 2337 668 2395 orbe.

173 2464 340 2520 ascensius
352 2465 393 2520 ad
403 2466 560 2536 Heronem
573 2464 609 2519 de
624 2463 762 2533 operibus
772 2464 846 2533 ejtis.

104 2571 189 2639 Hugo
203 2570 312 2627 domus
328 2570 451 2626 celebris
463 2568 523 2626 diri
540 2568 661 2626 Victoris
675 2568 806 2626 alumne.

156 2645 302 2766 interpres
317 2641 431 2766 sophiae
445 2641 567 2714 duxque
582 2640 706 2713 probate
722 2656 824 2707 sactae,

104 2712 224 2768 Divinos
247 2712 336 2768 aticcs
360 2714 501 2767 iaustose
517 2716 636 2784 pectora
650 2710 753 2768 Christi

156 2784 278 2839 Pectora
292 2783 471 2839 Christicolae
485 2781 585 2838 fundis
598 2781 628 2837 in
640 2781 701 2838 ima
716 2781 809 2837 chori.

103 2853 298 2910 incontinenti
314 2853 414 2910 radios
429 2852 491 2910 acie
504 2852 681 2926 Hyperionis

155 2922 318 3049 ninciens,
335 2924 396 2981 ales
409 2924 541 2981 nosceris
556 2940 620 2980 esse
633 2922 722 2980 lovis.

101 2994 187 3050 Proin
212 3010 295 3052 esuo
309 2995 380 3052 nido
396 3000 422 3051 te
437 2995 542 3053 Christi
556 2993 674 3051 enutriit
689 2992 750 3050 ales

156 3068 190 3122 Ut
205 3082 319 3123 reseces
334 3067 385 3124 alti
400 3067 526 3149 mystico
541 3065 687 3140 principii.

103 3136 178 3201 Quin
191 3137 280 3194 etiam
292 3137 396 3209 magui
409 3138 510 3195 divina
524 3136 678 3193 volumina
691 3133 777 3192 ltosis

156 3211 313 3279 Exponeus
328 3226 418 3267 seusu
432 3207 622 3283 prosequeris
634 3205 755 3279 duplici.

100 3278 238 3335 iudicum
251 3280 321 3336 item
335 3286 364 3337 et
375 3284 489 3351 Regum
499 3279 634 3336 declaras
647 3281 729 3348 gesto
739 3291 893 3333 sacrorum

154 3353 187 3406 Et
202 3351 334 3434 tripodas
349 3357 453 3410 ratum
477 3348 927 3429 Psalmograpliumqnelmelos.

100 3419 231 3478 'lhrenos
247 3425 360 3490 retices,
374 3439 428 3479 nec
442 3422 545 3479 clausa
559 3420 747 3493 problemata
761 3434 839 3489 regis

154 3492 279 3560 Pacifici,
296 3493 382 3573 cujus
397 3492 501 3548 concio
516 3508 627 3548 nomen
639 3490 739 3547 habet.

101 3560 182 3616 ldein
196 3563 345 3630 Evangelii
361 3563 440 3619 Pauli
465 3579 501 3617 ne
515 3563 676 3631 {enigmata
691 3559 808 3616 solvens

155 3635 186 3687 ln
202 3633 380 3705 Dionysiaca
394 3649 432 3706 pc
472 3633 513 3688 eis
527 3648 595 3689 aree
612 3635 738 3688 tomum.

99 3703 201 3770 llores,
218 3703 355 3769 claustra,
372 3719 486 3776 preces,
497 3702 624 3770 animas,
636 3717 732 3773 arcae,
749 3700 926 3771 animantes,

153 3775 239 3830 Gesta
254 3779 283 3830 et
295 3792 448 3833 sermones
462 3789 534 3831 mox
546 3779 645 3830 tomus
660 3773 732 3828 alter
745 3773 845 3831 habel.

98 3844 289 3917 'templorum
304 3846 386 3913 silue,
402 3846 558 3901 doctorum
574 3860 672 3911 sonsa,
689 3859 789 3900 sacras
800 3859 846 3899 res

153 3918 227 3972 Cum
238 3917 430 3973 sacramentis
445 3915 546 3974 tertius
562 3916 636 3971 ordo
649 3918 727 3971 tenet
741 3932 747 3971 :
857 3931 865 3943 ·

99 3986 215 4054 Omnia,
228 4004 296 4060 quie
310 3986 429 4060 presul,
443 3987 505 4044 dux
518 3991 547 4044 ot
561 4001 617 4060 par
632 3985 837 4056 lingoniensis

152 4060 236 4113 Curre
250 4059 340 4114 liabet
354 4062 382 4115 ct
395 4057 477 4115 nullo
491 4059 579 4116 dente
593 4057 690 4132 perire
705 4057 788 4116 sinet.

98 4184 147 4239 ild
160 4185 279 4242 landem
294 4187 424 4242 attctorts
439 4186 692 4243 mercabimur
711 4187 857 4242 Victorini
870 4202 926 4243 crr-

187 4257 296 4312 nobitoe
310 4258 424 4313 ordinis
438 4258 500 4314 diet
517 4258 683 4330 Augustini
696 4272 827 4313 carruca.

98 4363 223 4421 llorrida
237 4364 365 4422 labentis
377 4365 429 4439 qui
444 4365 508 4422 vult
522 4364 696 4422 discrimino
710 4364 777 4420 ritca

151 4435 281 4500 Vincere,
296 4436 342 4492 rel
355 4441 467 4493 rectam
479 4437 563 4492 lictus
579 4435 661 4492 odire
673 4434 753 4491 viam
766 4452 774 4496 ι

97 4507 131 4561 Et
166 4505 195 4561 ui
209 4507 381 4564 stelliferam
392 4508 502 4563 summi
517 4508 589 4588 petit
599 4505 716 4562 artlieris
729 4506 825 4561 cedem

162 4578 309 4646 'conitere
323 4581 374 4653 qui
390 4579 458 4635 celsi
474 4578 574 4634 lucida
586 4582 663 4634 tecto
677 4576 737 4649 poli
754 4594 760 4632 :

97 4648 252 4704 Gressilius
267 4649 336 4706 huic
350 4649 436 4705 lentis
451 4649 574 4704 festinus
590 4648 671 4704 odito
686 4648 818 4717 remotis,

151 4719 212 4775 Hoc
225 4736 243 4774 0
267 4737 302 4774 us
316 4720 356 4774 od
368 4725 506 4775 sanctum
518 4719 652 4800 pervolet
667 4723 696 4774 et
710 4719 852 4776 studium.

98 4789 227 4862 Quidqui
263 4789 376 4845 habent
388 4805 480 4846 sacrae
495 4789 597 4846 divina
612 4788 767 4847 volumina
778 4789 861 4861 legis,

152 4859 181 4914 ld
197 4859 279 4915 miris
296 4859 425 4915 modulis
441 4860 532 4916 hocce
548 4864 681 4917 recenset
694 4877 782 4943 opus.

96 4932 146 4986 Est
160 4945 237 5003 opus
250 4929 307 4985 hoc
321 4929 445 4998 clarum,
462 4936 590 5000 gratum,
606 4931 767 5000 laudabile,
783 4936 895 4988 tersum

151 5003 215 5067 Quo
227 4999 330 5056 vitium
340 5001 416 5057 lecto
431 5001 550 5073 longius
562 5018 651 5059 omne
667 5002 752 5074 fugit.

95 5074 189 5128 Aures
200 5072 335 5153 [eareat]
346 5072 512 5146 tranquillas
527 5079 711 5132 monstratur
723 5074 829 5132 semita
846 5074 922 5131 vitae.

150 5143 192 5199 l'it
205 5158 254 5198 via
266 5147 328 5199 tom
341 5143 422 5201 claro
436 5144 549 5201 lumine
564 5150 627 5203 tuta
640 5145 702 5202 tibi.

94 5212 215 5270 iustitiae
228 5229 313 5270 sacra
326 5215 394 5285 jura
408 5216 495 5272 decet
509 5216 620 5289 quihus
632 5217 690 5272 itur
704 5216 734 5272 in
751 5216 857 5273 altum.

148 5289 214 5341 ltrte
230 5301 284 5341 suo
298 5286 403 5342 Christi
417 5287 560 5343 scandere
574 5303 667 5357 regna
679 5287 774 5343 docet.

94 5355 158 5420 Non
173 5354 303 5411 liominis
316 5373 388 5413 sane
398 5358 532 5414 mortalis
544 5357 623 5412 lilius
636 5356 684 5412 ille

147 5426 244 5493 Hugo,
262 5427 314 5482 sed
325 5428 395 5484 divo
406 5429 519 5485 semine
534 5431 632 5483 cretus
646 5429 718 5483 erat.

94 5498 252 5568 Promptus
266 5497 293 5552 ei
305 5513 413 5570 sermo,
428 5499 543 5556 cunctis
553 5497 709 5554 torrentior
722 5497 821 5558 undis.

97 5565 102 5583 ¹
148 5570 242 5641 AEquo
256 5567 342 5642 tides,
356 5586 411 5631 nee
424 5585 485 5628 uon
496 5567 656 5643 relligionis
667 5584 762 5643 amor,
817 5576 819 5579 ’

987 1645 1113 1714 ldeeus,
1129 1661 1276 1727 oregum,
1304 1648 1423 1724 vastum
1445 1647 1681 1723 transcurrepcr
1696 1639 1812 1696 orbem.

1040 1717 1177 1775 instituas
1191 1714 1307 1774 Domini
1319 1720 1447 1789 mystica
1460 1713 1572 1787 templa
1584 1717 1636 1770 tui.

986 1899 1035 1953 Ad
1043 1911 1114 1954 saite
1128 1897 1452 1953 reverendumPatrem
1466 1899 1494 1950 ct
1504 1893 1656 1949 dominum
1672 1894 1708 1948 I).
1724 1893 1817 1947 Joca-

955 2022 964 2034 ,
1021 1984 1087 2024 uera
1102 1968 1294 2024 Bordicrium
1309 1967 1339 2022 S.
1354 1968 1478 2022 Victoris
1488 1981 1570 2022 secus
1581 1980 1681 2020 mures
1692 1964 1814 2027 Parisii,

1021 2040 1283 2110 uigilantissimum
1311 2039 1465 2095 Pastorem
1504 2037 1614 2107 fratris
1645 2035 1818 2090 llaliuriui

1021 2111 1143 2167 Lucrini
1154 2110 1334 2167 Parisieusis
1348 2110 1479 2180 eiusdem
1495 2109 1552 2164 loci
1579 2106 1700 2163 isaaritis
1725 2121 1816 2162 curra-

1023 2183 1233 2240 ettacarmen.

985 2326 1071 2384 Alma
1083 2331 1167 2382 tuum
1183 2324 1259 2381 sacri
1275 2342 1289 2380 s
1311 2323 1439 2380 iromina
1453 2320 1573 2396 pertulit
1585 2320 1676 2377 austri

1038 2401 1152 2466 Pectus,
1173 2401 1202 2453 et
1213 2396 1261 2452 hic
1276 2339 1364 2451 tldrcs
1376 2396 1498 2462 fructus,
1510 2393 1645 2465 odorque
1656 2390 1751 2466 liquit,

986 2468 1155 2551 Relligionis
1170 2484 1247 2540 apex
1259 2482 1343 2541 purae
1357 2466 1471 2522 virtutis
1486 2464 1618 2521 alumne.

1038 2539 1185 2596 Victorino
1200 2538 1253 2595 tilii
1268 2537 1385 2612 plaudit
1396 2552 1517 2594 ommno
1531 2533 1674 2617 phalanx.

985 2614 1022 2667 Te
1038 2616 1150 2667 tersum
1163 2609 1213 2666 vul
1237 2610 1242 2621 '
1259 2607 1424 2683 speculum,
1435 2606 1599 2679 templique
1612 2619 1744 2687 perennc

1040 2685 1162 2749 lumen,
1176 2680 1223 2754 ple
1248 2698 1261 2736 s
1276 2679 1374 2736 omnis
1389 2678 1540 2735 Parisiana
1553 2681 1641 2733 canit.

985 2756 1140 2825 Tanquam
1154 2753 1301 2823 mojorem
1315 2754 1496 2806 venerantur
1507 2750 1620 2804 honore
1636 2750 1783 2820 potentes,

1037 2827 1135 2898 Teque
1150 2821 1293 2879 humilem
1307 2837 1367 2894 pau
1391 2837 1423 2877 cr
1438 2819 1548 2893 gaudet
1563 2818 1673 2874 habere
1696 2822 1814 2876 Patrem

950 2895 1056 2991 Clude
1072 2899 1243 2950 secuturum
1255 2838 1400 2966 praecellis
1415 2890 1491 2948 erile
1508 2909 1514 2946 :
1533 2894 1669 2947 senectus

1037 2965 1121 3029 Quod
1137 2968 1254 3021 motura
1267 2964 1349 3021 dedit
1363 2964 1416 3020 rite
1430 2966 1548 3018 secutus
1563 2960 1625 3017 iter.

984 3038 1056 3091 Ecce
1068 3036 1200 3105 Hugonis
1214 3051 1302 3162 opus,
1318 3035 1409 3091 clario
1422 3033 1503 3108 quod
1519 3033 1660 3100 dogmate
1676 3047 1749 3088 saxo

1039 3107 1185 3174 instruxit,
1199 3106 1296 3162 vaide
1311 3120 1400 3162 saxea
1415 3105 1509 3173 corilo,
1527 3107 1633 3160 terens

984 3178 1113 3236 Sororiia
1125 3178 1182 3234 lioe
1196 3194 1302 3234 saxum
1318 3176 1403 3233 tellus
1413 3175 1563 3248 produxit,
1579 3174 1609 3230 in
1623 3173 1717 3230 altum

1036 3248 1182 3305 Victorino
1197 3249 1306 3304 domus
1321 3246 1468 3305 transtulit
1482 3251 1544 3302 arte
1560 3244 1667 3302 virum.

984 3322 1096 3377 Saxum
1108 3320 1185 3393 proli
1199 3319 1325 3376 durainl
1343 3318 1428 3375 sedes
1442 3317 1538 3374 inrisa
1551 3314 1669 3384 carinis,

1036 3394 1115 3458 Quas
1130 3390 1245 3447 tumido
1258 3394 1365 3446 Boreas
1381 3388 1496 3445 turbine
1512 3402 1609 3443 saevus
1622 3387 1692 3455 agit.

982 3463 1101 3544 Corripe
1118 3465 1149 3518 tu
1162 3477 1294 3535 proram,
1311 3475 1492 3533 cursumque
1506 3473 1665 3532 supremus
1678 3457 1794 3533 olympi

1035 3533 1155 3604 Dirigot,
1169 3537 1197 3588 et
1209 3532 1298 3605 pleno
1310 3532 1377 3587 velo
1393 3531 1492 3588 lavore
1511 3533 1604 3598 regat.

983 3602 1028 3660 Sic
1044 3608 1140 3661 tutum
1156 3607 1181 3659 te
1196 3603 1281 3659 crede
1297 3601 1377 3659 iretis
1394 3620 1400 3658 :
1416 3601 1439 3657 si
1452 3617 1524 3657 eura
1539 3604 1719 3672 tumescunt,

1034 3678 1071 3731 Tc
1085 3678 1186 3730 manet
1201 3690 1219 3729 a
1234 3673 1298 3729 saxi
1312 3673 1441 3743 tegmine
1454 3676 1533 3728 certo
1548 3671 1638 3728 salus.

982 3743 1115 3802 Flamina
1129 3743 1281 3818 perpellet,
1298 3760 1354 3801 nec
1367 3744 1430 3800 vim
1450 3744 1526 3799 sinet
1539 3758 1603 3798 csse
1617 3746 1780 3824 potentem.

1034 3816 1180 3874 Pereuties
1194 3832 1300 3871 sarum
1317 3815 1442 3872 tlumina
1455 3830 1540 3871 sacra
1555 3814 1647 3870 dabit.

980 3891 1109 3961 AEquora
1119 3887 1299 3953 dulcescent,
1317 3902 1479 3960 sumesque
1490 3899 1672 3958 gregemque
1680 3883 1809 3958 potabis.

1035 3959 1080 4015 Sic
1094 3959 1190 4032 capiet
1205 3957 1323 4032 placido
1337 3973 1464 4030 corpora
1479 3955 1557 4013 fessa
1571 3955 1647 4012 sinu.

979 4138 1024 4192 De
1036 4138 1126 4193 inulti
1133 4139 1212 4207 jara
1226 4137 1435 4207 inagnitudine
1446 4143 1474 4194 et
1486 4137 1665 4194 recedentia
1687 4136 1730 4192 Μ.
1745 4135 1809 4191 Hu-

1015 4210 1099 4277 gonis
1114 4208 1150 4264 dc
1171 4211 1283 4264 Sancto
1308 4209 1424 4264 Victore
1451 4209 1591 4264 rauoraici
1611 4213 1638 4263 et
1667 4207 1807 4277 theologi,

943 4289 966 4342 p
1016 4279 1428 4348 doctissimisratrisdoaum's
1439 4279 1810 4348 Coerardiejusdcmpra·

1014 4350 1152 4419 sessionis
1166 4358 1193 4407 et
1208 4350 1341 4408 sodalitii
1368 4352 1521 4438 cenobite
1548 4351 1808 4420 epigrammatica.

978 4512 1084 4578 Matina
1096 4511 1218 4583 quidem
1226 4511 1335 4567 domus
1343 4517 1386 4567 est
1392 4511 1528 4568 Victoris:
1538 4514 1568 4566 at
1575 4509 1809 4580 omnibusllugo

1031 4583 1131 4653 Major,
1143 4583 1169 4638 ci
1184 4598 1295 4638 nomen
1311 4583 1409 4653 majus
1423 4583 1455 4638 in
1471 4583 1542 4637 orbe
1555 4580 1646 4637 dedit.

978 4655 1101 4720 Magnus
1117 4654 1191 4721 ovis,
1217 4668 1347 4722 magnus
1361 4654 1461 4723 gestis,
1484 4658 1512 4709 et
1526 4653 1647 4709 nomine
1667 4667 1807 4722 magnus.

1033 4723 1154 4792 ingenio
1166 4739 1306 4792 magnus,
1323 4741 1378 4779 nec
1393 4724 1500 4796 pietate
1514 4724 1622 4780 minor.

978 4797 1101 4862 llagiius
1115 4794 1199 4867 opud
1212 4794 1372 4867 mimdum,
1388 4794 1441 4850 sed
1455 4800 1554 4867 spreto
1569 4794 1721 4851 maximus
1731 4795 1808 4867 ipso.

1033 4865 1162 4937 indeque
1176 4868 1236 4921 tota
1248 4865 1313 4936 ejus
1328 4866 1462 4922 maximo
1476 4867 1536 4923 rita
1550 4865 1614 4923 fuit.

977 4938 1114 5005 Magnam
1127 4935 1192 5005 ejus
1205 4940 1333 4992 mortem
1347 4937 1494 4993 miracula
1505 4952 1617 5006 magna
1627 4935 1807 5009 probarimt,

1031 5009 1185 5079 llaptaqnc
1201 5005 1238 5062 dc
1254 5007 1370 5063 tumulo
1384 5023 1497 5078 magna
1510 5007 1611 5064 favilla
1625 5007 1687 5080 pio.

978 5079 1100 5145 lilognus
1115 5080 1178 5134 erat
1189 5079 1357 5151 quondam,
1373 5079 1426 5134 sed
1445 5094 1526 5135 nune
1552 5082 1597 5133 est
1611 5077 1675 5150 ipsa
1690 5077 1808 5134 tuturus

1031 5148 1131 5218 llajor,
1145 5165 1257 5216 magna
1270 5165 1331 5205 sure
1345 5165 1399 5222 per
1413 5149 1599 5205 monimenta
1614 5163 1733 5206 manus.

977 5218 1068 5289 llajoi·
1082 5219 1136 5276 erit
1148 5236 1276 5292 semper,
1288 5227 1401 5293 quanto
1415 5220 1512 5290 magis
1524 5221 1588 5293 ipse
1601 5220 1725 5289 legetur.

1001 5360 1007 5370 ι
1031 5293 1154 5363 Quoque
1169 5290 1266 5361 magis
1275 5291 1368 5348 lectus
1382 5290 1451 5366 plus
1462 5291 1608 5361 relegetur
1623 5291 1734 5348 adhuc.

976 5362 1025 5415 Vis
1039 5367 1183 5433 repetam,
1196 5377 1327 5432 magnus
1339 5362 1392 5418 luit
1402 5363 1489 5431 Hugo
1501 5363 1658 5435 sauguine,
1674 5362 1745 5430 rita,

1031 5432 1165 5503 Nomine,
1180 5433 1328 5501 coenobio,
1342 5433 1507 5505 relligione,
1522 5434 1616 5490 libris.

978 5506 1041 5565 tmo
1055 5518 1109 5559 noe
1121 5503 1177 5560 ista
1186 5503 1310 5577 quidem
1326 5504 1458 5562 fortassis
1471 5521 1584 5575 magna
1619 5505 1741 5562 utenda.

1035 5573 1062 5633 Si
1076 5589 1137 5637 uon
1151 5579 1218 5638 ante
1236 5577 1330 5639 Deum
1343 5575 1495 5636 maximus
1508 5577 1572 5659 ipsa
1587 5520 1671 5642 ldret.
