3832 6044
175 108 224 158 523
316 98 467 154 llUGONlS
488 98 532 151 DE
553 96 580 152 S.
600 93 749 150 viardus
769 88 843 145 OPP.
864 86 952 142 PARS
972 87 992 140 l.
1014 114 1047 123 -—
1067 83 1267 142 urrannei.
1288 116 1322 128 —
1341 90 1361 143 l.
1382 89 1416 143 ΙΝ
1437 89 1464 145 S.
1487 89 1713 144 scatrruusu.

1830 91 1882 144 tal

174 238 285 297 retrado
294 232 476 308 judicabunt
491 233 504 283 ?
518 228 546 298 (I
559 229 626 283 Car.
647 228 698 290 xi.)
713 222 762 278 llic
781 220 909 277 ostendit
923 223 1000 292 ,tpo-
1018 222 1041 272 a
1055 217 1214 290 Apostolus
1229 219 1268 275 ad
1282 220 1360 276 hanc
1376 219 1638 292 turpcmcopularn
1652 220 1881 288 ostendendam,

175 329 277 396 stolus,
302 319 472 398 quodlicet
498 314 607 371 sanctis
635 312 672 368 dc
695 311 786 368 rebus
808 306 1000 365 sacerdoribus
1053 323 1121 380 quie
1135 311 1180 363 cst
1193 307 1268 364 inter
1281 308 1478 365 fornicantem
1499 313 1526 364 et
1541 309 1884 399 nunetricemcumnul-

171 418 325 491 judicare:
348 410 400 466 sed
415 407 438 463 si
459 407 517 462 hoe
533 408 585 471 est,
601 400 755 477 quomodo
771 403 858 472 potca
876 398 1000 470 subjun-
1053 393 1082 451 lo
1096 396 1188 452 modo
1212 397 1270 465 illa,
1287 414 1355 470 quie
1370 397 1410 453 ibi
1426 402 1469 454 est
1484 397 1601 470 copula,
1617 399 1673 454 lroc
1696 415 1760 455 esse
1775 400 1879 472 possit.

175 508 215 575 git
231 527 237 561 :
249 507 317 574 jana
341 499 460 556 cunano
475 493 616 551 delictam
632 491 661 546 ia
686 489 776 559 vatris,
793 487 872 560 quod
881 487 1000 556 judicia
1055 484 1176 541 Solatia.
1202 487 1312 542 Sensus
1335 490 1397 542 cst:
1424 487 1452 543 Si
1475 487 1504 542 iu
1529 487 1578 542 illa
1600 486 1708 560 copiDa
1731 487 1882 558 conjugali

175 572 287 652 babctis
298 592 377 646 inter
390 602 440 644 ros
454 580 563 656 (laida
581 581 603 636 si
619 574 1000 650 licetjudicarc,quomodo
1054 589 1149 629 unum
1174 591 1283 648 corpus
1307 576 1432 631 efficitur
1463 575 1633 643 amborum,
1659 577 1752 633 multo
1785 578 1882 647 magis

173 687 230 742 lroc
253 680 394 737 delictum
418 674 485 731 est?
510 670 631 730 Salutio.
657 669 734 724 licet
758 664 867 721 sanctis
893 679 1000 719 causas
1054 661 1116 717 hirc
1133 678 1193 718 una
1214 679 1283 719 caro
1305 664 1430 720 efficitur
1445 669 1566 737 propter
1585 666 1730 736 majorem
1757 665 1820 722 ritii
1834 666 1884 721 dc·

172 767 354 830 habere‘suh
369 762 536 836 disciplina,
558 758 610 814 scd
624 773 686 814 uon
702 756 768 811 licet
781 754 856 809 iuter
884 768 915 806 se
931 767 999 807 con·
1053 748 1251 807 lectationcm.

173 859 303 918 tendere,
1090 841 1218 906 Ortusno
1233 843 1297 897 LlV.
1310 843 1433 898 Por-tate
1447 845 1551 913 Deam,
1564 847 1618 899 ete.
1638 843 1713 910 Quid
1730 850 1774 901 cst
1788 848 1882 902 Deam

209 951 337 1015 ansrio
357 943 442 999 xllx.
469 935 615 1004 Quaeritur
638 931 792 1007 quomodo
815 929 871 985 hoa
895 943 999 983 rerum
1053 928 1200 1001 portare?
1223 929 1343 986 Solutio.
1371 930 1482 997 sobrie,
1504 936 1531 986 ct
1550 932 1639 1002 juste,
1656 937 1684 988 et
1706 933 1754 1006 pie
1768 934 1880 990 rivere.

173 1040 218 1106 sit,
234 1033 317 1110 quod
331 1032 417 1088 liceat
432 1044 487 1083 sua
499 1029 640 1099 repetere,
658 1037 728 1078 cum
744 1019 886 1075 Dominus
901 1017 996 1073 dicat:
1053 1020 1147 1072 Deum
1160 1033 1232 1089 ergo
1247 1023 1368 1091 portant
1383 1019 1478 1092 quiin
1499 1019 1564 1093 ipso
1579 1020 1655 1077 benc
1671 1021 1775 1078 vivant
1792 1040 1798 1078 :
1824 1023 1895 1078 hoe·

171 1129 206 1183 Si
219 1125 284 1198 qais
300 1118 456 1178 abstulerit
472 1115 526 1170 tibi
540 1119 602 1179 tua,
619 1112 683 1166 reoli
696 1113 827 1178 repetere
838 1111 851 1162 ?
864 1108 938 1174 (Liar
951 1103 998 1171 rr.)
1052 1105 1132 1162 enirn
1147 1111 1190 1162 est
1205 1106 1270 1178 ejus
1284 1106 1447 1179 imaginem
1462 1113 1490 1165 et
1505 1108 1633 1165 formam
1651 1109 1764 1182 justitia
1778 1110 1882 1167 induc·

173 1212 294 1274 solutio.
317 1211 375 1266 Sua
389 1208 520 1277 repetere
535 1199 589 1256 etsi
614 1214 674 1254 non
699 1197 735 1251 sit
756 1194 880 1261 malum,
898 1197 997 1249 tamen
1052 1211 1093 1261 re,
1111 1193 1185 1250 sicut
1201 1197 1296 1250 Deum
1310 1196 1495 1263 conculcant,
1508 1197 1560 1270 qui
1574 1198 1652 1253 male
1665 1197 1798 1254 ridendo
1812 1215 1881 1255 eum

171 1297 340 1359 estoccasio
355 1293 443 1350 mali:
458 1291 525 1346 ideo
540 1287 684 1345 Dominus
700 1282 826 1340 consulit
839 1297 899 1337 uon
914 1296 997 1353 repe·
1052 1292 1163 1354 negant
1176 1301 1182 1350 ;
1198 1283 1355 1356 deponunt
1368 1301 1438 1342 vcro
1456 1289 1558 1353 Deum,
1573 1287 1625 1359 qui
1640 1287 1670 1343 in
1686 1287 1829 1344 charitate
1844 1291 1881 1344 te·

172 1397 230 1449 tere
259 1404 313 1444 sua
336 1386 457 1458 propter
483 1375 685 1435 contentiones
707 1370 853 1428 vitandas.
871 1373 930 1425 Hoc
954 1373 998 1424 est
1051 1376 1176 1445 pescant
1190 1376 1219 1428 ct
1232 1371 1359 1455 laxiores
1374 1390 1409 1429 ac
1424 1373 1608 1431 remissiores
1623 1374 1805 1433 efficiantur.

171 1479 253 1554 quod
268 1473 426 1550 Apostolus
441 1470 501 1526 ait:
528 1467 634 1523 Ouinia
655 1463 730 1519 milri
749 1461 848 1532 liccat,
869 1459 920 1515 sed
937 1473 996 1514 aaa
1087 1464 1214 1527 ansrro
1230 1463 1282 1517 LV.
1300 1461 1373 1518 Dicit
1388 1462 1506 1533 glossa:
1534 1464 1656 1520 Gratius
1677 1470 1721 1521 est
1740 1464 1770 1520 in
1787 1467 1880 1521 Deum

171 1571 271 1627 orrruia
286 1563 447 1636 expediant
464 1560 492 1632 (l
504 1558 572 1615 Cor.
589 1559 631 1624 x)—
1011 1571 1031 1625 D
1051 1566 1278 1624 pcccarequam
1292 1549 1322 1605 in
1334 1551 1507 1624 proximum
1518 1572 1524 1620 ;
1537 1554 1589 1609 sed
1600 1569 1700 1610 nonne
1711 1553 1763 1626 qui
1775 1553 1805 1609 in
1816 1570 1881 1626 pro

206 1661 334 1725 ansno
356 1655 386 1708 li.
413 1647 558 1716 Quaeritur
581 1641 706 1716 qualiter
728 1637 822 1695 saneti
845 1637 875 1692 in
897 1635 996 1691 tuturo
1051 1640 1166 1696 simum
1182 1645 1317 1713 peccant,
1334 1644 1428 1697 Deum
1443 1643 1614 1711 offendunt;
1640 1644 1796 1716 quomodo
1810 1659 1881 1714 ergo

170 1740 420 1818 sintjudicaturi?
435 1742 463 1793 et
477 1731 764 1792 diciturnonsolmn
783 1726 913 1784 melioris
928 1723 997 1780 facti
1051 1729 1242 1799 distinguitur
1263 1734 1290 1786 et
1312 1731 1379 1798 hoc,
1406 1735 1434 1786 ct
1456 1730 1553 1786 iDiul?
1579 1731 1700 1788 Solatia.
1731 1736 1761 1788 ln
1786 1734 1881 1788 Deum

170 1834 403 1911 comparatione,
420 1828 472 1885 sed
491 1826 580 1882 etiarn
595 1820 768 1880 auctoritate
792 1821 821 1874 et
841 1818 994 1889 potestate.
1051 1835 1185 1892 peccare,
1196 1823 1239 1876 est
1252 1837 1306 1892 per
1320 1824 1524 1893 contemptum
1540 1820 1570 1877 iu
1591 1820 1638 1877 his
1652 1821 1831 1895 rebusque
1844 1821 1880 1878 ad

170 1926 252 1985 Unde
267 1939 329 1980 non
347 1916 495 1976 immerito
506 1910 647 1988 quaeritur
662 1925 728 1983 quae
745 1905 780 1963 sit
794 1905 843 1962 illa
855 1907 994 1977 potestas,

170 2017 241 2092 quia
256 2013 400 2085 scriptum
416 2010 460 2062 est
475 2025 481 2060 :
497 2003 592 2059 Pater
605 2015 665 2056 aori
675 1998 796 2069 judicat
806 2008 995 2066 qricrnquam,

169 2107 220 2165 sed
241 2119 326 2162 arrirze
344 2097 494 2171 judiciari
509 2092 590 2148 dedit
609 2089 688 2145 Filio
712 2087 810 2158 (Jaau.
825 2083 854 2154 r)
867 2080 995 2147 solutio.

171 2197 250 2253 Sicut
267 2191 338 2250 dicit
349 2184 473 2248 Daniel:
495 2181 577 2239 Sedit
587 2179 748 2250 judiciam,
773 2179 800 2231 ct
815 2173 914 2242 aperti
927 2173 997 2226 sicut

171 2286 241 2343 libri
254 2281 366 2339 scilieet
384 2283 565 2334 arcariorum
580 2261 996 2333 ratiou'arn,sccaadurnqaas

168 2379 218 2446 liet
234 2370 395 2442 judiciam,
417 2369 445 2421 et
470 2361 540 2418 libri
554 2356 815 2424 canscientia-rant,
833 2350 869 2407 de
890 2347 996 2447 qrrilras

168 2468 219 2534 {iet
228 2461 378 2533 judiciam
393 2455 482 2527 (Dari.
496 2455 556 2517 ru).
573 2447 621 2504 llis
633 2445 700 2502 libri
715 2447 894 2500 aeternarum
909 2442 997 2536 ratio:

168 2569 253 2618 num,
274 2554 303 2605 et
316 2542 566 2604 conscientiarum
583 2539 669 2592 crunt
684 2531 788 2606 aperti,
805 2533 833 2585 ct
847 2526 996 2584 manifesti

169 2645 214 2709 iis,
235 2639 372 2712 quicum
393 2630 519 2688 Domino
536 2630 605 2682 sunt
623 2621 794 2695 judicaturi.
813 2622 846 2674 Et
869 2619 932 2672 haec
948 2631 995 2669 oc·

170 2731 317 2787 cultorum
332 2719 472 2778 revelatio
488 2714 655 2772 secundum
669 2709 819 2784 quosdam
833 2711 877 2763 cst
890 2720 996 2761 corum

169 2821 309 2894 potestas,
348 2815 377 2866 et
412 2805 591 2864 auctoritas:
628 2799 794 2856 secundum
822 2795 896 2851 alios
929 2793 996 2849 idco

1052 1909 1152 1981 ipsum
1167 1908 1333 1981 specialiter
1351 1909 1507 1982 pertinent,
1524 1914 1556 1965 ut
1575 1909 1606 1966 in
1627 1915 1832 1979 sacramentis,
1855 1913 1889 1966 ct

1051 1997 1120 2065 fido,
1146 2002 1174 2054 ct
1193 1997 1340 2054 similibus
1356 2002 1448 2054 iteum
1471 1999 1632 2056 offendere.
1661 2003 1693 2056 ln
1708 1999 1880 2074 proximum

1051 2103 1186 2160 peccare,
1202 2092 1246 2143 est
1260 2088 1360 2161 ipsum
1374 2088 1476 2161 aliqua
1492 2087 1600 2159 injuria
1614 2089 1731 2156 laedere,
1745 2089 1828 2163 quod
1839 2093 1881 2146 est

1052 2176 1151 2232 minus
1167 2192 1254 2246 grave
1270 2194 1363 2250 quam
1378 2177 1621 2250 primun1.Veliu
1638 2181 1731 2234 Deum
1745 2194 1879 2251 peccare,

1051 2271 1095 2322 est
1108 2265 1229 2322 interius
1244 2271 1376 2323 urentem
1384 2266 1505 2323 violare.
1521 2272 1551 2323 ln
1567 2266 1879 2340 proximum,extcrins

1050 2354 1205 2410 hominem
1229 2355 1389 2412 verbovel
1411 2355 1548 2428 exemplo
1570 2355 1700 2412 laedere:
1722 2372 1784 2412 non
1809 2372 1879 2427 crgo

1051 2443 1158 2512 omnis,
1175 2445 1310 2518 quicum
1326 2445 1459 2512 offendit,
1470 2445 1501 2500 iu
1517 2448 1610 2500 Deum
1622 2461 1746 2519 peccare
1761 2444 1878 2502 dicitur.

1087 2535 1216 2600 Ornsrro
1234 2537 1297 2590 LVl.
1312 2536 1354 2591 De
1368 2534 1474 2605 qriibus
1491 2541 1590 2591 autern
1614 2537 1774 2605 scripsistis
1797 2535 1888 2590 milia

1050 2626 1095 2679 etc
1111 2625 1140 2690 (l
1152 2623 1220 2680 Car.
1237 2629 1296 2688 ru).
1314 2626 1352 2678 De
1366 2623 1506 2695 conjugio
1522 2622 1671 2696 tripliciter
1686 2623 1756 2692 agit,
1774 2640 1881 2680 secun-

1050 2711 1124 2767 durn
1139 2716 1332 2784 praeceptum,
1349 2711 1516 2768 secundum
1529 2711 1767 2786 permissionem,
1777 2728 1883 2769 secun-

1051 2800 1124 2855 dum
1138 2799 1306 2867 consilium,
1322 2817 1390 2874 quia
1404 2800 1521 2871 singula
1534 2800 1660 2873 diligens
1671 2801 1763 2857 lector
1775 2801 1807 2857 in
1819 2802 1881 2858 suis

169 2906 239 2965 dicti
262 2905 331 2958 sunt
355 2896 448 2954 sancti
471 2910 541 2950 eum
566 2889 692 2947 Domino
715 2883 898 2958 judicaturi:
925 2881 1031 2979 quiaC
1050 2888 1123 2944 locis
1135 2887 1307 2958 distinguat.
1323 2890 1400 2956 Quid
1415 2890 1451 2946 sit
1464 2890 1637 2962 conjugium
1652 2889 1879 2959 videndumest,

169 3011 274 3055 eorum
302 2985 526 3060 comparatione
553 2979 625 3038 mali
649 2975 837 3034 damnabiles
872 2989 997 3046 appare-

168 3088 253 3144 bunt.
275 3078 356 3138 Unde
372 3074 454 3150 quod
473 3069 653 3145 judicabunt
670 3065 764 3122 saneti
787 3063 932 3130 nationes,
957 3061 997 3117 lc-

169 3177 256 3249 gitur.

205 3268 334 3332 Qiznsno
350 3261 391 3314 Ll.
408 3252 554 3323 Quaeritm·
568 3266 607 3306 an
621 3248 657 3304 sit
672 3249 911 3321 praeceptuman
927 3258 997 3298 con-

169 3355 278 3420 silium,
302 3366 340 3407 an
355 3343 523 3420 permissio,
539 3342 595 3397 hoc
610 3337 693 3413 (quod
708 3336 777 3392 dicit
798 3333 835 3390 de
847 3331 966 3405 judiciis
982 3331 996 3386 ‘l

168 3448 217 3502 Est
230 3446 330 3498 autem
344 3434 503 3492 consilium
517 3429 553 3486 dc
568 3426 704 3493 summis,
721 3429 753 3482 ut
771 3423 862 3481 illud:
879 3423 923 3480 De
936 3423 996 3479 vir·

168 3531 286 3603 pinibus
294 3528 479 3595 pracceptum
490 3533 550 3574 aaa
561 3516 670 3585 liriaco,
684 3513 840 3570 consiliam
851 3517 948 3568 autem
958 3510 995 3565 da

168 3621 197 3692 (Ι
207 3619 275 3675 Car.
292 3617 350 3679 ru).
374 3611 556 3679 l‘rreceptum
576 3604 613 3659 dc
637 3601 753 3667 mediis
770 3604 817 3657 ut:
841 3601 907 3656 Non
922 3599 996 3655 occi·

169 3711 229 3780 des,
240 3720 301 3762 aon
312 3696 497 3759 adulterabis
510 3692 617 3766 (Daod.
628 3692 689 3762 n).
705 3695 772 3757 etc,
789 3687 946 3761 permissio
957 3687 995 3744 de

168 3794 289 3862 infimis,
304 3796 337 3847 ut
349 3789 386 3845 de
401 3786 469 3843 cibo
491 3781 648 3839 sumendo.
660 3778 779 3836 Videtur
797 3783 897 3834 antem
912 3775 995 3848 quod

169 3887 206 3944 sit
218 3885 402 3958 praeceptum
417 3893 423 3932 :
440 3874 464 3930 si
477 3871 555 3929 enim
579 3886 646 3926 mea
661 3883 722 3925 non
737 3870 848 3940 repete,
865 3865 949 3922 illum
964 3865 995 3920 in

169 3987 268 4030 errore
280 3970 377 4033 foveo,
394 3963 446 4038 qui
460 3957 632 4019 abstulerit:
647 3972 740 4030 quare
756 3971 848 4012 causa
863 3953 994 4011 utilitatis

1051 2994 1119 3051 quie
1132 2994 1223 3034 causa
1238 2977 1378 3047 efficiens,
1388 2995 1456 3052 quae
1471 2995 1562 3036 causa
1573 2979 1799 3053 propterquam
1810 2996 1880 3036 con·

1051 3068 1187 3136 trahitur,
1202 3085 1269 3141 qum
1284 3069 1342 3124 sint
1357 3068 1494 3139 legitimae
1510 3085 1658 3142 personae,
1684 3073 1713 3126 et
1732 3084 1801 3141 quie
1824 3070 1882 3128 sint

1051 3157 1133 3213 bona
1147 3157 1288 3229 conjugii.
1305 3160 1353 3214 Est
1363 3158 1463 3232 itaque
1479 3159 1654 3230 conjugimn
1666 3159 1713 3215 rel
1727 3159 1883 3217 matrimo-

1051 3246 1135 3303 nium
1150 3247 1293 3303 maritalis
1308 3248 1478 3318 conjunctio
1500 3248 1637 3305 marisci
1658 3248 1787 3316 feminae,
1804 3248 1880 3306 inter

1050 3335 1197 3406 legitimas
1218 3352 1363 3410 personas
1388 3336 1603 3394 individualem
1630 3341 1697 3395 vitre
1721 3345 1880 3396 eonsuetu-

1050 3425 1152 3482 dinem
1174 3426 1304 3483 retinens
1340 3429 1405 3482 llrec
1430 3426 1562 3484 delinitio
1591 3431 1707 3484 mutum
1737 3426 1880 3500 conjugio

1051 3514 1188 3572 convenit
1209 3515 1353 3572 fidelium.
1380 3517 1552 3573 Secundum
1576 3516 1671 3574 alios:
1699 3519 1879 3590 Conjagium

1050 3608 1094 3659 cst
1108 3607 1238 3672 potestas
1252 3603 1381 3675 legitime
1405 3604 1630 3672 commiscendi,
1647 3609 1674 3662 et
1695 3621 1731 3662 ex
1746 3605 1878 3677 legitimo

1050 3709 1199 3749 consensu
1213 3696 1375 3750 contracta.
1392 3696 1488 3752 Causa
1502 3693 1633 3751 cilicicns
1647 3698 1691 3752 cst
1713 3711 1879 3753 consensus

1049 3781 1210 3838 materialis
1225 3797 1278 3855 per
1298 3782 1390 3838 rerba
1405 3783 1442 3839 de
1465 3783 1604 3856 praesenti
1619 3799 1787 3859 expressus
1805 3788 1880 3842 Con-

1050 3886 1164 3926 sensus.
1181 3869 1232 3944 qui
1256 3869 1286 3925 in
1311 3871 1412 3928 anima
1436 3877 1489 3942 est,
1519 3889 1621 3930 coram
1641 3872 1770 3931 Ecclesia
1789 3873 1880 3932 debet

1049 3959 1264 4028 demonstrare,
1287 3958 1349 4016 sinc
1371 3977 1433 4034 quo
1455 3966 1575 4019 nonest
1594 3963 1779 4034 eonjugium,
1797 3965 1879 4021 unde

168 4056 338 4119 communis
371 4052 467 4110 debeo
488 4052 644 4123 repetere:
672 4061 765 4120 quare
786 4060 823 4101 cx
845 4048 994 4117 praecepto
1048 4046 1155 4117 legitur
1172 4066 1178 4104 :
1195 4048 1412 4105 Matrimonium
1426 4050 1568 4107 noniacit
1581 4051 1690 4125 copula
1704 4067 1876 4125 corporum,

167 4153 287 4223 repeto:
312 4145 384 4220 quia
408 4158 497 4201 omne
518 4138 633 4196 malum
649 4141 798 4211 praecepto
817 4134 994 4205 fugiendam
1049 4137 1102 4193 sed
1115 4136 1252 4194 voluntas
1263 4137 1442 4196 animarum.
1456 4141 1553 4197 Causa
1567 4145 1688 4214 propter
1699 4156 1793 4214 quam
1808 4158 1878 4200 con-

168 4244 221 4298 est.
243 4235 363 4295 Salutio.
378 4230 534 4290 Permissio
549 4231 753 4300 estrepetere;
769 4224 927 4281 consilium
942 4239 993 4280 au·
1050 4225 1183 4294 trahitur,
1210 4230 1254 4283 cst
1276 4226 1441 4300 procreatio
1462 4227 1564 4301 prolis,
1585 4231 1613 4285 ct
1635 4229 1736 4286 evitatio
1750 4229 1877 4288 fornica:

167 4335 228 4387 tem
243 4342 304 4384 non
327 4327 469 4398 repetere.
493 4315 652 4391 Apostolus
676 4330 747 4385 crgo
770 4311 899 4370 ostendit
919 4311 993 4386 quid
1050 4313 1146 4372 tionis.
1163 4314 1312 4385 legitimae
1333 4333 1468 4390 personae
1484 4321 1570 4375 sunt:
1586 4333 1663 4392 quas
1676 4332 1739 4390 non
1753 4316 1878 4394 impedit

165 4419 233 4476 licet
245 4413 387 4472 infirmis:
414 4408 557 4467 Dominus
572 4409 672 4463 autern
696 4403 824 4460 ostendit
837 4401 911 4477 quid
925 4418 994 4459 con·
1048 4403 1094 4461 rel
1108 4409 1211 4462 rotmn
1225 4405 1422 4474 continentia,
1448 4406 1495 4464 vel
1514 4405 1646 4479 sanguis,
1667 4408 1714 4465 vel
1728 4407 1814 4478 ordo,
1830 4408 1877 4466 vel

165 4507 264 4564 reniat
277 4501 424 4578 perlectis,
441 4498 551 4556 scilicet
565 4512 626 4552 non
640 4497 771 4568 repetere
788 4510 794 4548 :
815 4491 994 4549 contendere
1048 4493 1152 4568 dispar
1174 4493 1280 4564 cultus,
1301 4495 1349 4551 rel
1363 4494 1503 4564 conditio,
1520 4496 1567 4553 rel
1588 4495 1732 4569 frigiditas
1750 4501 1874 4556 naturae.

165 4600 276 4662 autem,
290 4598 319 4649 et
339 4591 403 4647 lites
426 4603 562 4644 exercere
591 4586 659 4642 ante
683 4580 827 4655 judicem,
843 4579 994 4654 praecipue
1048 4582 1113 4642 Tria
1128 4588 1197 4641 sunt
1209 4583 1291 4641 bona
1305 4585 1435 4656 conjugii
1450 4605 1456 4642 :
1474 4584 1568 4655 Fides,
1584 4587 1692 4661 proles,
1709 4602 1877 4646 sacramen·

165 4676 317 4740 111111111111111
332 4675 610 4736 011111110119110111111
625 4677 680 4731 est·
1048 4678 1112 4730 tum
1126 4672 1235 4730 seilicet
1248 4672 1495 4746 inseparabilitas,
1505 4691 1573 4749 quae
1588 4672 1699 4748 duplex
1713 4679 1766 4745 est,
1778 4691 1876 4734 saera·

201 4772 330 4836 Quasrro
347 4770 400 4823 Ltt.
419 4765 476 4833 Oai
489 4763 624 4821 adiceret
643 4760 802 4834 meretrici,
823 4777 915 4818 ainaim
930 4776 993 4817 car·
1048 4759 1140 4819 menti
1166 4765 1195 4819 et
1220 4761 1314 4835 ipsius
1340 4763 1545 4820 matrimonii:
1571 4763 1629 4821 hoe
1655 4763 1736 4822 enim
1759 4764 1875 4823 bonnm

135 4915 140 4924 .
162 4875 219 4931 aus
239 4857 380 4928 efficitur·
408 4850 603 4919 (interimilla
622 4852 678 4907 hac
694 4831 805 4908 uditate
820 4867 888 4924 quae
903 4849 948 4919 sit,
965 4852 993 4906 et
1047 4851 1166 4908 tertium
1181 4849 1291 4908 scilicet
1314 4856 1535 4910 sacramentum
1553 4869 1616 4910 non
1635 4852 1735 4928 ipsum
1750 4858 1794 4912 est
1808 4870 1876 4913 con-

164 4947 331 5006 seeundum
341 4943 415 5017 qaid
428 4941 464 4998 sit
472 4939 801 5012 inteDigenda.Solutio.
814 4938 993 5012 aoatquod
1045 4938 1174 5012 jugium,
1203 4940 1270 4998 licet
1295 4938 1395 5015 ipsum
1424 4941 1460 4999 sit
1488 4947 1719 5011 sacramentum,
1750 4942 1827 5001 sicut
1848 4948 1876 5002 et

161 5038 236 5096 tales
250 5051 308 5093 nsn
322 5033 420 5090 solum
435 5046 530 5086 unum
551 5027 699 5104 corporali
719 5033 788 5086 snut
809 5029 874 5101 conj
880 5027 992 5085 unctio-
1046 5023 1138 5082 illud:
1156 5025 1208 5082 sed
1223 5031 1324 5084 uuum
1338 5027 1473 5100 ejusdem
1487 5029 1529 5085 rei
1543 5033 1704 5103 utrumque
1719 5027 1765 5098 sit,
1779 5033 1877 5103 potest

161 5217 202 5273 sio
223 5230 320 5273 unum
334 5226 444 5284 corpus
466 5208 544 5266 effici
559 5225 628 5266 cum
651 5204 818 5274 meretrice,
841 5204 894 5279 qui
913 5219 992 5261 unus
1045 5203 1153 5274 vitatis,
1176 5205 1262 5278 cnjus
1281 5207 1405 5278 vestigia
1429 5209 1604 5280 sequimur:
1630 5206 1661 5265 in
1681 5208 1876 5265 sacramentis

158 5306 279 5379 spiritus
292 5302 415 5360 deberet
428 5315 492 5356 esse
507 5298 664 5356 adhaerens
682 5301 752 5354 Deo.
1046 5295 1126 5351 enim
1141 5298 1170 5350 et
1181 5296 1332 5351 sententiis
1347 5297 1508 5368 majorum,
1524 5296 1588 5353 hrec
1612 5294 1784 5367 Diligentius
1807 5311 1876 5370 pro·

194 5397 325 5459 Qezesno
341 5394 406 5447 llll.
422 5391 522 5446 Errant
537 5390 625 5455 caim,
642 5387 749 5460 inquit,
775 5385 834 5441 duo
850 5386 881 5441 ia
901 5399 994 5442 carne
1048 5382 1211 5458 sequimur.

156 5479 547 5554 aaa.Quoeriturquomodo
557 5479 636 5536 hanc
647 5475 939 5548 auctoritatemque
950 5490 997 5550 est
1082 5474 1212 5540 ansrro
1233 5475 1308 5528 LVD.
1320 5473 1391 5529 Hac
1406 5479 1504 5531 autem
1519 5475 1584 5532 dica
1599 5476 1761 5532 secandum
1775 5472 1876 5532 iactat·

159 5569 197 5627 de
211 5567 427 5639 illaoonjugali
446 5568 564 5642 copula,
587 5584 656 5641 quae
672 5568 775 5625 sancta
790 5566 842 5633 est,
867 5562 994 5625 inducat
1048 5562 1336 5637 acatiamDuaeritur
1345 5562 1420 5636 quid
1429 5563 1475 5633 sit,
1483 5565 1530 5622 vel
1538 5561 1876 5639 voceturindnlgenaar
