3832 6044
161 121 213 175 215
322 114 475 173 annolus
493 116 539 172 DE
559 115 587 173 S.
607 115 755 173 victoria
773 115 849 176 OPP.
868 117 958 177 PARS
977 118 998 173 l.
1018 143 1054 159 -
1072 114 1273 173 marries.
1289 118 1356 172 -l.
1378 116 1412 171 IN
1433 114 1460 172 S.
1483 113 1709 172 SCRIPTURAM.
1818 118 1870 170 alu

53 306 59 313 ‚
161 240 350 317 profusiones
360 238 555 297 existimaturi
576 243 645 295 sunt
672 241 702 296 in
727 240 889 315 loquendo,
916 241 1027 316 quial
1046 239 1188 298 omnibus
1216 239 1300 314 quod
1326 243 1404 297 lleus
1428 239 1504 307 fecit,
1539 240 1572 295 ut
1594 243 1716 295 maneat
1744 254 1872 312 semper.

161 346 224 387 non
234 329 391 387 attendunt
403 327 624 386 multitudinem
634 328 841 399 dicendorum,
849 337 878 389 et
887 348 992 388 eorum
1048 332 1129 403 Opus
1157 331 1258 404 itaque
1284 329 1335 386 llei
1368 333 1413 386 est
1448 343 1571 396 creare,
1593 326 1746 394 formare,
1776 326 1875 400 dispo-

161 434 230 491 quae
244 418 324 474 dicte
347 421 416 474 sunt
441 415 685 489 profunditatem.
709 421 767 475 Nos
792 418 921 477 breviter
935 420 993 476 hoe
1046 435 1117 478 nere
1145 418 1295 477 universa.
1326 420 1407 491 Opus
1431 421 1545 475 naturae
1567 420 1611 473 est
1634 415 1750 473 semina
1774 432 1873 472 rorum

162 505 309 582 prolocuti
324 520 439 571 sumus,
461 508 493 560 ut
506 518 620 561 novam
630 503 738 563 iterum
752 511 939 580 reportemus
954 507 994 564 ad
1047 510 1085 568 de
1111 509 1228 567 occulto
1241 508 1309 566 sinu
1325 524 1379 582 per
1399 508 1617 565 incrementum
1629 505 1804 580 producere,
1828 523 1875 562 ea-

163 592 343 670 principium
370 592 475 649 tuturoe
497 592 676 650 narrationis
701 594 872 665 dictionem,
889 601 917 653 et
931 595 994 655 ani·
1047 600 1178 674 demque
1195 615 1315 657 rursum
1336 596 1550 655 marcescentia
1567 612 1636 653 cum
1651 595 1811 657 concidunt
1822 611 1876 668 per

163 699 230 742 mos
243 680 412 740 habeamus
427 681 596 741 alacriores.
1048 688 1197 746 delectum
1221 687 1261 746 ad
1287 686 1438 745 occultum
1466 685 1576 754 sinum,
1597 684 1678 742 unde
1706 683 1876 758 prodierant

462 809 606 866 ΗΟΜΜΑ
629 810 695 866 xlv·
1048 792 1198 834 revocare.
1222 777 1304 849 Opus
1326 773 1445 832 artifieis
1459 790 1530 830 cum
1554 779 1662 831 natura
1680 776 1724 829 est
1740 788 1793 829 :ea
1807 788 1875 845 quur

164 920 358 992 Reliquorum
376 932 440 988 quac
460 923 574 988 tempus
597 933 684 974 sumu
706 916 815 976 labent
830 917 995 978 declaratio
1049 861 1240 1027 gffitffles
1252 862 1475 1010 fflissgffi
1490 859 1877 1023 segbssgsssffifflffid

410 1013 437 1066 θ’
448 1007 595 1065 ‘mmm
608 1009 753 1080 remmia
1050 1041 1169 1116 operari
1185 1040 1234 1098 vel
1246 1040 1397 1113 disjuncta
1421 1038 1641 1113 componendo,
1657 1037 1702 1095 rel
1717 1038 1877 1109 coniuncta

202 1136 309 1193 Omnia
324 1140 438 1205 ternpus
453 1133 572 1207 babeat,
587 1141 615 1192 et
640 1137 700 1190 suta
714 1135 820 1204 spatiis
836 1139 996 1193 transeunt
1051 1131 1220 1209 separando
1233 1151 1240 1201 ;
1255 1132 1297 1190 ita
1321 1136 1355 1189 ut
1377 1147 1433 1189 neo
1457 1146 1557 1188 creare
1569 1146 1639 1188 eum
1653 1132 1714 1187 Deo
1728 1127 1830 1202 possit,
1846 1131 1879 1184 ut

166 1228 308 1284 uniuersa
321 1224 375 1280 sub
403 1225 486 1281 culo.
504 1223 666 1290 Quaesierat
691 1239 782 1297 supra
808 1222 997 1281 Ecclesiastes
1052 1224 1089 1281 sit
1101 1221 1185 1298 quod
1210 1237 1272 1279 non
1295 1224 1367 1290 erat,
1382 1236 1438 1279 nee
1451 1236 1523 1278 cum
1536 1223 1643 1278 nature
1657 1218 1766 1279 letibus
1778 1233 1877 1273 rerum

167 1330 263 1372 unum
278 1311 433 1386 aliquidin
446 1311 562 1368 mundo
575 1311 606 1367 in
620 1328 682 1386 quo
695 1312 796 1369 animo
811 1312 997 1386 requiescere
1051 1314 1269 1370 incrementum
1291 1310 1436 1381 tribuere,
1453 1312 1486 1367 ut
1503 1309 1603 1381 majus
1631 1307 1764 1383 sitqnod
1778 1306 1878 1365 minus

168 1401 331 1477 potuissem
347 1404 376 1458 et
400 1416 461 1457 non
486 1400 597 1457 invenit
616 1399 689 1457 illud
708 1401 784 1459 inter
806 1401 919 1471 omnia,
936 1402 997 1458 sive
1052 1406 1124 1460 erat.

168 1494 241 1567 quia
264 1491 438 1564 imperfecta
465 1494 551 1549 erant
571 1490 698 1561 singula,
733 1491 793 1548 sire
818 1491 889 1566 quia
904 1495 998 1549 trans·
1088 1494 1157 1549 Tres
1181 1490 1281 1564 itaque
1307 1489 1429 1564 opifices
1452 1491 1521 1546 sunt
1541 1487 1572 1543 in
1587 1486 1645 1544 hoe
1658 1486 1784 1553 mundo,
1801 1488 1879 1542 Deus

168 1581 255 1639 itoria
279 1583 363 1637 erant
387 1579 537 1637 universa.
561 1583 719 1653 Propterea
742 1580 833 1653 coepit
855 1579 996 1648 fastidire,
1013 1600 1034 1655 g
1051 1585 1161 1638 natura
1187 1584 1216 1638 et
1242 1578 1347 1637 artifex
1368 1577 1487 1636 imitans
1505 1581 1655 1634 naturam.
1683 1575 1740 1633 Sed
1761 1575 1792 1630 bi
1821 1579 1879 1630 tres

170 1675 199 1727 et
211 1668 374 1743 reprobare
396 1669 513 1738 omnia;
541 1673 691 1726 ettamen
716 1685 850 1743 quaerere
874 1685 936 1727 non
949 1669 999 1726 de·
1053 1668 1142 1727 valde
1170 1668 1283 1742 dispari
1305 1666 1438 1742 potentia
1452 1665 1483 1723 id
1509 1664 1592 1739 quod
1606 1664 1644 1721 ad
1660 1663 1798 1720 ellectum
1811 1679 1878 1735 pro-

171 1759 218 1816 siit
231 1772 350 1832 semper
377 1757 407 1814 in
435 1757 481 1813 bis
508 1758 655 1828 gaudium
683 1757 807 1831 plenum
825 1761 855 1814 et
867 1757 998 1815 invenire
1054 1759 1179 1828 ducunt,
1194 1757 1335 1815 efficiunt.
1351 1760 1426 1815 Nam
1440 1759 1518 1813 Deus
1532 1754 1563 1812 in
1574 1770 1663 1829 opere
1679 1770 1743 1821 suo,
1759 1769 1815 1810 nec
1829 1769 1879 1810 na·

170 1864 232 1905 non
245 1850 371 1921 poterat.
386 1846 518 1904 Tandem
539 1862 610 1918 ergo
631 1846 795 1921 aliquando
809 1846 999 1904 mutabilium
1055 1853 1128 1906 tine
1142 1863 1234 1922 opera
1259 1846 1381 1917 indiget,
1410 1861 1464 1903 neo
1492 1843 1608 1918 opificis
1636 1842 1778 1903 imitantis
1795 1847 1879 1900 natu-

171 1935 372 1994 conditionem
399 1950 576 2006 agnoscens,
604 1934 679 1993 vidit
706 1951 737 1992 se
760 1935 791 1992 in
816 1940 942 2009 utroque
957 1951 1001 1992 er·
1054 1954 1130 1995 ram.
1146 1938 1291 2010 Operatur
1305 1935 1385 1992 enim
1410 1937 1486 1991 Deus
1507 1932 1671 2007 siquando
1684 1932 1747 1990 sine
1762 1937 1878 1999 natura,

171 2041 264 2093 rasse,
292 2024 354 2081 sive
382 2024 466 2097 quod
492 2039 619 2098 eaquae
646 2024 677 2081 in
707 2039 814 2096 genere
841 2040 896 2082 suo
919 2024 1001 2082 bona
1055 2025 1218 2099 aliquando
1237 2024 1269 2081 in
1292 2027 1409 2091 natura,
1436 2020 1600 2096 aliquando
1622 2037 1714 2095 supra
1729 2025 1878 2078 naturam.

172 2117 265 2178 erant,
280 2112 438 2170 malaesse
458 2112 565 2184 arguit,
593 2112 654 2169 sive
677 2112 761 2187 quod
775 2128 812 2170 ee
825 2129 894 2187 quoe
907 2118 1001 2171 trans-
1055 2118 1130 2173 llam
1158 2115 1220 2171 sine
1247 2116 1355 2171 nauua
1382 2111 1514 2186 primum
1528 2111 1596 2168 fecit
1610 2111 1709 2184 ipsam
1729 2114 1879 2168 naturam.

172 2203 260 2261 itoria
273 2207 366 2271 erant,
390 2206 534 2275 perpetuo
563 2206 640 2260 stare
665 2218 755 2276 posse
775 2203 901 2277 putavit.
918 2205 1002 2260 Nune
1055 2203 1183 2272 Quando
1204 2203 1285 2260 enirn
1308 2206 1448 2259 naturam
1473 2200 1550 2268 fecit,
1571 2204 1783 2273 cooperantem
1796 2204 1880 2256 natu·

173 2293 275 2366 itaque
303 2291 455 2362 corrigens
485 2290 679 2364 semetipsum
705 2307 761 2365 pro
785 2291 1002 2351 existimatione
1055 2310 1121 2351 ram
1136 2308 1199 2350 non
1213 2291 1327 2349 habuit.
1356 2293 1421 2348 Non
1442 2289 1522 2347 enim
1536 2289 1632 2364 potuit
1649 2289 1732 2363 quod
1745 2288 1881 2347 nondum

173 2381 332 2456 preterita,
347 2381 504 2456 profitetur
527 2380 630 2439 omnia
653 2397 723 2457 quae
751 2382 807 2438 sub
835 2382 911 2440 coelo
934 2384 1003 2439 sunt
1057 2386 1129 2453 erat,
1146 2381 1339 2456 semetipsum
1367 2378 1484 2453 operari
1505 2395 1575 2435 cum
1596 2378 1698 2452 etqui
1713 2378 1879 2435 soluserat.

174 2469 680 2543 simulettemporetranseuntiaet
693 2474 827 2546 tempore
841 2470 1000 2529 sunbona.
1059 2472 1186 2543 sicergo
1214 2469 1346 2544 primum
1374 2472 1513 2525 naturam
1536 2466 1605 2526 fecit
1627 2467 1689 2525 sine
1717 2471 1834 2536 natura,
1851 2471 1883 2523 ut

175 2559 309 2626 Quorum
322 2557 459 2614 omnium
481 2556 665 2616 mutabilitas
679 2561 707 2616 et
722 2558 875 2617 fluctuatio
888 2563 1002 2632 quanta
1056 2564 1161 2634 postea
1185 2558 1217 2615 in
1242 2562 1359 2626 natura,
1388 2556 1447 2614 alia
1468 2556 1565 2614 faeere
1589 2574 1657 2614 cum
1685 2556 1881 2625 naturantis

175 2646 222 2715 sit,
238 2644 389 2702 utmelius
412 2645 536 2716 intelligi
563 2647 666 2721 possit,
696 2648 838 2706 universa
863 2649 1001 2705 haecnon
1056 2650 1308 2721 supranaturam.
1331 2648 1405 2703 Cum
1428 2648 1536 2703 natura
1558 2645 1669 2720 quippe
1684 2644 1753 2701 tacit
1766 2633 1880 2717 eaquae

176 2733 274 2791 solum
301 2733 425 2791 transire
457 2738 609 2808 tempore,
634 2737 688 2795 sed
721 2742 854 2812 tempore
880 2751 1002 2810 quoque
1056 2736 1094 2793 de
1120 2739 1228 2792 natura
1254 2733 1421 2797 secundum
1442 2738 1582 2792 naturam
1609 2731 1763 2806 producit;
1789 2750 1882 2805 supra

175 2821 206 2879 in
221 2821 369 2879 contraria
395 2821 436 2881 ire
457 2824 595 2895 ostendit,
620 2825 722 2882 dicens
740 2841 746 2879 :
763 2825 870 2883 Omnia
883 2828 1002 2896 tempus
1055 2827 1196 2882 naturam
1216 2821 1295 2891 facit,
1322 2823 1445 2897 quando
1467 2823 1498 2880 in
1516 2826 1632 2889 natura,
1646 2825 1752 2893 praeter
1766 2826 1881 2878 nature

175 2910 299 2981 habent,
327 2914 356 2969 et
383 2911 444 2968 suis
471 2913 574 2988 spatiis
599 2917 754 2973 transeunt
777 2913 917 2970 universa
944 2911 1036 3004 subc
1056 2928 1179 2970 cursum
1200 2911 1320 2971 solitum
1343 2917 1372 2970 et
1388 2927 1477 2986 posse
1499 2909 1642 2984 primum,
1657 2909 1765 2981 majori
1780 2910 1881 2967 addita

176 3000 261 3059 ooelo.
291 3003 324 3058 Et
352 3006 507 3061 enumerat
534 3002 642 3061 deinde
665 3001 805 3059 universa
831 3001 862 3058 in
891 3015 1000 3072 genere
1054 3002 1187 3077 potentia
1212 3000 1326 3077 aliquid
1352 3000 1392 3060 ad
1416 2998 1554 3057 ellectum
1577 2996 1724 3072 producit.
1755 2999 1881 3066 Quando

177 3107 232 3149 suo
260 3091 477 3164 distinguens:
506 3095 631 3163 Tempus
657 3091 801 3149 uescendi
827 3097 856 3148 et
883 3096 999 3162 tempus
1056 3107 1127 3163 ergo
1153 3095 1294 3149 naturam
1317 3091 1457 3164 operatur
1479 3089 1623 3165 neus,‚et
1651 3087 1775 3162 quando
1790 3104 1882 3162 supra

175 3182 331 3240 moriendi.
360 3182 494 3241 Primum
520 3179 686 3238 secundum
706 3178 888 3253 principium
916 3184 945 3237 et
968 3180 1002 3237 li·
1055 3183 1195 3239 naturam
1209 3183 1349 3255 operetur
1367 3179 1483 3245 natura,
1511 3179 1572 3233 Deo
1600 3193 1663 3234 non
1684 3182 1880 3251 cooperatur;

176 3287 247 3329 nem
259 3271 400 3329 describit
413 3287 535 3330 cursum
548 3284 649 3327 rarum
662 3267 862 3337 mutabilium,
879 3272 912 3325 ut
921 3272 1002 3344 post
1055 3269 1128 3343 quia
1142 3268 1200 3327 illic
1227 3271 1342 3327 tantum
1366 3269 1475 3324 natura
1497 3266 1613 3341 accipit,
1640 3267 1723 3341 quod
1743 3283 1807 3325 non
1821 3270 1883 3323 erat

176 3376 213 3419 ea
235 3376 341 3418 eorum
367 3376 435 3433 quae
465 3360 497 3416 in
523 3357 623 3417 medio
651 3360 825 3426 versantur,
855 3357 1003 3416 mutabili-
1058 3364 1092 3416 ut
1106 3358 1143 3417 sit
1158 3376 1164 3416 :
1178 3357 1227 3416 bic
1249 3371 1321 3414 vero
1335 3355 1452 3430 accipit,
1476 3355 1560 3430 quod
1585 3360 1822 3429 nonpoteratex
1836 3372 1882 3424 eo,

176 3452 268 3505 tatem
294 3452 323 3505 et
349 3447 583 3504 vicissitudinem
609 3444 779 3516 diligentius
792 3451 1001 3520 prosequatur.
1057 3448 1140 3522 quod
1154 3449 1317 3521 acceperat,
1340 3450 1373 3503 ut
1397 3446 1499 3518 possit.
1525 3448 1601 3517 Ergo
1617 3446 1679 3504 sine
1693 3449 1800 3504 natura
1814 3461 1884 3519 ope-

178 3537 255 3592 Sane
269 3540 399 3608 quatuor
424 3539 494 3591 sunt
514 3550 616 3607 opera,
645 3533 756 3608 quibus
770 3535 868 3593 omnis
889 3540 1004 3612 tempo
1057 3538 1116 3595 rari
1144 3539 1240 3611 potest
1267 3537 1362 3605 Deus,
1385 3537 1492 3593 natura
1519 3534 1583 3594 sine
1610 3538 1669 3593 ileo
1696 3551 1758 3592 noa
1776 3538 1882 3608 potest,

176 3622 251 3680 raba
278 3627 308 3680 et
329 3622 433 3680 omnia
447 3627 581 3696 tempore
602 3624 786 3683 transeuntia
806 3625 1002 3699 explicantur.
1058 3626 1129 3700 quia
1147 3624 1231 3700 quod
1250 3628 1360 3682 natrna
1385 3624 1465 3693 facit,
1492 3642 1529 3682 ex
1556 3641 1592 3682 eo
1613 3625 1683 3683 facit
1705 3624 1788 3699 quod
1807 3627 1885 3682 Deus

176 3711 309 3771 ffimum
335 3714 381 3769 est
404 3727 482 3785 opus
505 3710 565 3779 Dei,
589 3713 756 3770 secundum
779 3720 823 3773 est
850 3730 928 3788 opus
952 3730 1005 3773 na·
1058 3714 1136 3784 tacit,
1161 3716 1189 3772 et
1214 3730 1284 3771 cnm
1312 3729 1348 3772 eo
1373 3714 1457 3788 quod
1481 3717 1558 3772 lteus
1581 3714 1660 3774 lacit.
1689 3718 1777 3772 Posse
1804 3714 1885 3771 enim

177 3805 271 3870 turre;
303 3797 422 3861 tertium
449 3805 495 3856 est
524 3815 603 3874 opus
635 3801 755 3859 artificis
783 3820 853 3861 cum
879 3808 1003 3873 netum
1057 3809 1172 3864 naturae
1200 3803 1333 3878 primum
1360 3806 1438 3861 Deus
1466 3803 1667 3882 iacit31etud
1692 3804 1731 3861 ad
1747 3803 1886 3863 effectum

178 3893 320 3963 quartum
347 3892 392 3945 est
430 3903 507 3963 opus
535 3888 626 3946 solius
651 3889 771 3948 artificis
796 3893 858 3949 sine
885 3897 1003 3950 natura.
1058 3893 1193 3969 prodeat,
1207 3908 1327 3950 rursum
1341 3893 1405 3967 ipse
1426 3892 1495 3951 laeit
1509 3909 1579 3951 cum
1593 3893 1659 3967 ipsa
1672 3897 1779 3951 natura
1792 3909 1886 3967 quarn

179 3978 261 4049 Opus
284 3976 336 4033 [lei
360 3981 404 4034 est
426 3977 585 4036 essentiam
599 3994 700 4036 rerum
723 3973 883 4038 de'nilailo
906 3996 1006 4038 creare
1059 3982 1139 4040 facit.
1169 3985 1263 4040 Omne
1286 3998 1358 4056 ergo
1386 3983 1469 4056 quod
1491 3986 1597 4040 natura
1621 3982 1700 4051 iacit,
1716 3982 1885 4053 Deusfacit,

178 4064 336 4125 materiam
361 4081 463 4125 rerum
491 4067 522 4124 in
547 4067 677 4127 formam
704 4069 872 4144 disponere,
888 4074 1006 4128 motum
1060 4072 1113 4130 sed
1135 4087 1197 4130 non
1218 4087 1318 4141 omne,
1348 4072 1432 4146 quod
1458 4075 1536 4129 Deus
1563 4072 1641 4141 facit,
1669 4077 1776 4130 natura
1796 4072 1886 4129 etiarn

179 4157 282 4213 autem
308 4171 409 4213 rerum
437 4155 493 4213 sub
521 4162 601 4215 certo
627 4157 731 4216 ordine
753 4162 928 4233 temperare.
940 4162 1007 4216 Pro·
1059 4161 1130 4220 facit
1146 4181 1153 4232 ;
1167 4162 1221 4236 qui
1246 4161 1309 4219 sine
1337 4166 1446 4221 natrna
1467 4166 1607 4220 natinam
1620 4161 1699 4220 tacit.
1714 4162 1807 4219 Tertio
1819 4161 1887 4218 loco

178 4247 283 4319 pterea
309 4245 364 4303 tria
391 4246 455 4303 haec
479 4245 519 4305 ad
541 4262 619 4320 opus
646 4247 698 4304 liei
716 4248 881 4322 pertinent,
906 4246 938 4305 id
963 4251 1007 4306 est
1062 4256 1228 4326 sequuntur
1255 4267 1347 4327 opera
1373 4251 1493 4311 artificis
1515 4251 1657 4309 imitantis
1684 4256 1835 4320 naturam,
1859 4256 1889 4308 et

180 4334 308 4394 essentia
334 4351 453 4406 rerum,
493 4337 590 4395 torma
628 4341 657 4395 et
692 4339 776 4396 ordo.
805 4341 872 4395 lloec
905 4343 1006 4396 autem
1061 4342 1125 4416 ipse
1143 4341 1267 4417 quidem
1291 4341 1453 4417 aliquando
1479 4357 1549 4398 cum
1575 4345 1635 4398 Deo
1658 4347 1799 4416 operatur
1824 4342 1888 4399 sine

180 4424 245 4494 uia,
262 4425 337 4483 sicut
364 4430 469 4500 postea
495 4431 599 4484 auctor
623 4427 688 4501 ipse
719 4429 872 4485 attestatur
884 4427 922 4484 de
936 4444 1007 4502 ope·
1060 4436 1187 4502 natura,
1213 4430 1377 4506 aliquando
1404 4447 1474 4488 cunr
1502 4435 1610 4489 natura
1638 4431 1700 4488 sine
1729 4434 1807 4500 beo,
1838 4431 1888 4487 ali·

180 4513 264 4571 ribus
284 4515 354 4585 Ilei,
380 4514 498 4573 stabilia
523 4520 603 4585 sunt,
631 4531 687 4572 nec
714 4515 857 4589 temporis
885 4516 1009 4591 capiunt
1060 4520 1184 4595 quando
1197 4537 1266 4579 cum
1280 4519 1441 4578 Deosimul
1455 4523 1484 4577 et
1512 4537 1582 4577 cum
1595 4520 1888 4594 natura,aliquendo

181 4602 421 4672 mutabilitatem,
445 4604 519 4677 quia
541 4609 569 4661 et
593 4605 910 4663 rerumessentioehoc
924 4605 1008 4681 quod
1062 4611 1124 4669 sine
1166 4612 1226 4667 Deo
1260 4608 1370 4682 pariter
1403 4613 1433 4666 et
1466 4608 1529 4665 sine
1561 4613 1678 4667 natine.
1719 4612 1794 4668 cum
1828 4612 1888 4666 Deo

183 4695 253 4749 sunt
266 4706 424 4765 nunquam
439 4708 504 4749 esse
516 4693 665 4763 desinunt,
681 4699 711 4752 et
731 4711 832 4753 rerum
845 4695 949 4754 lormae
964 4712 1009 4753 sa·
1062 4703 1202 4774 operatur
1222 4697 1346 4772 quando
1371 4711 1463 4771 opera
1484 4697 1604 4770 justitia
1630 4703 1789 4772 operatur;
1817 4698 1889 4773 quia

183 4778 318 4837 cundum
329 4779 460 4852 primam
474 4781 641 4841 conditoris
655 4783 703 4841 sui
720 4784 935 4842 institutionem
947 4784 1008 4842 suis
1062 4793 1148 4846 recta
1160 4785 1315 4853 voluntati,
1340 4788 1368 4843 et
1396 4786 1563 4844 secundum
1583 4787 1729 4859 justitiam
1744 4787 1888 4845 ordinatus

183 4867 344 4939 generibus
371 4875 548 4944 perpetuam
574 4872 758 4931 identitatem
786 4873 965 4942 emtodiunt,
981 4878 1010 4935 et
1063 4880 1140 4934 Deus
1173 4878 1360 4948 cooperatur.
1389 4874 1457 4932 Sine
1482 4878 1542 4934 Deo
1573 4881 1731 4950 operatur,
1765 4877 1888 4951 quando

184 4960 284 5017 motus
293 4972 394 5015 rerum
406 4959 496 5033 primi
509 4960 623 5019 ordinis
632 4961 729 5032 legem
743 4976 901 5035 nunquam
914 4966 1010 5021 bans·
1063 4981 1156 5041 opera
1184 4963 1348 5038 iniquitatis
1388 4969 1544 5039 operatum
1587 4966 1732 5040 quoniam
1767 4970 1890 5041 peccata

184 5044 324 5105 cendunt.
354 5049 455 5123 Neque
482 5049 563 5107 enim
582 5049 630 5107 vel
652 5050 786 5107 essentiae
809 5065 910 5107 rerum
937 5050 1010 5110 nihil
1064 5057 1167 5113 allec
1181 5068 1243 5110 non
1266 5057 1354 5122 sunt,
1376 5068 1431 5111 nec
1467 5069 1521 5127 per
1551 5054 1616 5126 ejus
1648 5055 1889 5130 cooperationem

184 5153 259 5207 esse,
274 5136 322 5195 vel
344 5138 448 5197 formae
470 5153 571 5196 rerum
599 5137 683 5197 aliter
705 5154 780 5207 esse,
808 5138 854 5196 vel
877 5139 952 5197 ordo
966 5157 1011 5199 re·
1054 5141 1128 5200 -fieri
1149 5139 1250 5211 habet
1285 5140 1369 5215 quod
1398 5140 1432 5198 fit
1472 5146 1576 5201 contra
1601 5143 1666 5215 ejus
1693 5142 1887 5201 voluntatem.

184 5243 253 5284 rum
270 5226 485 5302 dispositioque
509 5226 548 5284 ab
568 5225 662 5297 initio,
691 5226 775 5286 aliter
789 5243 821 5285 se
833 5228 945 5287 habere
959 5245 1012 5305 po
1066 5234 1140 5290 Cum
1152 5234 1260 5289 natura
1282 5234 1423 5304 operatur
1446 5230 1559 5301 artilex,
1583 5233 1707 5305 quando
1725 5232 1890 5289 seminibus

185 5319 321 5385 tuerunt;
339 5315 392 5374 sed
406 5320 527 5375 servant
544 5316 648 5375 omnia
666 5317 771 5392 prima
785 5317 860 5391 legis
873 5335 1013 5378 normam
1065 5334 1167 5378 rerum
1185 5333 1220 5376 ac
1241 5317 1350 5376 letibus
1370 5319 1584 5393 propagandis,
1600 5320 1711 5394 quibus
1724 5324 1833 5378 natura
1847 5321 1890 5376 in-

186 5407 215 5461 et
228 5404 358 5478 antiquae
372 5405 562 5465 institutionis
589 5411 722 5483 pactum,
750 5424 907 5484 nunquam
926 5424 1012 5466 secus
1066 5413 1252 5468 crementum
1273 5408 1401 5482 subjicit,
1424 5409 1495 5467 loris
1517 5409 1694 5469 industriam
1709 5415 1738 5468 et
1756 5410 1889 5467 studium

187 5491 335 5550 currentia
344 5493 443 5553 adhuc
458 5500 566 5557 cuncta
578 5497 757 5556 custodiunt.
773 5500 931 5570 Propterea
942 5512 1013 5569 erge
1067 5497 1200 5573 apponit.
1217 5497 1284 5557 Sine
1307 5502 1414 5557 natura
1428 5503 1577 5572 operatur,
1598 5499 1722 5573 quando
1736 5504 1889 5573 praeterea,

186 5588 384 5657 permaneant
396 5601 490 5672 opera
509 5586 570 5659 Dei,
597 5586 670 5663 qiua
697 5586 802 5657 stabile
822 5591 867 5659 eet
879 5585 912 5647 iu
922 5585 1014 5649 rebus
1067 5604 1137 5663 quae
1152 5587 1193 5658 ad
1212 5587 1461 5663 propagationem
1473 5587 1624 5649 sensuum
1637 5593 1781 5664 spectant,
1795 5593 1825 5648 et
1837 5604 1891 5649 na-
