3832 6044
136 111 189 177 aar
296 104 449 168 uuccuts
470 107 516 165 DE
536 104 563 167 S.
584 106 733 167 uerear
752 108 826 177 ΟΡΡ.
854 111 944 179 PARS
963 105 1246 179 tmuauuu'rtca.
1262 139 1296 161 τ-
1312 114 1331 167 ι.
1352 110 1387 168 ΙΝ
1408 110 1435 168 S.
1458 111 1683 170 SCRIPTURAM.
1794 118 1847 173 ιιι

63 261 67 269 -
137 229 317 297 habentibus
345 245 434 306 super
457 231 524 300 boc,
540 231 612 311 quia
635 230 709 289 illud
730 232 876 303 nesciunt,
907 251 961 293 ucc
981 234 1050 297 Ain
1065 235 1143 295 banc
1159 234 1249 293 uitam
1264 238 1295 291 ut
1310 234 1487 311 experiatur,
1499 240 1527 293 et
1539 236 1644 297 sentiat
1657 252 1846 309 rursmnqure

139 319 339 385 demonstrari
365 319 407 375 eis
436 324 533 392 potest
557 318 595 375 ab
620 319 655 377 iis
677 320 729 395 qui
748 320 807 379 fide
833 324 890 380 hcc
917 340 963 381 ca·
1020 324 1194 397 agunturin
1209 325 1267 381 hoc
1286 324 1395 381 srecadc
1410 325 1661 399 utpcssrtdenuo
1680 325 1848 381 delectatio-

138 409 233 489 piunt,
259 410 330 491 qnia
356 409 412 487 ipsi
438 409 529 465 tidem
554 425 615 469 non
649 411 780 485 capiunt.
807 415 965 486 Propterea
1020 413 1109 471 uilius
1125 413 1322 487 ejusperirui,
1336 418 1364 470 ct
1378 413 1529 488 percipere
1542 414 1761 485 jucunditatem
1771 414 1847 472 illius

138 503 245 574 putant
274 498 330 573 ipsi
367 498 521 557 bemineru
558 498 632 556 nihil
668 517 791 575 prorsus
826 504 963 575 jumento
1020 519 1088 577 quie
1103 503 1203 561 lutura
1217 507 1261 559 cst
1273 508 1342 579 post
1364 519 1444 561 eum.
1461 502 1529 560 tdcc
1548 503 1685 577 quandiu
1705 503 1781 570 risit,
1801 521 1848 561 ca-

138 589 248 653 habuc
276 588 422 662 ampliuS,
449 588 521 663 quia
552 590 690 649 nesciunt
722 591 806 665 quod
844 594 964 671 spiritus
1020 593 1083 666 piat
1105 598 1253 667 quantum
1277 596 1383 666 potest,
1400 596 1428 649 et
1443 596 1542 650 utatur
1563 594 1620 649 boc
1640 593 1754 654 mundo
1768 598 1847 650 antc-

138 677 268 733 tiliorum
291 676 387 732 Adam
400 676 481 733 radit
503 693 633 748 sursum,
656 685 683 736 et
706 680 825 753 spiritus
846 683 964 753 jumen-
1019 699 1114 757 quum
1128 683 1225 750 alreat,
1241 687 1269 738 ct
1280 682 1424 747 educatur
1438 699 1475 739 cx
1488 682 1554 750 illo,
1569 683 1640 756 quia
1653 700 1713 741 non
1726 687 1849 740 rcrcrtc·

139 770 237 827 torua
260 764 411 831 deorsum.
429 769 546 829 Etcum
569 768 675 835 dicitur
690 769 749 826 eis:
766 770 850 842 quod
872 771 964 827 bomo
1021 776 1069 827 tur
1081 772 1211 847 amplius
1222 787 1277 828 nec
1287 772 1445 829 reducetur
1455 777 1487 829 ut
1498 777 1567 846 post
1581 789 1611 828 se
1626 772 1725 831 latina
1739 790 1848 844 cogno-

135 854 272 926 jumento
287 854 416 929 amplius
426 855 526 926 habet,
542 857 613 930 quia
628 859 747 933 spiritus
757 859 887 917 hominis
903 876 965 915 Sul'-
1021 865 1093 919 scat.
1110 864 1143 921 Et
1157 861 1221 919 lieri
1234 866 1332 935 potest
1351 866 1384 918 nt
1404 862 1449 930 iis,
1469 863 1579 937 quibus
1594 863 1657 937 ipse
1678 863 1719 921 uti
1743 863 1837 921 nolint

139 961 206 1000 snm
225 943 308 999 vadit
329 943 368 999 ad
393 945 495 1013 vitam,
512 950 541 1004 et
561 947 680 1021 spiritus
701 949 908 1021 jumentorum
926 948 966 1005 ad
1021 950 1097 1009 alius
1112 955 1179 1025 pest
1201 951 1300 1025 ipsum
1319 951 1468 1019 abutatur,
1483 956 1512 1009 et
1525 953 1665 1023 gaudeat,
1680 957 1708 1010 ct
1724 953 1849 1008 exsultet

138 1036 267 1093 mortem
281 1031 432 1104 deorsum,
454 1035 575 1093 dicunt:
602 1037 672 1108 Quis
696 1038 775 1101 novit
796 1038 873 1094 boe?
902 1041 965 1095 Non
1021 1036 1053 1095 in
1066 1035 1153 1095 bonis
1177 1036 1242 1108 ejus
1266 1035 1390 1105 uberim,
1412 1041 1440 1093 ct
1458 1052 1519 1093 nou
1539 1037 1654 1110 possint
1669 1037 1797 1110 amphus
1810 1037 1849 1095 ad

138 1121 220 1181 enim
234 1126 340 1198 putant
354 1123 422 1181 sciri
440 1124 553 1198 aliquid
567 1140 665 1199 posse,
685 1126 743 1189 nisi
766 1126 853 1185 oculo
867 1125 965 1185 earnis
1021 1142 1110 1183 nsum
1132 1124 1225 1199 ipsius
1248 1126 1369 1194 reduci,
1395 1143 1464 1185 cum
1492 1127 1584 1183 semel
1607 1126 1724 1184 alnetus
1752 1126 1847 1183 suerit.

137 1209 282 1277 videatur,
303 1214 331 1269 ct
344 1211 532 1282 contingatrn·
556 1229 654 1283 sensu,
676 1219 704 1270 et
724 1215 790 1273 ideo
811 1215 965 1273 scientiam
1021 1217 1142 1288 Propter
1156 1214 1213 1270 hoc
1229 1219 1257 1273 et
1270 1215 1479 1289 hujuscemodi
1493 1220 1599 1289 putant
1617 1215 1754 1275 homines
1771 1216 1848 1271 hane

139 1296 209 1355 fidei
222 1312 284 1359 non
297 1297 452 1371 recipiunt,
469 1317 530 1375 qua
543 1301 758 1361 solabomoad
769 1303 800 1362 id
813 1308 967 1361 revocatur
1022 1321 1087 1362 csse
1110 1308 1227 1381 partem
1251 1321 1347 1372 suam,
1373 1309 1405 1361 ut
1429 1305 1565 1362 truantur
1579 1305 1729 1379 voluptate
1743 1304 1849 1360 mundi

139 1387 170 1443 iu
184 1400 245 1459 quc
256 1384 394 1456 jumento
408 1387 498 1445 habet
512 1389 650 1465 amplias.
664 1393 697 1447 at
710 1391 782 1467 qnia
792 1392 890 1449 ridere
905 1408 967 1449 non
1021 1395 1096 1453 (ιιιιιι
1109 1411 1156 1452 vu
1151 1398 1227 1462 unt
1244 1398 1273 1451 ct
1287 1393 1330 1485 cip
1339 1395 1398 1459 boc
1409 1394 1532 1451 solumi
1531 1400 1612 1453 actos
1623 1411 1653 1451 sc
1669 1393 1847 1460 existimant,

139 1476 265 1557 possunt
279 1472 361 1540 illud,
376 1492 431 1533 nec
446 1476 661 1549 contingerem
676 1480 833 1539 manifesto
845 1485 876 1539 ut
886 1498 966 1538 conr·
1021 1499 1059 1539 ne
1074 1481 1188 1540 tuturos
1205 1487 1274 1557 post
1291 1483 1356 1548 brec
1371 1482 1494 1557 aliquid,
1509 1500 1577 1539 crim
1597 1483 1688 1539 tinem
1703 1481 1850 1557 acceperit

139 1552 327 1637 prehendant
351 1564 424 1638 quid
449 1566 507 1623 boc
521 1570 573 1634 est,
590 1568 673 1647 quod
696 1569 787 1627 habet
810 1569 930 1634 bomc'
920 1586 1004 1668 ιιι·Β
1020 1571 1080 1631 vita
1094 1571 1159 1629 ista
1176 1574 1209 1631 ut
1222 1569 1420 1649 multiplicant
1433 1571 1570 1639 rabones,
1582 1576 1808 1642 ctargumenta,
1821 1574 1849 1627 ct

139 1656 240 1715 mento
255 1651 404 1727 amplius:
422 1653 582 1729 desperent
601 1657 725 1715 omnino
739 1658 848 1716 desita
862 1674 966 1759 perpe·
983 1614 1090 1737 B'qnae
1105 1661 1161 1718 arbi
1176 1666 1244 1720 sunt
1258 1661 1388 1721 rationes
1401 1666 1578 1720 coaccraaut
1592 1661 1665 1721 alias
1680 1665 1788 1737 post
1764 1659 1847 1726 retias,

139 1747 200 1811 tua,
216 1745 244 1802 ct
257 1741 402 1805 increduli
411 1742 518 1805 fiunt
501 1762 535 1801 ns
549 1762 617 1819 quae
628 1747 777 1817 dicuntur,
789 1751 818 1804 ct
830 1764 860 1805 sc
873 1747 904 1813 ia
916 1748 966 1804 dc·
1022 1757 1056 1808 ut
1069 1751 1182 1827 scipsos
1201 1751 1351 1811 decipiant
1364 1757 1393 1813 et
1413 1752 1626 1809 confirmentur
1641 1750 1731 1809 corda
1746 1766 1851 1810 eorum

139 1830 381 1896 lactationesritae
392 1834 546 1893 arescens
553 1839 614 1893 tcta
624 1835 785 1894 intentione
796 1836 966 1911 projiciunt,

139 1920 228 2001 quasi
247 1921 311 1979 haec
326 1921 363 1978 sit
376 1922 473 1997 portic
488 1922 606 1983 illorum
621 1925 695 1995 sola,
710 1931 738 1983 ct
751 1927 825 1985 nibil
839 1927 967 1999 amplias

141 2011 198 2075 siut
220 2011 371 2089 accepturi
393 2019 507 2087 postea.
533 2015 671 2073 Nesciunt
697 2016 787 2085 entur,
803 2017 886 2091 quod
901 2016 967 2073 ideo

141 2101 350 2166 absconditum
377 2107 429 2171 est,
451 2108 483 2162 ut
501 2105 638 2167 credatur
656 2106 740 2181 quod
760 2106 852 2173 babet
875 2107 967 2164 homo

137 2191 275 2264 jamenta
288 2191 427 2266 amplius,
443 2197 471 2253 et
485 2193 627 2268 probetur
640 2196 732 2255 homo
752 2196 815 2272 ipse
829 2196 969 2268 ignoran-

140 2280 181 2343 tia
195 2297 250 2344 sua
259 2280 290 2343 in
303 2279 362 2337 fide
379 2298 398 2338 a
412 2285 482 2340 lieo.
499 2282 527 2341 Si
542 2283 622 2347 enim
636 2284 784 2343 rideretur
793 2302 856 2342 non
869 2285 969 2343 credo-

141 2375 230 2440 retur,
246 2369 299 2429 scd
313 2369 452 2439 acinetum
475 2388 530 2429 nec
551 2389 615 2430 csse
627 2373 777 2443 meritum,
793 2391 847 2432 nec
862 2374 970 2447 proba-

141 2472 222 2527 retur
243 2467 345 2537 homo,
369 2485 424 2526 nec
448 2470 694 2530 convincerentur
706 2472 810 2547 iniqui,
827 2489 882 2533 uec
897 2471 970 2535 boni

142 2563 356 2621 exercerentur.
386 2562 544 2634 Propterea
570 2561 781 2621 absconditum
797 2567 841 2620 cst
855 2566 886 2620 ut
908 2578 970 2619 non

1022 1841 1053 1899 in
1063 1840 1188 1909 malum,
1203 1845 1231 1898 ei
1243 1841 1366 1899 credant
1379 1841 1462 1915 qnod
1478 1841 1587 1899 falsum
1598 1846 1650 1899 est.
1662 1843 1694 1896 Et
1703 1838 1853 1895 ruclrticant

1023 1930 1187 1989 mendaciis
1200 1947 1322 1991 murum
1334 1930 1409 1987 iuter
1424 1947 1454 1986 sc
1470 1931 1675 1997 alacritatem,
1693 1933 1799 1985 utnon
1813 1927 1851 1983 ri-

1024 2021 1114 2079 deant
1130 2036 1214 2088 eam,
1230 2024 1258 2077 et
1272 2025 1445 2094 proponunt
1459 2024 1587 2088 cunctat,
1598 2023 1625 2077 ei
1636 2019 1797 2093 exquirunt
1810 2017 1851 2074 di-

1024 2108 1148 2180 ligenter
1169 2108 1281 2180 omnia,
1306 2108 1416 2182 quibus
1442 2108 1558 2181 possint
1584 2107 1781 2164 verisimiliter
1803 2105 1852 2160 dc-

1025 2205 1190 2269 mcnstrare
1205 2200 1353 2272 quodrita
1363 2199 1422 2263 alia
1432 2216 1492 2257 non
1504 2204 1556 2267 cst,
1574 2205 1602 2258 et
1613 2199 1678 2259 brac
1694 2199 1756 2256 sola
1770 2199 1852 2255 bona

1025 2296 1069 2348 est
1084 2309 1090 2346 :
1108 2295 1137 2348 ct
1155 2293 1275 2363 propter
1289 2291 1367 2347 hanc
1381 2289 1473 2347 tritam
1488 2296 1604 2351 tanturn
1627 2289 1722 2347 iactus
1737 2293 1781 2344 cst
1799 2289 1852 2344 hc-

1027 2397 1087 2449 mc,
1109 2384 1138 2436 et
1159 2379 1216 2443 alia
1231 2383 1298 2451 post
1312 2379 1410 2452 ipsarn
1424 2395 1485 2439 non
1500 2379 1563 2439 erit.
1581 2382 1614 2436 Et
1627 2381 1691 2435 lucc
1708 2383 1768 2434 tcta
1783 2393 1852 2434 cou-

1026 2469 1125 2525 cussic
1138 2468 1175 2527 dc
1190 2467 1316 2537 caligine
1333 2467 1515 2538 judiciorum
1528 2468 1579 2524 bei
1594 2467 1761 2538 consurgit3
1781 2466 1853 2538 qnia

1025 2559 1056 2615 in
1071 2558 1164 2614 dubio
1177 2557 1331 2615 bominem
1342 2557 1441 2630 posuit
1454 2561 1486 2615 ut
1500 2557 1640 2629 probaret
1650 2574 1729 2626 curn,
1745 2573 1800 2616 nec
1814 2556 1854 2611 vi-

141 2648 285 2718 ridantur,
299 2650 382 2723 quod
405 2650 496 2707 babet
509 2651 601 2709 homo
623 2652 760 2723 iumento
784 2652 924 2724 amplius,
939 2655 971 2709 ut
1026 2647 1108 2704 deret
1118 2646 1401 2720 qncdlrabetlromc
1409 2647 1546 2717 jumento
1557 2646 1696 2719 amplius.
1709 2648 1741 2701 ut
1753 2650 1854 2703 taenea

141 2737 218 2799 tides
231 2738 371 2801 meritum
385 2738 504 2806 babeat,
521 2745 549 2796 ct
562 2739 721 2798 infidelitas
735 2740 845 2797 locum.
859 2743 892 2797 Et
902 2744 971 2796 surrt
1026 2736 1090 2808 ipse
1105 2751 1236 2793 errorem
1251 2735 1340 2792 istunc
1355 2751 1476 2793 rursum
1489 2734 1553 2793 aliis
1563 2734 1683 2806 judiciis
1698 2733 1853 2807 prosequi-

142 2827 229 2893 mulil
240 2827 385 2897 infideles,
399 2834 428 2887 et
440 2829 543 2886 dicunt
559 2847 565 2887 :
582 2830 652 2896 Quis
666 2830 747 2887 noxit
761 2830 842 2885 lroc‘l
856 2833 889 2886 Et
903 2845 970 2902 pro·
1027 2829 1083 2892 tur,
1104 2829 1133 2880 ct
1153 2824 1281 2882 ostendit
1304 2824 1419 2881 boneia
1442 2840 1502 2881 non
1524 2839 1587 2880 csse
1602 2822 1691 2879 vitam
1714 2822 1802 2885 istam
1823 2821 1853 2877 in

142 2915 216 2983 bant
230 2921 309 2976 certa
324 2935 379 2994 pro
392 2918 509 2977 incertis
522 2935 584 2975 non
599 2935 663 2975 esse
677 2919 853 2993 reliquenda
865 2938 871 2986 ;
888 2925 916 2975 et
928 2919 970 2974 iu·
987 2950 1007 3005 (3

142 3007 256 3081 cipiunt
272 3008 430 3081 praesentia
444 3008 633 3081 amplectari
647 3025 683 3065 ea
696 3025 764 3082 quae
776 3007 914 3071 uidentur
925 3023 971 3063 ra·

142 3113 223 3172 pere,
238 3101 271 3159 ut
283 3102 403 3157 teneant
413 3115 482 3172 quie
497 3104 576 3157 certa
589 3103 673 3167 sunt3
689 3103 718 3155 et
736 3097 928 3159 ludificantur
940 3096 970 3154 in

142 3191 221 3246 certo
232 3187 304 3262 quia
318 3192 482 3255 transcunt.
499 3193 528 3245 ct
540 3189 700 3247 elabuntur
714 3188 789 3245 dum
812 3186 904 3244 teneri
917 3200 970 3259 pu·

143 3282 258 3346 tantun
282 3282 311 3334 et
332 3279 496 3339 succedunt
517 3296 585 3353 quae
603 3282 683 3336 certa
704 3282 782 3346 sunt,
805 3294 874 3349 quie
888 3272 972 3350 paral

142 3367 253 3428 bantur
277 3367 398 3427 incerta.
424 3373 490 3427 Haec
516 3370 618 3428 omnia
645 3369 831 3427 demonstrat
852 3367 917 3425 istc.
945 3371 974 3430 et

144 3454 253 3513 format
266 3456 469 3516 narrationem
484 3474 571 3514 suam
585 3459 643 3515 bue
658 3463 687 3515 et
700 3457 778 3525 illuc,
789 3462 821 3515 ut
831 3461 972 3529 sequatur

144 3546 258 3599 mentes
272 3543 439 3609 hominnm,
456 3545 599 3615 queniam
614 3545 645 3599 iu
665 3546 745 3600 laune
759 3545 885 3601 modum
899 3543 972 3614 ipsae

145 3635 261 3696 uniam,
287 3634 315 3686 ct
338 3629 484 3687 fluctuant
511 3632 543 3688 in
568 3631 680 3688 incerto
697 3632 764 3689 vitre
791 3632 970 3701 cabginosre.

145 3718 222 3777 uixit
244 3717 325 3783 enne
346 3717 563 3779 dubitationem
587 3719 745 3779 hominurn
766 3719 803 3775 dc
823 3719 883 3777 rita
907 3736 971 3788 sua,

146 3808 218 3882 quia
231 3808 370 3880 ignorant
384 3824 422 3864 an
437 3807 548 3867 habeat
568 3808 660 3867 borno
671 3809 809 3880 jumento
831 3809 971 3882 amplius,

146 3903 175 3957 et
187 3914 249 3957 non
262 3897 418 3961 inveniunt
432 3897 500 3970 quis
512 3898 637 3965 novarit,
652 3897 754 3970 sipost
769 3904 896 3957 mortem
911 3915 974 3957 ccr-

146 3987 227 4062 poris
241 3987 360 4061 spiritus
374 3986 505 4051 hominis
520 3990 670 4061 superstes
682 3988 712 4045 in
728 3988 788 4045 vita
803 3994 972 4056 remaneat,

147 4093 226 4134 nunc
250 4075 386 4148 ipsorum
400 4093 505 4133 vocem
528 4077 558 4134 in
578 4077 827 4150 approbationem
844 4094 974 4151 praesen-

1026 2931 1087 2988 qua
1101 2914 1182 2972 nacla
1197 2913 1326 2991 plurima
1339 2918 1480 2983 1·eguarrt;
1498 2929 1552 2969 nec
1567 2916 1663 2986 potest
1676 2928 1745 2968 vera
1760 2910 1855 2966 delec-

1027 3004 1098 3063 tatio
1108 3003 1156 3061 rel
1165 3003 1284 3075 requies
1300 3003 1457 3076 tranquilla
1472 3002 1604 3065 irneuiri.
1623 3004 1654 3057 Et
1672 3001 1738 3057 idco
1753 3016 1855 3073 snper-

1028 3092 1155 3150 seminat
1168 3093 1304 3159 adversa,
1322 3098 1349 3149 ct
1359 3090 1537 3151 conuertitur
1552 3097 1712 3149 retrorsum
1725 3091 1764 3146 ad
1779 3095 1855 3157 se,ct

1027 3182 1144 3252 elonga,
1172 3185 1205 3238 ut
1228 3198 1388 3255 oppressos
1411 3198 1473 3241 non
1495 3181 1607 3248 liberet,
1623 3185 1656 3238 nt
1673 3179 1759 3238 ualde
1783 3177 1856 3235 aflli-

1028 3277 1145 3342 gantur,
1162 3276 1189 3327 et
1204 3271 1316 3339 dolore,
1329 3288 1364 3328 ac
1379 3270 1502 3338 cistilio,
1516 3270 1596 3329 mala
1608 3269 1745 3338 dulcedo,
1763 3273 1791 3324 et
1806 3269 1856 3331 de-

1027 3361 1143 3418 lectatio
1167 3361 1271 3434 iniqua
1290 3365 1430 3432 tergatur.
1456 3363 1489 3417 Et
1512 3359 1622 3416 idcirco
1637 3359 1689 3432 qui
1703 3358 1808 3415 volunt
1825 3357 1855 3413 in

1027 3451 1088 3511 rita
1101 3450 1156 3507 ista
1168 3450 1339 3522 jucundari,
1355 3454 1383 3506 et
1398 3454 1519 3522 pactum
1535 3449 1647 3506 faciant
1661 3448 1771 3506 amoris
1786 3464 1856 3506 cunr

1029 3540 1147 3608 seculo,
1162 3539 1304 3612 atriaque
1327 3543 1498 3612 proponunt
1516 3555 1577 3596 non
1590 3539 1739 3611 requirere
1754 3537 1858 3597 varim·

1028 3636 1098 3698 tarn,
1115 3635 1263 3701 coguntur
1275 3629 1351 3689 veris
1362 3628 1482 3700 judiciis
1496 3628 1597 3687 ridere
1611 3628 1700 3696 urata,
1712 3645 1780 3702 qnae
1800 3626 1856 3685 suli

1030 3721 1090 3778 sole
1104 3725 1182 3788 sunt,
1199 3725 1232 3778 ut
1245 3736 1305 3778 non
1319 3718 1456 3792 placeant
1478 3718 1533 3774 sibi
1553 3718 1642 3775 nimis
1655 3718 1686 3775 iu
1704 3717 1856 3778 avennione

1030 3826 1094 3867 sara.
1119 3812 1276 3882 Propterea
1296 3808 1349 3865 iste
1370 3823 1440 3868 cum
1462 3806 1584 3865 dixisset
1597 3807 1712 3864 bouum
1727 3822 1791 3866 essa
1806 3806 1857 3863 lro·

1030 3898 1119 3956 minis
1142 3897 1235 3959 letari
1258 3897 1288 3952 in
1310 3911 1400 3969 opere
1424 3911 1489 3963 suc,
1506 3900 1534 3953 ct
1556 3897 1633 3955 lianc
1655 3911 1719 3951 esse
1741 3900 1856 3968 partem

1030 3987 1118 4054 illius,
1135 3992 1163 4044 ct
1176 3984 1379 4043 definitionem
1396 3984 1527 4041 dedisset
1550 3984 1589 4043 ad
1608 3984 1856 4058 requiescendum

1030 4076 1061 4135 iu
1084 4075 1156 4144 istis,
1181 4077 1317 4134 moretur
1341 4073 1399 4132 alic
1419 4073 1665 4140 consideratione,
1679 4073 1761 4146 quod
1783 4090 1854 4141 nou,

148 4165 223 4222 timn
236 4163 467 4225 delectationum
488 4181 543 4239 pro
556 4166 613 4223 hac
627 4167 693 4238 ipsa
708 4183 763 4224 sua
776 4166 971 4234 dubitatione,
1032 4165 1072 4223 sic
1083 4164 1142 4223 rita
1160 4163 1215 4221 ista
1229 4169 1280 4227 est.
1299 4169 1330 4220 ut
1344 4164 1461 4237 requies
1477 4164 1508 4223 in
1523 4180 1558 4223 ec
1573 4180 1637 4221 esso
1655 4163 1756 4236 possit.
1769 4165 1857 4235 Prop-

147 4269 182 4312 ac
197 4253 402 4328 desperatione
416 4256 482 4312 vitre
498 4255 603 4312 lutura
615 4257 749 4323 assumit,
763 4256 881 4314 dicens:
988 4274 1011 4331 p
1031 4260 1111 4313 terea
1125 4254 1269 4325 adjungit,
1286 4259 1315 4312 et
1328 4255 1398 4312 dicit
1413 4273 1419 4311 :

181 4343 372 4416 Deprehendi
383 4345 463 4402 nibil
474 4348 649 4403 ceromatico
663 4362 754 4417 aarum
771 4348 871 4404 laeteri
883 4347 974 4404 torni·
1073 4346 1203 4402 Vertirne
1215 4346 1257 4402 ud
1268 4347 1331 4402 utic
1345 4346 1467 4416 (nectes.
1480 4345 1579 4416 rrtntd
1590 4344 1647 4401 alic
1657 4344 1769 4417 quippe
1779 4348 1856 4401 reete

147 4451 214 4493 nem
227 4436 259 4492 in
272 4451 360 4507 opere
373 4452 445 4494 arro:
459 4442 486 4494 et
502 4436 656 4494 luccesse
672 4442 792 4509 purtem
810 4438 903 4493 itlius.
918 4436 974 4502 Oui
1031 4452 1191 4492 conversus
1206 4435 1321 4503 dicitur,
1338 4435 1409 4508 qaia
1431 4435 1466 4490 iis
1484 4451 1553 4507 quer
1576 4451 1656 4491 nunc
1670 4433 1788 4490 visurus
1803 4437 1855 4500 est,

148 4525 228 4583 enim
251 4525 383 4582 futuram
396 4527 488 4584 vitam
511 4543 575 4582 esse
595 4543 656 4583 non
671 4526 804 4593 credunt,
819 4525 838 4581 ii
860 4530 975 4598 partem
1031 4524 1114 4582 aliud
1127 4523 1166 4582 ab
1180 4540 1216 4580 ec
1236 4523 1318 4597 quod
1333 4523 1415 4596 prius
1431 4522 1656 4587 existimaverat,
1673 4522 1792 4579 credere
1807 4523 1859 4578 ad-

147 4614 277 4671 hcmlnis
304 4616 382 4672 bane
411 4615 506 4672 sclam
534 4633 598 4672 esse
621 4620 736 4689 putant,
760 4620 788 4672 et
811 4614 923 4672 lentur
944 4615 975 4671 ia
1031 4618 1178 4672 necamur.
1195 4612 1353 4671 Haecenim
1367 4612 1558 4684 omniaque
1572 4611 1753 4668 ridebuntur
1776 4617 1856 4680 tnnc,

149 4718 239 4776 opere
263 4718 318 4758 auo
340 4708 368 4758 et
386 4703 416 4759 in
436 4705 493 4760 hac
506 4705 565 4761 vite
587 4703 690 4763 labore
714 4721 769 4761 suc
789 4703 974 4776 perfruatur·;
1032 4703 1103 4760 alibi
1116 4703 1224 4761 doceat
1237 4719 1301 4759 esse
1315 4719 1420 4759 verina
1437 4702 1552 4771 bonurn
1565 4701 1704 4769 immicis,
1719 4718 1812 4774 quam
1828 4703 1859 4763 in

149 4791 295 4865 quoniam
309 4792 361 4864 qui
376 4793 547 4848 mercedem
561 4798 629 4865 post
641 4809 718 4865 opus
732 4799 976 4852 eonsummatruu
1030 4793 1087 4848 bac
1102 4792 1172 4857 rita,
1187 4808 1255 4864 quae
1272 4790 1359 4847 tantis
1374 4791 1499 4847 miseriis
1513 4795 1542 4846 ct
1555 4790 1709 4847 doloribus
1723 4790 1859 4862 subjecta

152 4881 381 4937 sadasecuturanr
393 4896 454 4943 non
465 4881 643 4948 existimant,
655 4881 674 4937 ii
682 4883 780 4955 operis
793 4884 976 4941 emolunien-
1032 4885 1084 4949 est,
1100 4882 1131 4938 in
1144 4897 1206 4956 qua
1221 4880 1389 4937 innocentia
1406 4881 1559 4954 premitur,
1577 4884 1605 4936 ct
1619 4880 1705 4936 dolor
1724 4882 1859 4947 conscla-

150 4975 215 5028 tum
229 4986 291 5027 nou
310 4975 378 5044 post
391 4986 478 5043 opus,
495 4971 547 5025 sed
561 4970 591 5027 ia
604 4987 694 5045 opere
707 4974 887 5046 capiendum
902 4973 979 5030 arbi·
1034 4971 1144 5028 tionem
1168 4986 1230 5027 uon
1252 4975 1400 5027 merctur:
1425 4971 1482 5027 hoe
1506 4971 1605 5043 itaque
1621 4970 1712 5037 aliud,
1728 4974 1757 5025 et
1771 4971 1858 5040 longe

151 5065 274 5129 bantur,
295 5065 384 5134 atque
407 5059 492 5117 illum
514 5061 630 5119 felicem
653 5063 751 5120 solum
773 5079 838 5119 esse
860 5064 912 5136 qui
932 5063 978 5120 sui
1033 5060 1115 5119 aliud
1138 5059 1177 5115 ab
1198 5076 1244 5126 ec,
1260 5059 1343 5132 quod
1366 5059 1448 5132 prius
1461 5059 1618 5116 sitiebatur
1638 5064 1664 5115 ct
1687 5059 1857 5132 putabatur,

151 5150 263 5209 laboris
286 5151 416 5208 iuratum
436 5150 467 5207 in
487 5152 624 5225 praesenti
644 5152 683 5208 erl
707 5169 796 5209 nsum
819 5159 977 5226 praeparat,
1034 5152 1086 5208 iste
1102 5148 1318 5216 considerabat,
1332 5149 1432 5205 etait:

152 5258 213 5298 noa
236 5258 306 5298 eum
328 5241 381 5316 qui
404 5241 450 5297 sui
474 5242 572 5315 operis
596 5241 766 5299 mercedem
780 5241 811 5298 ιιι
825 5247 978 5315 posterum
1336 5237 1478 5293 HOlllth
1494 5239 1558 5313 xiil,

152 5332 330 5402 capiendam
340 5336 480 5389 reservat.
844 5334 849 5341 '
1034 5330 1079 5385 De
1101 5327 1301 5384 innectendum
1330 5327 1529 5396 oppressurae,
1553 5332 1581 5382 et
1603 5326 1813 5385 derelictione:
1832 5330 1859 5379 et

189 5420 260 5484 Quis
280 5423 359 5476 enim
380 5438 448 5478 erem
469 5423 607 5493 cddrrcet,
624 5428 655 5477 ut
667 5426 736 5492 pert
754 5438 784 5478 ae
804 5423 914 5493 scrinea
933 5437 979 5477 cc·
1106 5418 1463 5486 carueratror'mpionim
1476 5417 1578 5473 denuc
1591 5416 1786 5486 citcjcdicrb.

153 5511 296 5575 pacaret?
311 5510 352 5563 Ex
361 5525 423 5581 quc
437 5510 477 5566 ab
492 5511 548 5567 bae
563 5510 621 5567 rita
635 5509 728 5567 semel
741 5523 879 5580 egressus
893 5508 981 5565 luerit
1076 5510 1158 5566 Verri
1167 5523 1212 5565 sne
1229 5507 1271 5564 cd
1283 5508 1356 5578 clia,
1372 5514 1398 5564 et
1411 5507 1475 5563 uidi
1487 5508 1654 5564 cutrrmniac
1670 5505 1795 5575 (Baetes.
1810 5509 1857 5574 rr),

153 5593 256 5677 ¹ticino,
271 5611 333 5655 ncn
344 5597 504 5679 adducitur
517 5600 720 5675 amplicajnec
734 5603 889 5662 revocatur
903 5597 980 5665 arce
1034 5615 1072 5677 qu
1107 5597 1598 5674 enbwoeperunicr,ermerannus
1612 5594 1848 5666 innocentianae
