3824 6052
185 119 219 175 'fd
241 177 249 190 ⁶
328 117 478 196 HUGONIS
499 117 543 170 DE
564 115 591 170 S.
612 112 759 168 nerone
779 111 853 167 OPP.
873 111 961 168 PARS
981 112 1001 166 l.
1022 138 1056 153 ·-
1076 111 1275 170 exscertus.
1297 146 1330 157 -
1350 120 1370 173 1.
1392 119 1425 173 IN
1447 118 1474 174 S.
1497 120 1722 178 SCRIPTURAM.
1861 129 1894 178 ra

121 306 126 310 ,
184 243 334 316 reliquum
371 241 528 298 offerentes
562 241 748 310 acceperunt.
776 241 806 293 ln
832 238 1007 294 holocausto
1026 238 1165 295 ‘Asaneta
1176 240 1291 312 ingredi
1303 244 1348 299 vel
1360 248 1480 315 tangere
1493 245 1668 318 prolribchn·
1679 251 1707 302 et
1720 247 1896 301 immundus

185 334 334 400 sacerdos
355 333 407 405 qui
430 332 529 403 ipsum
553 328 762 384 holocaustum
777 327 892 396 obtulit,
914 327 1009 384 solam
1067 331 1221 402 usquead
1248 349 1405 406 vesperam
1432 351 1495 389 esse
1520 335 1698 391 decernitur.
1716 335 1896 400 Quotidiana

184 424 294 497 pellem
318 421 440 493 accepit.
473 425 502 474 ln
527 416 677 473 sacrificiis
702 421 807 488 praeter
834 418 953 490 adipem
982 422 1011 474 et
1064 422 1293 478 verosacrificia
1312 423 1664 479 ctoblationesricissim
1689 424 1728 479 ab
1753 425 1895 480 omnibus

183 511 374 572 renunculos,
388 517 417 566 et
430 507 587 564 reticulum
602 506 720 576 jecoris,
736 505 836 562 etalio
851 523 917 579 quae
933 506 1010 577 iguis
1065 511 1269 568 sacerdotibus
1281 512 1344 568 fieri
1359 519 1530 585 potuerunt,
1542 518 1665 586 excepto
1675 513 1725 569 illo
1737 514 1894 580 sacrificio,

183 600 378 674 consumpsit,
403 598 552 672 reliquum
575 601 670 652 tottnn
686 596 874 652 sacerdotum
890 595 952 652 fuit.
978 601 1009 652 ln
1064 618 1125 674 quo
1140 602 1232 658 semel
1246 601 1276 658 in
1292 617 1372 659 auno
1391 603 1421 658 in
1442 606 1737 660 sanctasanctorum
1756 621 1894 661 sununus

167 689 316 766 'pacificis
341 688 474 745 similiter
498 687 628 759 adipem,
655 690 683 741 et
706 702 827 742 omnem
855 685 1010 758 pinguedi-
1064 691 1197 762 pontifex
1220 708 1273 765 per
1293 693 1471 763 sangumem
1495 693 1604 750 intrare
1632 695 1824 768 praecipium
1855 700 1895 751 ta-

181 797 252 838 nem
278 779 480 844 intrinsecam,
507 780 535 831 et
560 775 635 831 duos
650 790 736 829 renes
751 791 821 830 eum
845 774 933 846 adipe
948 789 1009 848 quo
1063 797 1134 836 men
1155 782 1340 855 quicumque
1364 782 1545 839 sacrificium
1571 783 1698 849 offerret,
1724 801 1813 858 sequa
1832 788 1895 840 crat

182 875 321 946 tegrmtrn·
335 870 395 935 ilia,
411 865 605 923 etretieulum
619 863 727 936 iecoris
741 880 811 920 cum
825 862 1006 932 renunculis;
1064 870 1160 941 portio
1184 871 1326 927 omnibus
1341 871 1556 940 sacerdotibus
1582 877 1611 929 et
1634 873 1767 930 similiter
1782 874 1893 930 diside-

181 970 210 1022 et
224 964 265 1020 sic
280 961 317 1016 de
332 958 442 1033 quibus
459 955 674 1022 foret,caudam
687 954 775 1010 etiam
791 970 860 1009 cum
875 953 1007 1020 renibus,
1063 957 1153 1014 hatur
1167 958 1300 1031 singulis,

181 1060 210 1111 et
223 1053 361 1109 universa
374 1046 474 1104 11111111
488 1044 564 1116 181111
578 1044 678 1100 11111115
689 1043 893 1117 0011511111Ρ811ἱ
908 1046 1009 1116 11111111·
1100 1059 1166 1114 Car.
1183 1061 1217 1114 lV
1231 1062 1261 1114 et
1276 1061 1330 1115 llll.
1346 1093 1379 1100 -
1398 1061 1443 1116 De
1457 1061 1638 1130 temporibus
1651 1068 1680 1119 et
1692 1063 1791 1118 coasts
1805 1063 1836 1118 in
1851 1064 1892 1120 cis

182 1141 309 1207 sculum,
326 1144 355 1194 et
368 1152 487 1194 armum
501 1134 657 1190 dexterum
672 1134 811 1189 sacerdos
825 1132 949 1201 habuit3
965 1148 1009 1186 re·
1401 1133 1555 1202 offerendi.

180 1236 297 1306 tiquam
310 1232 404 1285 totum
419 1225 454 1281 iis
467 1225 518 1298 qui
529 1224 656 1279 hostiam
670 1222 828 1296 pacificam
839 1221 1009 1279 obtulerent
1098 1231 1244 1303 Tempora
1264 1229 1409 1287 offerendi
1428 1231 1545 1287 diversa
1569 1230 1699 1288 fuerunt.
1721 1234 1788 1288 Erat
1811 1233 1891 1290 enim

179 1319 330 1380 remansit.
350 1322 419 1373 ltem
435 1314 660 1377 inholoeausto,
677 1312 799 1385 quando
814 1313 851 1368 de
866 1312 1007 1368 armentis
1063 1318 1242 1375 sacrificium
1262 1319 1346 1394 quod
1366 1320 1576 1394 quotidianum
1592 1321 1757 1388 diceneum,
1774 1327 1892 1394 propte-

180 1412 225 1470 vel
240 1403 400 1485 pecoribus
413 1402 577 1460 immolatio
592 1401 693 1469 tiebat,
708 1401 877 1458 masculina
891 1404 1007 1457 tantum
1062 1424 1113 1464 rea
1125 1409 1207 1482 quod
1220 1408 1293 1465 illud
1308 1409 1440 1483 quotidie
1455 1409 1553 1466 offerri
1568 1410 1735 1484 oportebat.
1762 1411 1890 1483 Singulis

179 1500 278 1560 offerri
287 1501 373 1571 jussa
387 1499 465 1553 sunt.
479 1493 509 1549 ln
525 1491 677 1548 sacrificiis
691 1496 801 1558 autem,
817 1507 872 1564 pro
885 1496 1007 1564 peceato
1063 1513 1194 1571 namque
1208 1498 1315 1555 diebus
1329 1499 1406 1554 duos
1427 1515 1522 1569 agnos
1549 1501 1627 1555 licus
1640 1499 1790 1556 immolari
1817 1517 1890 1573 pree·

179 1597 268 1665 atque
282 1589 399 1654 delicto,
416 1585 475 1639 sive
490 1583 519 1638 in
533 1581 676 1655 pacificis,
702 1585 763 1637 tem
778 1580 890 1638 femina
914 1598 1006 1655 quam
1026 1596 1046 1652 Β
1062 1590 1182 1660 ceperat
1195 1587 1224 1644 in
1240 1586 1460 1655 holocaustum,
1476 1602 1572 1643 unum
1596 1604 1696 1656 mane,
1711 1593 1739 1644 et
1763 1588 1889 1645 altcnrm

177 1679 344 1740 masculina
358 1679 496 1750 poterant
506 1671 653 1729 immolari
673 1688 679 1726 :
696 1685 731 1726 eo
747 1670 882 1727 videlicet
892 1672 1007 1741 ordine,
1060 1691 1201 1748 vespere:
1222 1682 1251 1733 ct
1264 1677 1320 1732 hoe
1336 1676 1546 1750 quotidianum
1560 1679 1589 1732 et
1603 1677 1676 1747 juge
1690 1692 1725 1732 ac
1738 1677 1889 1750 sempiter-

178 1788 239 1847 quo
254 1787 289 1826 ea
302 1769 349 1824 lex
364 1763 513 1821 immolari
525 1761 674 1835 praecepit,
684 1764 714 1816 ut
729 1759 864 1818 videlieet
877 1761 906 1816 in
920 1763 1008 1819 sacri·
1060 1780 1134 1820 num
1147 1763 1327 1822 sacrificium
1346 1765 1518 1822 vocabatur.
1542 1764 1670 1835 Singulis
1686 1782 1756 1822 vero
1778 1766 1889 1823 Sabba-

177 1860 245 1919 ficio
260 1874 315 1932 pro
330 1859 464 1929 peccate,
480 1869 550 1910 cum
564 1851 631 1924 quis
652 1851 689 1906 de
708 1851 822 1924 populo
841 1853 1008 1924 peccaverit
1060 1853 1095 1909 tis
1110 1853 1186 1911 duos
1202 1853 1276 1911 ahos
1290 1853 1321 1910 in
1336 1853 1546 1910 holocaustum
1571 1853 1670 1925 adjici,
1685 1859 1793 1927 praeter
1806 1855 1888 1911 holo

177 1967 231 2026 per
244 1945 455 2020 ignorantiam,
471 1956 595 2014 capram
607 1940 749 2011 iubeatur
763 1939 868 1996 offerre
887 1959 893 2008 ;
909 1941 939 1997 in
954 1957 1006 2016 pa·
1060 1948 1198 2000 caustum
1212 1943 1433 2018 quotidianum,
1463 1947 1496 1999 ut
1519 1947 1618 1999 essent
1639 1943 1727 1999 simul
1747 1949 1885 2017 quatuor,

177 2038 269 2098 cificis
284 2040 384 2093 autem
399 2048 514 2089 marem
537 2030 583 2086 vel
603 2029 745 2085 feminam
772 2046 826 2102 pro
852 2036 922 2086 voto
936 2031 1006 2088 offe-
1059 2033 1209 2090 sancitum
1243 2033 1348 2090 fuerat.
1377 2036 1466 2089 Porro
1492 2033 1523 2088 in
1551 2031 1701 2101 Kalendis,
1730 2033 1762 2088 id
1788 2040 1832 2091 est
1856 2035 1886 2091 in

175 2129 304 2189 rentium
320 2125 391 2201 qnia
406 2122 533 2195 gratuita
546 2124 608 2176 erat
622 2118 733 2176 oblatio
758 2119 885 2194 quisque
899 2121 1004 2177 offerre
1059 2122 1148 2178 initiis
1163 2122 1352 2194 singulorum
1366 2122 1527 2189 mensium,
1551 2121 1726 2195 quotidiano
1741 2124 1887 2180 sacrificio

176 2222 301 2296 poterat.
325 2219 413 2272 Porro
433 2210 560 2286 pacifica
584 2209 644 2265 sive
659 2214 728 2265 sunt
752 2208 812 2265 sive
835 2215 1003 2284 propterea,
1059 2211 1249 2269 addebantur
1264 2212 1293 2268 in
1307 2211 1517 2269 holocaustum
1532 2211 1594 2268 duo
1608 2211 1785 2280 vituli,arics
1796 2229 1886 2282 unus,

175 2308 259 2386 quod
271 2322 332 2364 non
347 2319 401 2378 pro
416 2301 506 2374 culpa
520 2299 622 2372 aliqua
636 2297 848 2367 offerebantur,
859 2299 919 2356 sive
933 2301 1005 2374 quia
1059 2301 1129 2372 agni
1144 2306 1269 2375 septem,
1294 2305 1321 2358 et
1336 2301 1436 2358 hircus
1451 2316 1506 2374 pro
1520 2305 1655 2374 peccato.
1675 2304 1771 2358 nense
1786 2306 1885 2359 antem

176 2415 282 2475 pacem
302 2395 435 2452 fecerunt
457 2407 494 2447 ex
515 2388 598 2445 omni
620 2391 713 2460 parte,
736 2387 906 2462 unicuique,
922 2390 1005 2463 quod
1059 2390 1167 2464 prime,
1191 2391 1222 2448 id
1236 2395 1280 2447 est
1294 2406 1397 2448 mense
1412 2391 1516 2462 phase,
1536 2389 1588 2464 qni
1603 2390 1715 2447 mensis
1738 2407 1886 2448 novorum

176 2505 266 2547 suum
280 2490 323 2544 est
337 2483 520 2548 tribuentes3
537 2479 608 2553 quia
622 2478 652 2533 in
667 2477 709 2533 eis
723 2493 794 2550 pars
807 2477 837 2534 in
852 2478 1003 2536 sacrifieiis
1058 2480 1175 2550 dicitur,
1204 2483 1312 2554 prater
1352 2496 1465 2550 agnum
1503 2478 1666 2552 pascalem,
1695 2480 1747 2554 qui
1778 2486 1887 2554 quarte

176 2575 293 2636 Domini
307 2570 507 2637 cremabatur,
536 2583 606 2642 pars
635 2565 839 2624 sacerdotibus
855 2567 1002 2625 cedebat:
1058 2569 1176 2626 decima
1194 2569 1242 2625 die
1257 2568 1297 2626 ad
1310 2566 1466 2642 vesperam
1482 2567 1713 2637 immolabatur;
1739 2569 1884 2642 sequenti,

175 2666 325 2739 reliquum
353 2658 541 2717 offerentium
567 2661 637 2712 erat.
679 2655 805 2713 raeifica
832 2660 932 2714 autem
957 2657 1004 2714 vel
1058 2659 1088 2716 id
1102 2664 1146 2715 est
1168 2658 1273 2733 quinta
1300 2657 1418 2714 decima
1439 2657 1486 2714 die
1509 2658 1540 2714 in
1555 2657 1775 2728 holocaustum,
1791 2660 1888 2733 quoti-

175 2772 230 2831 pro
245 2751 408 2826 gratiarum
427 2747 542 2804 actione
557 2745 769 2812 offerebantur,
787 2760 857 2802 cum
870 2745 1005 2805 videlicet
1052 2743 1149 2805 iliano
1164 2747 1310 2805 sacrificio
1326 2747 1516 2804 addebantur
1526 2747 1608 2803 vituli
1618 2747 1690 2816 (luo,
1704 2748 1781 2806 aries
1794 2766 1886 2818 unus,

176 2843 283 2920 aliquis
310 2842 348 2897 de
375 2837 508 2912 periculo
536 2834 677 2893 liberatus
706 2834 735 2890 in
762 2833 926 2906 gratiarum
957 2853 1004 2893 ac·
1057 2837 1127 2909 agni
1143 2841 1268 2911 septem,
1284 2840 1313 2893 et
1325 2836 1426 2892 hircus
1440 2853 1495 2910 pro
1508 2841 1642 2910 peccato,
1657 2837 1764 2894 eodem
1792 2839 1887 2896 modo

175 2936 255 2994 tione
270 2929 396 2989 Domino
424 2941 535 2984 munus
563 2924 679 2991 obtulit,
707 2923 752 2980 vel
781 2939 836 2997 pro
855 2929 923 2982 voto
948 2926 1004 2982 sol·
1023 2943 1110 3012 Cper
1138 2926 1271 2999 singulos
1297 2929 1412 2999 septem
1437 2925 1501 2982 dies
1526 2941 1703 3000 azymorum
1723 2927 1824 2985 flebat.
1853 2933 1885 2986 ln

174 3040 247 3084 vens
274 3019 469 3098 promissum,
506 3014 552 3072 vel
578 3017 744 3087 spontanee
770 3011 921 3072 voluntate
962 3014 1003 3072 of·
1057 3016 1131 3073 festo
1168 3015 1257 3072 etiam
1285 3015 1514 3088 primitivorum,
1555 3016 1636 3090 quod
1677 3017 1794 3090 septies
1815 3022 1886 3091 post

175 3111 281 3173 ferens·
1057 3107 1150 3180 phase
1163 3104 1408 3161 hebdomadibus
1436 3105 1602 3173 transactis,
1618 3105 1648 3162 id
1672 3110 1716 3163 est
1737 3106 1886 3181 quinqua.

211 3201 337 3274 Quando
351 3216 421 3258 vcro
433 3196 544 3257 oblatio
558 3193 660 3257 fiebat,
674 3197 726 3250 aut
739 3192 777 3250 de
792 3192 900 3263 simila,
914 3195 946 3252 id
960 3199 1004 3253 est
1057 3195 1171 3268 gesimo
1194 3192 1241 3251 die
1267 3193 1308 3266 (in
1329 3210 1390 3267 quo
1418 3193 1455 3249 de
1480 3194 1565 3251 noris
1592 3193 1730 3266 frugibus
1757 3197 1884 3253 Domino

174 3295 275 3355 subtili
298 3291 404 3359 farina,
430 3289 511 3346 illam
526 3300 590 3343 esse
612 3281 764 3355 oportuit;
790 3288 841 3341 aut
869 3285 905 3341 de
920 3284 1003 3358 pani·
1056 3301 1150 3359 panes
1177 3284 1282 3342 offerre
1311 3283 1442 3357 primum
1470 3290 1634 3357 ceperant,
1662 3284 1737 3341 sieut
1750 3285 1781 3342 in
1809 3287 1884 3344 festo

173 3387 232 3444 bus
246 3383 336 3442 coctis
352 3382 382 3437 in
403 3378 504 3436 libano
522 3395 528 3445 ;
552 3379 603 3432 aut
617 3374 654 3429 dc
669 3372 778 3445 patella
793 3373 856 3430 sine
870 3373 1001 3444 frixura;
1056 3391 1205 3432 novorum
1228 3374 1336 3431 falcem
1350 3373 1381 3430 in
1395 3377 1525 3444 segetem
1540 3374 1664 3444 mittere,
1681 3376 1760 3432 etde
1782 3374 1882 3448 grams

174 3474 278 3533 11111119
303 3469 452 3540 sartagine
467 3481 537 3523 011111
552 3463 673 3520 11111111·
701 3462 809 3519 31111111
834 3479 925 3536 supet
938 3464 1003 3521 fun·
1057 3465 1214 3524 confractis
1227 3463 1409 3522 oblationem
1424 3463 1532 3534 facere)
1546 3463 1720 3538 quotidiano
1736 3466 1882 3523 sacrificio

173 3565 301 3623 debatur
315 3561 425 3626 oleum,
442 3560 471 3611 ct
484 3554 553 3610 thus
566 3567 656 3625 super
670 3550 856 3624 ponebatur:
887 3552 1002 3627 reliqua
1056 3555 1244 3613 addebantur
1268 3552 1352 3610 vituli
1376 3552 1447 3620 due,
1475 3552 1550 3609 aries
1565 3568 1655 3622 unus,
1671 3554 1741 3627 agni
1755 3561 1880 3630 septem.

173 3654 239 3712 oleo
254 3644 548 3726 superfundebantur
562 3641 626 3697 sine
654 3639 749 3696 thure.
778 3641 831 3698 ltel
858 3645 1000 3700 autemst
1056 3647 1153 3713 Quam
1176 3642 1313 3700 videlicet
1331 3641 1411 3698 diem
1434 3642 1720 3716 quinquagesimum
1744 3645 1881 3704 existimo

172 3743 352 3800 fermentum
375 3729 580 3791 universaliter
603 3728 642 3786 ab
667 3726 868 3791 oblationibus
884 3730 1000 3789 bomini
1055 3732 1327 3806 cumputanduma
1346 3731 1560 3789 sextadecima
1583 3732 1632 3790 die
1655 3734 1743 3807 primi
1757 3737 1879 3806 mensis,

171 3834 349 3890 removetur.
366 3829 450 3892 Nam,
466 3827 496 3880 et
508 3819 632 3895 quando
647 3818 792 3894 promitis
806 3819 916 3877 horum
930 3821 1001 3878 offe·
1054 3840 1122 3899 quae
1149 3821 1288 3897 proxima
1307 3822 1441 3895 sequitur
1463 3826 1540 3895 post,
1563 3823 1700 3896 quintam
1719 3825 1878 3895 decimam,

170 3922 324 3986 rebantur,
349 3918 424 3973 sicut
438 3913 566 3972 aliarum
580 3926 691 3980 rerum,
706 3925 768 3967 nou
786 3915 889 3969 tamen
911 3928 1001 3986 super
1054 3930 1115 3972 non
1130 3929 1148 3970 a
1161 3913 1267 3987 quinta
1280 3911 1408 3980 decima,
1437 3915 1470 3968 ug
1482 3912 1606 3985 quidam
1622 3913 1801 3984 existimant,
1827 3916 1878 3990 qui

171 4010 262 4070 11111111
283 4006 484 4083 ponebantur,
504 4017 602 4077 neque
615 3999 729 4075 aliquid
752 4017 788 4058 ex
812 4000 853 4058 eis
877 3999 906 4057 in
931 4001 999 4074 igne
1054 4003 1135 4061 illam
1149 4001 1284 4059 videlicet
1309 4005 1424 4058 sextam
1443 4000 1592 4058 decimam
1620 4017 1686 4059 esse
1709 4008 1826 4078 putant,
1848 4005 1877 4062 in

170 4100 271 4160 altaris
286 4095 486 4161 cremebatur,
502 4091 556 4148 sed
569 4090 682 4147 elevata
696 4093 811 4147 tantum
826 4104 930 4147 coram
945 4094 999 4149 llo-
1053 4110 1114 4168 qua
1128 4092 1260 4166 primum
1275 4090 1336 4147 fals
1349 4091 1379 4147 in
1394 4095 1525 4161 segetem
1539 4092 1720 4160 mittebatur,
1736 4099 1764 4152 et
1785 4095 1879 4152 mani-

170 4190 263 4261 min0,
278 4190 346 4264 post
360 4202 378 4243 a
392 4181 598 4241 sacerdotibus
612 4179 915 4254 suscipiebantur.Sal
928 4197 998 4239 vero
1052 4182 1142 4256 putus
1169 4179 1368 4254 primitiarum
1396 4195 1499 4239 cerem
1524 4182 1650 4239 homino
1687 4183 1876 4252 elevabatur;

169 4280 311 4340 omnibus
326 4273 477 4336 sacrificiis
489 4271 607 4329 misceri
621 4269 802 4344 praecipitur,
812 4270 844 4327 id
858 4274 903 4328 est
916 4271 998 4330 obla.
1016 4271 1161 4371 Ddeinde
1173 4269 1272 4345 prima
1285 4270 1334 4327 die
1349 4269 1466 4344 septimi
1481 4272 1604 4342 mensis,
1618 4271 1676 4330 hoc
1692 4277 1745 4342 est,
1758 4273 1790 4331 in
1804 4273 1878 4332 festo

168 4369 308 4429 1101111111·
1051 4361 1203 4431 tubarum,
1218 4359 1394 4436 quotidiano
1423 4360 1568 4418 sacrificio
1583 4362 1773 4421 addebantur
1784 4364 1815 4421 in
1827 4366 1879 4422 ho-

202 4458 388 4518 1111111θῦ1111
399 4452 430 4511 111
442 4448 565 4526 1111111111
579 4448 754 4524 aecipimus,
777 4452 868 4523 upote
883 4448 915 4506 in
928 4448 994 4509 olco
1049 4451 1218 4510 locaustum
1232 4450 1341 4508 vitulus
1356 4465 1445 4519 unus,
1459 4451 1536 4508 aries
1551 4466 1630 4508 unus
1643 4472 1650 4523 ;
1663 4453 1734 4525 agni
1750 4457 1876 4527 septem,

164 4553 193 4611 et
205 4549 287 4608 vinc.
1048 4542 1149 4599 hircus
1164 4556 1219 4614 pro
1232 4544 1367 4613 peccato,
1383 4543 1492 4613 prester
1505 4539 1717 4599 holocaustum
1731 4542 1878 4601 kalenda.

201 4650 268 4706 Cre.
291 4649 326 4702 lll
347 4648 375 4702 et
399 4646 442 4701 lit.
459 4674 492 4684 -
506 4643 551 4700 De
561 4640 697 4713 personis
722 4653 741 4698 a
755 4637 861 4712 quihus
879 4639 957 4708 fierit
1046 4648 1125 4689 rum.
1146 4634 1205 4688 lloc
1220 4633 1320 4687 autem
1337 4628 1447 4687 festum
1469 4628 1581 4688 ideirco
1597 4630 1739 4689 tubarum
1752 4632 1879 4707 quidam

501 4713 656 4785 predicta.
1046 4720 1231 4797 appellatum
1244 4719 1389 4788 credunt;
1405 4719 1480 4793 quia
1495 4722 1565 4777 tune
1579 4722 1747 4778 seeundum
1762 4721 1879 4779 revolu-

198 4818 281 4876 Nunc
292 4812 465 4887 igiturquia
475 4810 661 4870 ostendimus
671 4811 870 4869 differentiam
876 4825 990 4876 eorum,
1047 4812 1159 4871 tionem
1174 4808 1742 4884 anni,expletocanonescripturan1m
1753 4826 1875 4869 rursum

151 4915 229 4986 'que
243 4905 419 4971 offeruntur,
435 4917 622 4976 consequens
646 4905 690 4959 cst
713 4906 746 4960 ut
771 4901 991 4975 distinguamus

157 4997 248 5057 etiam
262 5010 407 5072 personas
420 4991 558 5068 aquibus
568 4991 748 5051 offerantur:
761 4995 820 5054 hoc
832 4991 930 5051 estrei
940 5006 991 5049 eos

156 5087 208 5163 qui
223 5085 351 5145 offerunt
364 5083 454 5151 dona,
475 5081 520 5139 vel
533 5097 583 5138 eos
598 5081 649 5156 qui
660 5099 720 5156 pro
738 5082 907 5148 ministerio
921 5081 991 5138 offe.

152 5179 223 5232 ruat
237 5172 389 5232 sacrificia.
407 5170 523 5246 Utrique
537 5169 613 5227 enim
627 5172 749 5247 offerre
764 5179 918 5242 dicuntur,
932 5171 990 5229 sire

150 5260 285 5319 videlicet
297 5261 348 5337 qui
362 5261 443 5328 dant,
455 5259 513 5317 sire
525 5276 658 5335 perquos
674 5267 781 5348 (lant,
796 5265 990 5330 sacerdotum

147 5350 191 5403 est
205 5349 345 5406 sacrificia
371 5348 490 5418 offerre·
513 5364 569 5406 non
592 5351 706 5435 unia&
731 5358 903 5454 specialiter
917 5369 952 5413 ne
967 5351 991 5408 si

142 5431 195 5488 uni
208 5434 334 5502 quotidie
348 5437 499 5494 necessitas
508 5438 731 5545 sacrficaqdi
742 5456 933 5529 indicatura
946 5458 992 5502 co.

135 5516 209 5592 pufa
232 5522 352 5579 camelis
375 5527 533 5584 commercii
543 5533 666 5619 proh&
708 5565 751 5636 eri
775 5547 930 5610 videretur
952 5550 993 5592 50.

767 5649 880 5710 semen
894 5629 992 5698 coitus,
1044 5624 1108 5679 tum
1122 5614 1272 5678 decimum
1287 5613 1367 5675 diem
1384 5615 1474 5690 primi
1483 5615 1606 5686 mensis,
1618 5616 1675 5692 qui
1696 5615 1867 5675 secundum

131 5599 262 5665 0111111111]
274 5607 344 5673 l'ffud
365 5614 441 5684 quod
455 5614 494 5673 vir
511 5631 526 5677 a
542 5636 610 5696 quo
683 5663 745 5742 exit

1045 4899 1876 4975 abexordioeasdemscripturaslegereetrecitareeoepe-

1044 4995 1123 5050 runt.
1131 4990 1242 5048 Dehine
1253 4989 1389 5062 ejusdem
1396 4988 1507 5046 mensis
1518 4989 1635 5047 decima
1646 4990 1694 5047 die
1705 4991 1814 5048 festum
1824 5006 1874 5047 ex-

1045 5080 1183 5156 piationis
1195 5079 1338 5154 sequitur,
1350 5077 1402 5135 ubi
1412 5077 1544 5150 affligere
1556 5079 1673 5138 animas
1684 5095 1755 5136 sues
1763 5078 1874 5152 juben-

1044 5176 1092 5228 tur
1105 5168 1157 5227 filii
1166 5168 1264 5237 lsrael,
1272 5173 1303 5225 ut
1315 5167 1440 5242 quidam
1451 5167 1873 5244 arbitranturpropeceatovi·

1044 5261 1193 5334 tuliquem
1205 5258 1338 5316 fecerunt
1348 5263 1484 5316 morante
1500 5260 1598 5332 Moyse
1610 5258 1640 5316 in
1654 5264 1766 5327 monte,
1782 5258 1871 5330 cujus

1043 5355 1145 5408 reatus
1163 5348 1282 5406 veniam
1297 5350 1411 5422 Moyses
1432 5365 1451 5404 a
1465 5350 1525 5405 lieo
1539 5348 1597 5405 hoc
1612 5349 1720 5406 eodem
1733 5352 1870 5422 tempore

1044 5440 1217 5513 impetrasse
1229 5436 1472 5495 existimatur.Sio
1484 5437 1565 5495 enim
1575 5439 1700 5513 antiqua
1710 5437 1869 5495 haditione

1044 5524 1309 5605 perhibetur,quod
1322 5525 1370 5583 lex
1380 5525 1632 5602 quinquagesimo
1644 5527 1693 5585 die
1703 5531 1772 5601 post
1780 5526 1870 5600 quin-
