3832 6044
61 121 111 176 173
125 143 127 146 ’

634 118 668 172 lN
688 115 943 174 nectnsrhsrnh
963 117 1115 176 henum
1132 119 1196 177 xix.

1722 135 1771 189 {rt

58 241 223 298 oblectaret
238 257 269 296 se
284 240 314 297 in
328 240 374 298 bis
385 240 536 309 omnibus,
549 256 616 313 quas
626 245 786 313 paraverat
798 259 804 298 ι
816 245 929 297 nun-h
948 258 1119 312 conversus,
1145 250 1173 301 θῖ
1197 244 1326 301 directus
1340 260 1409 302 cum
1425 246 1461 302 dc
1477 247 1538 303 suis
1552 249 1694 321 operibus
1705 253 1772 310 sub-

57 331 132 406 quid
144 346 208 387 non
221 329 432 403 ridebatquod
443 329 590 387 faciebat?
602 330 658 387 Sed
666 330 739 387 vidit
749 330 889 403 speciem,

58 436 119 479 nen
134 420 272 494 praevidit
286 419 518 492 corruptionem.
547 419 624 475 Vidit
645 419 719 493 quid
733 435 797 475 esse
811 419 891 475 vidc-

57 511 179 577 bantur,
196 509 407 583 quassabant,
436 509 488 565 sed
503 525 565 565 non
579 508 703 564 attendit
717 507 790 581 quid
814 509 891 564 facta

56 599 193 668 fuissent,
210 615 278 671 quae
293 597 451 671 perierant.
472 601 563 655 hmor
587 597 668 653 enim
687 596 888 670 praesentium,

56 689 131 744 dum
147 688 179 745 in
194 704 226 744 sc
242 690 334 744 totam
356 686 449 743 animi
474 687 668 743 inhnlioncm
697 690 889 753 converteret,

57 778 131 836 etin
158 794 275 845 eorum,
300 793 368 850 quae
394 776 572 833 videbantur
597 775 695 832 fallaci
722 776 819 850 specie
838 790 891 848 per

58 867 157 925 earnis
178 871 336 939 aspectum
361 866 512 936 ingressus
535 865 632 921 cordis
652 881 773 938 quoque
788 864 891 920 oculos

57 960 230 1031 occuparet,
247 956 336 1012 simul
350 955 609 1029 etprateritorum
636 955 814 1012 memoriam
839 953 890 1010 al-

58 1047 148 1115 stulit,
166 1050 196 1103 θῖ
209 1045 377 1102 futurorum
393 1043 612 1117 providentiam
623 1043 790 1100 abscondit.
808 1042 890 1099 Unde

58 1137 240 1202 factumest,
256 1139 289 1191 ut
314 1135 388 1191 dum
407 1134 446 1191 ad
473 1151 597 1207 eaquae
625 1133 802 1190 videbantur
827 1132 891 1189 sola

57 1225 228 1300 respiceret,
240 1224 270 1280 in
280 1224 352 1300 ipsis
360 1240 481 1298 qnoque
490 1223 645 1279 veritatem
656 1237 818 1293 agnoscere
828 1237 889 1278 nen

56 1316 178 1380 valeret,
200 1312 350 1386 simulque
363 1314 393 1369 in
408 1314 470 1369 suis
492 1312 644 1385 operibus,
675 1316 703 1368 ct
717 1327 889 1377 conversus,

55 1422 122 1479 qaae
136 1403 401 1477 concupisceretur
415 1402 528 1459 videret
542 1400 674 1474 speciem
691 1419 698 1470 ;
714 1406 742 1457 ct
755 1416 889 1466 aversus,

57 1510 124 1568 qua
139 1497 299 1550 caveretur
312 1507 375 1548 non
390 1495 564 1561 agnosceret
590 1491 763 1549 vanitatem.
782 1489 825 1546 rit
839 1506 891 1546 au-

943 333 1090 404 junxissct
1106 352 1112 389 :
1131 333 1206 390 Vidit
1219 334 1249 390 in
1262 334 1403 392 omnibus
1417 336 1579 394 vanitatem
1594 343 1622 395 ct
1641 338 1772 396 afflictio-

945 437 1016 477 nem
1031 422 1142 491 aninri;
1168 423 1266 479 statim
1292 424 1378 496 quasi
1407 424 1436 479 in
1466 426 1594 499 propriis
1628 427 1771 497 eruditus,

946 509 1043 566 aliena
1056 497 1220 583 erjuaraar‘e
1231 511 1343 585 incipit,
1356 517 1384 568 ot
1395 512 1432 568 aa
1445 513 1558 584 junco
1569 532 1773 591 suorumope-

946 615 1014 654 rum
1030 600 1206 656 sententiam
1221 600 1331 657 format
1354 601 1572 671 universorum,
1588 604 1713 663 dicens:
1741 609 1775 663 Et

946 687 1018 743 nihil
1033 703 1208 761 permanere
1235 688 1291 744 sub
1304 688 1375 746 sole.
1391 690 1448 746 Sed
1470 692 1542 764 quia
1555 693 1594 749 ad
1609 693 1773 767 perfectum

945 797 1006 836 noh
1023 779 1130 835 suflicit
1142 779 1222 835 mala
1234 779 1405 852 reprobare,
1434 781 1492 837 nisi
1519 783 1703 842 chambona
1725 785 1774 842 eli-

947 884 1024 939 gere,
1042 868 1109 940 quis
1124 868 1257 936 noverit;
1274 868 1438 941 subjunxit,
1456 874 1483 926 ct
1498 871 1558 927 ait:

986 958 1125 1014 Troasiri
1151 959 1191 1014 ad
1216 959 1478 1028 contenplcedear
1505 963 1693 1030 sapientiam.
1722 966 1774 1021 lle·

946 1047 1045 1103 lunius
1060 1047 1209 1103 transiens
1219 1047 1436 1120 iuterpretatur.
1449 1049 1589 1105 Hebraeus
1600 1052 1774 1122 ergofactus

946 1141 990 1192 cst
1011 1136 1064 1191 iste
1093 1135 1133 1192 ad
1158 1135 1423 1210 contemplandam
1451 1138 1638 1211 sapientiam.
1659 1144 1693 1198 Et
1712 1147 1776 1198 crat

945 1224 1068 1298 quidem
1083 1224 1147 1298 ipse
1160 1225 1250 1281 etiam
1265 1225 1347 1297 prius
1362 1226 1502 1282 llcbraeus
1524 1228 1690 1285 secundum
1712 1246 1774 1287 car·

946 1331 1026 1376 nem,
1041 1314 1094 1369 sed
1120 1314 1257 1370 hebraeus
1273 1330 1334 1370 nen
1350 1314 1404 1372 fuit
1429 1317 1595 1373 secundum
1608 1319 1771 1390 veritatem,

946 1403 1042 1459 donec
1056 1403 1181 1458 hansire
1198 1403 1287 1477 caepit
1301 1403 1341 1459 ad
1368 1405 1632 1482 contemplandam
1658 1408 1774 1480 sapien·

948 1492 1028 1548 tiam.
1046 1491 1307 1558 Quemadmodum
1322 1493 1442 1550 iudaeus
1458 1495 1624 1552 secundum
1652 1512 1774 1554 carnem

59 1588 116 1640 tem
130 1597 335 1655 nonunquam
350 1585 381 1637 ul
405 1579 581 1654 temporalia
605 1580 686 1637 bona
714 1584 784 1635 tunc
806 1578 890 1634 citius
911 1580 1063 1652 ssdieitur,
1078 1584 1106 1636 ct
1119 1580 1239 1637 luciacus
1265 1583 1432 1639 secundum
1446 1584 1610 1654 veritatem,
1636 1584 1676 1643 ita
1698 1587 1774 1643 alius

56 1688 136 1729 vana
150 1687 218 1727 esse
231 1669 504 1743 deprehendantur,
521 1684 591 1726 eum
614 1669 711 1740 magis
736 1667 891 1724 abundare
947 1669 1325 1727 rrehrausestsccunuum
1341 1688 1472 1741 earnem,
1489 1674 1606 1731 elalius
1635 1675 1775 1733 llebraeus

56 1759 214 1835 coeperint,
228 1776 296 1833 quea
310 1775 388 1833 sape
404 1775 473 1816 enm
501 1775 562 1816 non
578 1759 728 1815 habentur
749 1756 891 1830 prodesse
947 1758 1290 1815 secumlumrcritatcm.
1317 1760 1371 1826 Qui
1387 1765 1487 1817 numm
1504 1762 1533 1818 in
1557 1763 1716 1822 manifesto
1731 1780 1774 1822 se-

56 1851 192 1925 potuisse
206 1848 421 1917 existimantur,
440 1848 464 1904 si
479 1848 637 1905 adfuerint.
658 1850 731 1905 Cum
745 1862 817 1903 vero
841 1848 892 1902 ha·
946 1847 1080 1903 cundum
1095 1862 1215 1903 carnem
1230 1848 1350 1904 iudaeus
1372 1853 1416 1905 est
1439 1851 1534 1923 etqui
1558 1851 1587 1907 in
1617 1853 1775 1910 manifeste

57 1940 128 2007 bita,
144 1938 255 1995 mentis
280 1937 424 2011 inopium,
441 1953 496 1994 nce
510 1937 541 1993 in
557 1953 611 1994 sua
627 1936 780 1993 affluentia
795 1934 892 2008 expel-
947 1936 1113 1995 seeundum
1128 1952 1249 1991 carnem
1265 1936 1405 1992 llehrreus
1420 1943 1474 2007 cst,
1499 1955 1559 1996 non
1574 1957 1641 1997 vere
1655 1942 1775 1999 iudaeus

57 2029 115 2086 lere
127 2027 269 2096 valcant;
286 2031 356 2083 tunc
371 2027 503 2101 primum
518 2026 688 2100 experienti,
717 2042 810 2100 quam
834 2025 892 2081 exi-
946 2030 999 2094 θεῖ,
1016 2031 1043 2082 θῖ
1055 2041 1116 2081 non
1130 2042 1202 2082 vero
1218 2025 1367 2083 llehrreus.
1386 2027 1443 2083 Sed
1456 2028 1509 2101 qui
1535 2029 1567 2085 in
1592 2030 1708 2088 occulto
1733 2048 1776 2088 se-

59 2134 153 2190 guum
181 2133 238 2192 pro
251 2116 458 2174 laborantibus
471 2116 601 2173 fructum
621 2115 777 2172 conferunt
798 2113 893 2171 mani-
946 2118 1080 2172 cundum
1095 2114 1232 2188 spiritum
1246 2115 1366 2171 sudeus
1391 2121 1444 2185 est,
1468 2122 1501 2196 ct
1515 2118 1681 2176 secundum
1694 2119 1777 2192 spiri·

57 2207 177 2264 festant.
190 2205 274 2263 Unde
289 2205 500 2262 convenienter
512 2205 566 2262 iste
581 2207 650 2279 post
663 2208 777 2261 tantam
791 2220 891 2259 rerum
947 2210 1010 2260 tum
1025 2205 1166 2261 Hebraeus
1191 2209 1244 2273 est,
1271 2221 1340 2261 vere
1368 2206 1488 2261 iudans
1513 2212 1557 2263 est
1585 2213 1613 2264 et
1640 2223 1710 2265 rere
1723 2212 1776 2266 lle·

58 2297 198 2353 omnium
214 2295 409 2368 affluentiam,
424 2311 574 2368 usumque
588 2294 794 2367 voluptatum:
823 2309 892 2349 eon·
946 2294 1055 2349 hraeus.
1077 2296 1151 2349 Nam
1175 2292 1262 2349 multi
1279 2298 1431 2350 transeunt
1448 2296 1614 2352 seeundum
1642 2313 1775 2369 carnem,

58 2402 182 2442 versum
197 2384 323 2453 sedicit,
352 2389 385 2441 ut
413 2385 587 2456 intelligeret
613 2384 775 2441 vanitatem
793 2399 890 2439 suam.
947 2387 975 2439 et
989 2399 1050 2439 nen
1065 2385 1220 2438 transeunt
1233 2382 1400 2438 secundnm
1424 2383 1600 2440 veritatem:
1628 2386 1777 2459 quianon

57 2475 220 2542 Quiacum
235 2473 360 2548 experiri
375 2475 474 2547 coepit,
490 2474 573 2547 quod
591 2474 706 2530 felicem
722 2474 892 2530 facerenon
947 2475 1100 2529 transeunt
1128 2477 1160 2527 nt
1192 2471 1368 2545 perveniant
1382 2472 1421 2528 ad
1450 2474 1616 2532 veritatem.
1652 2475 1777 2533 Facilius

48 2559 199 2637 ‘poterant
212 2563 324 2632 habita,
341 2568 411 2619 tunc
439 2563 562 2635 agnovit
575 2563 658 2636 quod
673 2562 767 2618 multo
783 2561 892 2632 magis·
946 2562 1041 2619 maria
1058 2565 1219 2628 transcant,
1232 2566 1261 2617 ct
1274 2560 1456 2635 longinquas
1469 2569 1616 2635 peragant
1629 2565 1775 2638 regiones,

59 2653 207 2709 miserum
221 2650 352 2708 fecerant
375 2668 461 2708 casso
481 2651 584 2708 labore
599 2651 733 2725 quaesita
750 2654 834 2718 Cmn,
850 2649 893 2706 in-
947 2664 1040 2722 quam
1054 2646 1226 2720 pertingant
1239 2647 1278 2703 ad
1300 2647 1464 2714 veritatem,
1480 2653 1509 2704 et
1532 2649 1598 2722 ipsa
1612 2665 1706 2723 prope
1721 2656 1775 2709 cst.

60 2742 133 2816 quit,
149 2757 200 2798 mc
213 2740 427 2798 convertissem
442 2741 481 2798 ad
496 2741 635 2798 universa
650 2757 753 2815 opera,
769 2757 838 2813 quae
852 2739 892 2794 fe·
946 2740 1045 2807 Prope
1068 2742 1121 2805 est,
1148 2736 1245 2810 inquit
1273 2737 1433 2809 Scriptura,
1459 2738 1580 2796 verbam
1602 2741 1634 2796 ia
1663 2755 1713 2798 ore
1728 2746 1778 2798 tuo

60 2835 162 2888 cerant
176 2847 286 2888 manus
296 2847 388 2900 mcae;
403 2830 538 2887 videlieet
548 2829 708 2902 respiciens
722 2829 820 2903 qualis
834 2828 892 2885 fru-
947 2829 1040 2898 (Rara.
1055 2827 1101 2898 ιι),
1115 2831 1144 2883 θῖ
1157 2825 1266 2882 veritas
1282 2827 1365 2882 verbi
1379 2827 1410 2883 in
1425 2828 1524 2896 corde,
1542 2833 1570 2884 et
1588 2828 1689 2903 ipsum
1715 2846 1778 2887 ver-

60 2926 123 2976 etas
137 2923 239 2976 tantos
251 2918 370 2976 labores
383 2919 467 2993 sequi
482 2918 627 2992 potuisset
639 2936 645 2985 ;
659 2924 738 2986 tunc,
750 2918 799 2987 ait,
815 2917 894 2974 inre-
912 2956 932 3011 C
946 2917 1021 2973 bum
1036 2920 1079 2972 est
1093 2915 1210 2984 veritas,
1226 2916 1298 2989 quia
1326 2917 1435 2973 veritas
1449 2918 1576 2974 verbum
1592 2922 1644 2976 est.
1661 2923 1695 2977 Et
1709 2937 1780 2983 cum

60 3009 166 3065 ninon
182 3024 270 3081 aequa
282 3007 367 3065 lance
380 3007 602 3081 recompensari
621 3007 693 3063 mihi
708 3007 837 3063 fructum
851 3006 892 3062 la·
948 3013 1009 3064 tam
1024 3022 1118 3080 prope
1134 3005 1171 3062 sit
1196 3006 1262 3078 ipsa
1284 3006 1402 3074 veritas,
1431 3007 1503 3063 nihil
1532 3013 1632 3064 tamen
1659 3009 1779 3082 longius

59 3097 169 3155 borum
196 3112 343 3167 meorum,
372 3096 499 3170 ideoque
528 3097 638 3153 frustra
663 3114 712 3152 me
739 3096 891 3153 laborasse
946 3096 985 3153 ab
999 3096 1035 3151 iis
1050 3096 1102 3168 qui
1115 3095 1269 3152 stultitiam
1293 3100 1405 3151 amant.
1429 3095 1505 3161 Quid
1530 3103 1631 3151 autem
1660 3098 1777 3154 stultius

58 3185 193 3258 judicavi
207 3185 368 3260 respiciens
382 3186 501 3243 labores
514 3187 545 3243 in
559 3186 669 3260 quibus
685 3184 891 3242 frustrasnda-
945 3201 1040 3258 quarn
1069 3200 1188 3257 semper
1213 3184 1275 3240 ima
1300 3184 1456 3256 respicere,
1485 3189 1514 3239 θῖ
1541 3183 1643 3240 vultus
1666 3185 1777 3242 habere

59 3291 174 3333 reram.
187 3278 221 3331 ln
235 3275 377 3332 omnibus
391 3275 471 3332 enim
484 3275 601 3333 vanitas
612 3280 641 3331 et
654 3273 774 3331 afflictio
788 3272 889 3330 animi.
946 3289 1057 3346 pronos
1081 3274 1112 3328 in
1128 3273 1262 3328 terram?
1278 3274 1337 3328 Hoc
1365 3271 1445 3327 enim
1461 3270 1563 3328 bestiis
1592 3272 1697 3329 datum
1721 3277 1775 3343 est,

59 3364 142 3421 Prius
155 3363 298 3432 afflictio,
324 3369 429 3437 postea
445 3365 570 3432 vanitas,
590 3364 642 3419 sed
657 3368 685 3420 et
699 3367 767 3437 post
780 3361 892 3418 vanita-
945 3363 1056 3435 quibus
1081 3360 1159 3419 ultra
1188 3360 1261 3416 nihil
1288 3365 1427 3434 appetere
1449 3364 1493 3418 cst
1515 3377 1702 3420 conoessum.
1727 3365 1777 3421 Sa·

42 3457 118 3523 ¹tem
133 3451 273 3520 afflictio;
289 3457 318 3508 θῖ
333 3457 400 3510 ante
415 3453 577 3510 vanitatem
593 3451 728 3517 afflicti03
755 3450 827 3507 etin
842 3466 892 3506 va·
946 3451 1168 3526 pientiaautem
1182 3449 1342 3507 habitatin
1358 3450 1514 3523 supernis;
1543 3451 1582 3508 ad
1597 3467 1690 3524 quam
1705 3452 1778 3523 erigi

59 3542 151 3599 nitate
165 3540 289 3598 afflictio
302 3560 308 3609 ;
323 3545 352 3598 et
365 3546 460 3599 totum
470 3542 595 3610 vanitas,
610 3545 638 3597 ct
652 3545 747 3597 totum
760 3539 890 3596 afflictio.
945 3540 1061 3608 nolunt,
1077 3540 1129 3613 qui
1152 3539 1255 3597 bestiis
1279 3540 1444 3613 comparati
1473 3544 1542 3597 sunt
1556 3547 1585 3598 θῖ
1609 3546 1720 3599 terram
1734 3543 1778 3598 in·

60 3633 141 3688 Vana
156 3630 271 3705 qnippe
287 3637 357 3688 sunt
371 3632 601 3705 universaquae
616 3630 677 3687 suis
690 3629 890 3698 dilectoribus
947 3634 1075 3687 tuentur.
1091 3633 1156 3686 llaec
1170 3633 1213 3686 est
1223 3628 1289 3702 ipsa
1304 3629 1434 3697 stultitia,
1451 3629 1488 3686 de
1499 3646 1561 3703 qua
1576 3630 1711 3689 transivit
1723 3631 1778 3688 istc

59 3725 173 3777 etcum
189 3725 269 3787 sunt,
293 3736 354 3776 non
368 3721 517 3787 exhibent,
534 3721 618 3793 quod
643 3719 838 3793 promittunt3
865 3720 894 3774 ct
947 3721 986 3777 ad
1000 3719 1265 3792 contemplandam
1280 3718 1468 3791 sapientiam,
1491 3736 1561 3776 eum
1586 3721 1662 3777 falsa
1685 3721 1776 3790 bona,

59 3825 129 3867 eum
144 3809 241 3866 teneri
255 3809 461 3866 existimantur
473 3812 691 3883 pertranseunt.
710 3808 766 3866 Sed
778 3811 894 3881 poterat
947 3826 1014 3883 quie
1031 3808 1151 3865 interra
1166 3811 1327 3877 amaverat,
1344 3808 1489 3881 despexit,
1506 3810 1582 3865 etad
1598 3825 1670 3866 vera
1685 3808 1776 3878 bona,

59 3897 196 3955 fortassis
211 3897 363 3954 tolerabile
382 3898 485 3969 videri,
502 3899 526 3954 si
552 3899 615 3954 sola
630 3899 746 3955 vanitas
762 3902 848 3967 esset,
865 3902 894 3953 et
947 3915 1015 3972 quer
1028 3914 1148 3953 sursum
1159 3901 1237 3965 simi,
1255 3896 1514 3970 contemplantaet
1528 3898 1662 3955 amanda
1672 3913 1702 3955 se
1717 3913 1778 3955 erc·

59 3987 182 4045 afflictio
197 3991 356 4044 nonesset.
374 3991 455 4044 Nune
471 3992 583 4056 autem,
607 3991 636 4044 et
650 3992 718 4043 ante
732 3988 893 4044 vanitatem
947 3988 1011 4054 xit3
1044 3986 1116 4059 quia
1135 3986 1165 4041 in
1198 3986 1244 4041 his
1276 4002 1344 4059 ‹111ae
1377 3986 1519 4043 deorsum
1539 3992 1609 4044 sunt
1627 3987 1684 4044 ειὼ
1717 3987 1779 4044 sole

60 4076 194 4145 afflictio,
221 4077 292 4132 etin
306 4076 436 4134 vanitate
452 4076 582 4143 afflictio,
609 4082 637 4133 et
650 4081 719 4149 post
732 4077 893 4133 vanitatem
947 4076 1089 4134 omnibus
1103 4075 1265 4132 vanitatem
1283 4064 1407 4149 aspexit.
1424 4080 1581 4149 Propterea
1602 4094 1672 4134 cum
1691 4077 1778 4135 vidis-

61 4165 193 4233 nftlietia
224 4168 369 4239 quoniam
395 4182 449 4222 nec
478 4165 541 4222 sine
565 4165 667 4222 labore
689 4165 813 4238 acquiri,
839 4181 894 4221 nec
948 4165 1188 4223 setinomnihus
1202 4164 1363 4222 vanitatem
1378 4170 1407 4222 ct
1419 4165 1610 4222 afflictionem
1633 4166 1735 4236 animi,
1751 4169 1780 4224 et

60 4255 120 4312 sine
136 4253 339 4311 sollicitudine
350 4254 527 4323 consonari,
544 4271 598 4311 nec
611 4254 673 4311 sinc
688 4254 789 4312 dolore
800 4253 894 4311 amitti
949 4255 1023 4311 nihil
1037 4270 1213 4328 permanere
1228 4254 1284 4309 sub
1295 4254 1366 4321 sole,
1378 4254 1514 4311 transivit
1524 4255 1563 4310 ad
1577 4256 1780 4329 contemplan-

60 4347 199 4419 possunt
216 4360 284 4417 quae
297 4361 368 4400 cum
382 4360 483 4401 amore
497 4343 737 4417 possidebantur.
764 4310 930 4416 IdeoqucD
949 4344 1022 4400 dam
1037 4343 1215 4416 sapientiam
1230 4356 1322 4414 supra
1350 4340 1453 4398 solem.
1486 4344 1508 4398 Ο
1531 4357 1625 4414 quam
1651 4342 1780 4399 difficilis

61 4437 87 4491 s
105 4437 210 4491 totum
239 4432 366 4500 vanitas,
395 4437 423 4489 et
447 4437 542 4489 totum
569 4430 707 4501 afflieti03
724 4431 805 4506 quia,
822 4431 893 4488 etin
948 4432 1088 4488 transitus
1103 4436 1131 4488 et
1150 4448 1243 4504 quam
1263 4428 1425 4486 multorum
1445 4429 1562 4485 dierum
1580 4429 1631 4485 via
1645 4429 1780 4487 infirmos

61 4521 225 4579 affictione
239 4522 365 4589 vanitas,
382 4527 411 4578 ct
422 4522 454 4578 in
469 4521 599 4579 vanitate
614 4521 743 4577 afflictio.
760 4524 794 4577 Et
806 4537 894 4594 prop·
949 4537 1068 4591 gressus
1094 4519 1294 4575 habentibusl
1325 4521 1358 4574 Et
1380 4532 1481 4573 nescro
1507 4534 1545 4573 an
1570 4521 1630 4575 tota
1655 4517 1716 4575 vita
1729 4519 1781 4575 ho-

62 4612 179 4669 terhoc
194 4613 273 4667 recte
287 4627 450 4667 conversus
472 4611 512 4667 ait
528 4630 534 4667 :
551 4611 616 4667 Vidi
643 4611 672 4666 in
690 4609 831 4667 omnihus
845 4626 895 4667 va·
949 4609 1039 4666 minis
1068 4607 1203 4663 sufficere
1218 4607 1313 4680 possit
1336 4607 1375 4663 ad
1390 4606 1610 4664 conficiendum
1638 4608 1696 4666 hoc
1716 4608 1779 4667 iter.

63 4700 198 4767 nitatem,
209 4704 239 4755 ct
254 4699 446 4756 afflictionem
459 4699 552 4756 animi
568 4718 574 4756 :
589 4703 618 4757 et
631 4699 704 4755 nihil
720 4715 895 4772 permanere
951 4699 1021 4765 orris
1037 4697 1117 4753 enim
1132 4697 1162 4752 in
1177 4696 1233 4752 hac
1249 4696 1367 4753 mortali
1388 4697 1448 4754 vita
1463 4697 1585 4768 degens,
1603 4697 1781 4771 sapientiam

63 4789 118 4846 snb
147 4787 224 4845 sole.
255 4788 392 4845 Eruditus
420 4805 552 4862 namque
580 4789 611 4845 ha
639 4788 776 4862 propriis,
806 4788 896 4844 etiam
950 4788 1036 4861 plene
1052 4786 1277 4860 apprchendere
1300 4786 1432 4859 poterit?
1462 4787 1613 4861 Sapientia
1637 4788 1718 4846 enim
1742 4789 1781 4845 de

64 4877 163 4936 aliena
185 4877 323 4949 judicare
337 4878 444 4950 coepit;
469 4883 497 4933 et
510 4878 594 4950 quod
608 4878 640 4934 in
652 4883 735 4951 parte
751 4894 896 4949 cognove-
950 4875 1073 4933 cccmus
1087 4875 1212 4932 trahitur
1226 4878 1254 4932 et
1279 4874 1309 4931 in
1334 4874 1457 4932 occultis
1471 4877 1635 4947 invenitur;
1651 4882 1681 4934 et
1707 4894 1782 4934 sem-

64 4972 116 5036 rnt,
132 4965 331 5024 veraciterde
344 4971 404 5024 toto
418 4967 642 5041 pronuntiabat,
668 4967 792 5023 dicens:
822 4967 897 5023 Nihil
950 4983 1004 5040 per
1020 4970 1165 5023 secretum
1180 4969 1263 5022 amat
1277 4965 1431 5038 sapientia,
1457 4983 1511 5023 nec
1532 4984 1563 5023 sc
1578 4968 1782 5040 contemplan-

66 5070 245 5128 permancrc
257 5055 314 5112 sub
329 5055 400 5113 sole.
413 5056 484 5111 ilinc
497 5072 568 5112 vere
579 5055 677 5126 colligi
687 5060 792 5128 potest,
804 5072 898 5129 quan·
951 5056 1023 5113 dam
1038 5055 1160 5128 prebet,
1170 5055 1227 5111 nisi
1241 5055 1286 5123 iis,
1296 5056 1349 5128 qui
1363 5056 1570 5126 ingredimrtur
1580 5057 1619 5112 ad
1634 5071 1710 5112 eam.
1726 5054 1783 5111 Sed

68 5147 126 5203 tam
141 5145 176 5202 in
189 5142 283 5201 rebus
296 5145 371 5212 aliis,
388 5144 448 5200 sive
462 5144 500 5201 ad
514 5144 630 5201 bonum
654 5144 715 5201 sive
730 5146 769 5202 ad
783 5146 898 5202 malma
951 5145 1009 5202 hoc
1024 5143 1110 5201 valde
1125 5160 1216 5215 grave
1231 5150 1275 5201 cst
1297 5144 1424 5201 infirmis
1439 5145 1556 5205 animis,
1574 5148 1606 5198 ut
1619 5142 1726 5198 dilecta
1737 5157 1782 5196 rc-

10 5278 14 5287 .
68 5234 218 5291 conducat
245 5233 360 5289 homini
375 5249 464 5289 nosse
489 5233 587 5305 qrralis
615 5235 707 5290 homo
734 5234 798 5307 ipsc
813 5234 899 5290 fuerit
952 5233 1099 5307 linquant,
1116 5237 1145 5290 ct
1171 5234 1310 5290 deserant
1335 5238 1454 5301 amata3
1483 5231 1563 5288 etad
1580 5246 1615 5285 ca
1630 5233 1782 5286 transeant

13 5367 17 5375 .
70 5321 129 5380 sibi.
148 5326 227 5379 Nam
248 5322 415 5378 secundum
437 5321 551 5395 aliquid
566 5323 669 5378 omnia
683 5323 740 5378 hoc
766 5323 819 5379 tibi
835 5340 899 5379 csse
954 5323 1132 5396 appetenda,
1148 5338 1216 5394 quae
1231 5337 1292 5377 non
1309 5324 1428 5387 normal,
1456 5319 1512 5374 uisi
1540 5316 1694 5373 doloribus
1722 5317 1783 5376 suis

10 5448 20 5463 -.
72 5409 224 5486 incipiunt,
249 5411 330 5484 quoe
355 5416 384 5466 tu
405 5411 468 5483 ipse
479 5411 568 5466 fueris
584 5411 645 5467 tihi.
659 5412 687 5469 Si
698 5412 826 5484 teipsum
839 5430 898 5468 non
956 5412 1143 5476 crudianhu·;
1159 5416 1186 5465 ct
1201 5425 1305 5465 arnara
1320 5424 1383 5462 csse
1396 5407 1546 5479 incipiant,
1561 5423 1630 5478 qua
1641 5411 1708 5464 ante
1718 5407 1783 5464 ‹lul-

10 5516 21 5569 h
73 5500 158 5572 rides,
187 5501 263 5558 nihil
290 5501 367 5557 benc
383 5500 472 5557 rides.
505 5501 532 5557 Si
549 5501 633 5557 intui
646 5501 833 5572 judicioneu
849 5503 900 5558 fal·
955 5503 1147 5571 cial'uerunt;
1165 5496 1782 5570 etitaquodammodomulliretrahantur,

10 5614 22 5661 a
74 5591 142 5663 teris,
159 5589 249 5649 facile
274 5588 409 5661 dirigeris
433 5589 462 5646 in
477 5589 584 5647 alieno.
616 5589 696 5647 Sicut
718 5589 766 5646 hie
780 5607 901 5662 quoquc
956 5596 983 5647 el
994 5590 1212 5663 compellantur
1222 5587 1343 5656 intrare,
1359 5593 1388 5644 et
1397 5586 1521 5645 transire
1531 5588 1569 5646 ad
1581 5589 1784 5658 contemplan-
