3832 6044
70 117 120 178 all
192 118 201 135 ⁸

737 120 908 181 annotat.
930 121 963 182 IN
981 123 1122 183 tantun.

1728 141 1779 193 322

70 246 135 302 dies
150 244 301 312 solemnis,
317 246 347 303 in
363 264 424 320 qua
437 247 500 319 jam
516 250 645 324 amplius
658 266 718 306 non
743 254 833 308 restat
856 251 897 309 ta·
916 255 940 309 b
955 254 1040 308 tteete
1056 267 1127 325 ergo
1141 250 1257 308 dicitur.
1288 255 1351 309 Non
1366 251 1419 309 tuit
1431 253 1461 310 in
1474 253 1521 311 die
1534 254 1641 311 luroris
1661 249 1778 316 llomini

71 336 165 393 cultas
192 336 358 408 operandi:
386 337 437 403 scd
461 339 588 412 quisque
613 356 738 412 opernm
776 357 900 398 sucrum

70 424 210 482 mercede
226 430 254 481 et
268 426 392 499 praemio
408 425 510 500 incipit
521 428 738 500 praeteritorum
761 429 900 487 laborum

70 515 183 590 pertrui
198 517 212 570 ‘t
228 516 383 589 Sequitur:

108 608 140 661 nt
154 622 216 662 uon
231 605 286 662 luit
297 605 327 662 ln
342 607 390 663 dic
405 605 512 664 luroris
532 610 648 668 Domini
672 609 722 685 qui
747 612 899 683 etlugcrct,

70 701 100 753 et
111 695 337 769 relinqueretur.
353 696 418 756 Dies
433 697 540 754 luroris
560 699 688 769 llomini,
708 700 777 757 linis
800 702 901 758 uuius-

71 786 218 859 cujusque
234 788 295 842 est:
311 787 575 862 quandoquisque
591 807 660 846 clun
680 807 792 862 magna
806 790 901 847 distri·

71 874 168 931 ctione
190 874 230 930 ad
251 875 437 932 reddendam
460 878 606 947 rationem
622 879 809 952 compellitur
826 899 831 936 :
848 880 901 953 qui

70 964 155 1036 prius
169 962 200 1019 in
210 962 269 1020 rita
285 981 340 1020 sua
354 965 441 1038 quasi
457 965 542 1023 indic
554 968 763 1025 misericordie
772 968 901 1039 benigne

70 1051 111 1108 ad
126 1051 332 1124 penitentiam
345 1055 583 1127 exspectabatur.
600 1060 684 1113 lteclc
700 1073 771 1128 ergo
792 1058 829 1113 dc
853 1057 900 1114 dic

70 1139 179 1196 luroris
195 1140 302 1197 dicitnr
319 1160 325 1196 :
343 1145 406 1198 Non
422 1142 476 1199 luit
487 1144 539 1216 qui
553 1145 704 1215 ellugeret,
721 1145 901 1219 ctrclinqnc·

71 1232 162 1284 retur.
179 1229 336 1300 Effugeret,
363 1231 473 1288 scilicet
490 1233 702 1290 conscientiam
719 1253 725 1290 :
755 1235 901 1308 relinque·

70 1321 153 1373 retur
167 1317 205 1373 ad
221 1319 437 1391 paenitentiam.
450 1324 561 1390 Notata,
577 1323 660 1395 quod
677 1323 783 1379 dicitur
799 1343 805 1378 :
825 1324 902 1380 Eliu-

71 1411 163 1478 gcret,
184 1407 294 1465 scillcet
311 1408 532 1467 conscientiam.
559 1414 697 1483 blagnum
721 1417 901 1483 tormentum

71 1500 116 1553 est
130 1497 312 1554 conscientia
322 1497 412 1555 mala.
431 1500 487 1556 Sed
499 1506 669 1573 peccatores
683 1501 731 1560 hic
749 1503 901 1560 conscicn-

955 341 1007 412 qui
1021 341 1171 411 ellugcrct,
1188 346 1216 397 ct
1237 340 1461 414 relinqueretur.
1488 344 1562 410 erla
1582 361 1652 401 cum
1676 347 1779 403 mortis

955 430 1030 486 lrora
1045 429 1255 503 supervenerit,
1272 434 1340 487 tuuc
1359 431 1486 506 quisque
1509 432 1547 488 ad
1568 432 1780 492 conscientiam

956 536 1042 576 stram
1056 519 1151 576 redire
1168 520 1365 592 compellitur,
1380 525 1413 578 nt
1424 521 1489 595 ipsa
1500 523 1659 581 comitante
1671 524 1709 581 ad
1733 541 1782 582 ex·

956 608 1125 680 cipiendam
1141 608 1316 665 sententiam
1329 608 1438 679 judicis
1454 610 1516 666 sinc
1530 611 1715 672 dilationcab
1725 613 1782 671 hac

956 697 1016 753 vita
1031 698 1233 754 transferatur.
1252 697 1390 770 Sequitur
1406 718 1412 753 :
1430 700 1509 765 Oaros
1524 701 1659 770 educari,
1674 705 1701 757 et
1711 718 1782 758 enu·

956 785 1030 853 trivi,
1044 787 1181 843 iuimicus
1198 786 1384 859 consumpsit
1398 802 1459 843 eos.
1472 792 1511 844 Nc
1526 789 1621 845 solam
1632 789 1783 847 conscicn-

957 874 1002 930 tire
1016 891 1138 949 pmrmm
1165 873 1373 947 peccatoribus
1392 878 1555 949 preparari
1577 881 1680 949 putes:
1706 896 1783 952 quos

956 965 1092 1032 educari,
1110 964 1215 1037 inquit,
1232 968 1260 1020 et
1284 963 1419 1030 enutriri,
1441 963 1578 1021 inimicus
1599 967 1785 1040 consumpsit

956 1069 1023 1109 cos:
1040 1053 1112 1126 quia
1122 1053 1264 1108 nimirum
1289 1052 1390 1121 rirtnS,
1412 1057 1441 1109 ct
1462 1052 1653 1126 pulchritudo
1676 1059 1784 1112 morta

956 1142 1028 1198 lium
1044 1158 1214 1215 corporum,
1231 1159 1299 1216 quar
1313 1141 1361 1198 hic
1376 1158 1429 1215 per
1443 1141 1543 1199 illicita
1557 1141 1704 1200 desideria
1716 1160 1783 1218 pas-

956 1231 1041 1299 citur,
1058 1231 1114 1288 illic
1125 1249 1143 1288 a
1153 1231 1313 1288 tortoribus
1328 1231 1441 1303 angelis
1456 1231 1485 1287 in
1501 1231 1654 1289 tormentis
1677 1250 1784 1292 consu-

956 1326 1063 1378 metm·.
1080 1324 1151 1388 Quae
1166 1321 1233 1378 ideo
1247 1321 1383 1378 consumi
1399 1321 1514 1391 dicitur,
1528 1338 1590 1378 non
1611 1322 1694 1395 quod
1715 1322 1783 1379 sub-

957 1411 1096 1469 stantiam
1109 1428 1200 1487 ptl’na
1207 1412 1238 1468 in
1247 1412 1375 1469 nihilum
1390 1411 1513 1483 redigat,
1531 1413 1583 1468 sed
1602 1411 1674 1486 quia
1698 1412 1784 1470 dolor

958 1520 1052 1576 usque
1068 1504 1106 1559 ad
1122 1503 1226 1560 intima
1238 1507 1350 1559 nalrunu
1359 1519 1546 1576 pererurcns,
1557 1502 1630 1560 uilril
1640 1503 1783 1560 intactam]

71 1586 145 1642 tiam
160 1603 247 1643 suam
263 1586 392 1658 ctl'ugerc
400 1595 526 1661 possunt
539 1610 544 1646 :
559 1591 577 1646 d
583 1608 632 1647 run
644 1592 839 1649 exterioribus
853 1592 903 1649 de-
922 1611 941 1665 p
956 1592 1112 1666 relinquat.
1128 1593 1177 1648 l'el
1193 1609 1245 1667 per
1257 1593 1410 1659 educatos,
1422 1597 1450 1649 et
1464 1591 1616 1660 enutritos,
1629 1591 1782 1666 ipsacarui

71 1674 281 1733 lectatiouibus
291 1677 391 1742 dediti,
402 1679 492 1745 rnala,
503 1697 570 1753 elnae
581 1681 757 1738 intrinsecus
767 1682 901 1747 tolerant,

72 1766 193 1822 interim
222 1765 450 1840 quodammodo
485 1769 628 1826 oblivioni
655 1771 784 1828 tradunt.
810 1772 902 1829 illinus

72 1854 157 1912 enim
171 1872 249 1912 nuuc
266 1856 353 1929 spina
367 1858 553 1916 conscientie
567 1876 618 1918 eor
632 1861 755 1935 pnngit:
777 1861 899 1935 qnamlo

72 1961 142 2000 eam
159 1949 201 2014 (ut
213 1944 253 2002 ita
267 1945 377 2018 dicam)
394 1951 514 2004 terrenae
529 1949 731 2007 delectationis
744 1949 836 2007 fascia
848 1949 900 2006 oh-

70 2034 207 2092 rolntam
221 2037 359 2107 contegit.
383 2038 424 2093 lbi
439 2043 538 2095 arrtcm
565 2040 752 2097 conscientiae
772 2045 900 2097 tormen-

74 2129 137 2181 tum
151 2125 282 2196 etlngere
291 2141 351 2182 non
362 2131 522 2199 potuerunt
539 2147 545 2184 :
561 2129 632 2202 quia
643 2147 711 2186 cum
723 2147 828 2187 sensus
838 2148 901 2187 cnr-

71 2213 119 2270 nis
134 2213 165 2270 in
179 2219 274 2273 morte
290 2214 360 2270 loris
376 2215 534 2285 clauditur,
557 2217 662 2274 horror
685 2219 901 2293 praeteritorum

72 2306 224 2361 malorum
236 2304 316 2361 intus
331 2305 431 2361 animo
446 2306 586 2378 aperitur.
602 2307 789 2365 Tunciutelix
801 2309 901 2366 arrima

71 2391 139 2450 licet
154 2410 220 2450 sero
248 2398 430 2467 compuncta
444 2395 532 2452 rellct
541 2397 606 2467 jam
621 2413 674 2470 per
697 2397 902 2471 penitentiam

73 2483 246 2552 emendare,
263 2484 346 2557 quod
360 2500 420 2541 non
437 2491 534 2558 potest
547 2504 600 2560 per
608 2487 821 2544 conscientiam
831 2488 903 2545 eliu·

73 2586 151 2641 gcrc.
170 2572 227 2628 Sed
243 2572 325 2643 justo
350 2573 399 2629 ltei
417 2574 540 2644 judicio,
565 2591 633 2648 quac
657 2574 740 2648 prins
767 2580 903 2648 tempora

72 2660 228 2733 paenitenti
242 2661 358 2719 indulta
372 2662 427 2719 silai
442 2664 581 2735 neglexit,
599 2665 663 2737 jam
685 2681 745 2722 non
765 2665 903 2740 relinqui·

72 2755 129 2813 tur,
145 2750 218 2824 quia
232 2751 324 2808 semel
339 2750 524 2809 irrevocabili
540 2755 684 2812 sententia
706 2755 825 2819 emissa,
841 2772 903 2811 arn·

70 2838 265 2913 plinsinhac
293 2841 353 2899 rita
380 2842 417 2899 ad
447 2843 652 2916 paenitentiam
672 2861 733 2901 non
758 2843 901 2902 ditlertur.

471 3050 523 3065 1—-

956 1681 1104 1738 desidcria
1119 1682 1253 1755 accipere
1268 1698 1430 1755 possumus
1448 1699 1533 1755 :qna
1550 1683 1715 1738 educantur
1731 1697 1784 1757 per

957 1771 1141 1845 superbiam,
1154 1776 1182 1828 ct
1196 1771 1384 1828 enutriuntur
1399 1770 1609 1845 perluxnriam
1626 1789 1632 1827 :
1649 1775 1678 1828 et
1689 1786 1784 1845 quau·

956 1868 1002 1919 tos
1016 1861 1113 1932 magis
1128 1879 1163 1918 ea
1173 1861 1321 1935 explendo
1339 1861 1501 1934 pascimus,
1523 1864 1605 1918 tanto
1624 1861 1722 1933 magis
1744 1860 1782 1919 ad

955 1950 1119 2025 appetitum
1134 1950 1370 2008 inflammamus.
1388 1953 1446 2007 llos
1462 1950 1614 2018 educatos,
1628 1954 1656 2007 et
1676 1949 1785 2008 enutri·

956 2045 1000 2096 toz
1015 2040 1164 2097 consumit
1177 2039 1326 2113 inimicus,
1341 2040 1372 2095 id
1392 2044 1445 2108 est,
1467 2056 1548 2096 mors
1572 2039 1609 2096 dc
1632 2055 1694 2112 qua
1714 2037 1784 2096 dicit

955 2131 1113 2203 Apostolus
1130 2150 1137 2187 :
1154 2131 1318 2190 Neminie
1330 2130 1639 2187 irn'mtcn'deslrnetnr
1652 2145 1731 2186 mors
1758 2127 1787 2200 (Ι

957 2220 1025 2276 Cor.
1042 2221 1104 2292 xsl:
1121 2220 1193 2293 quia
1206 2219 1348 2276 nimirum
1363 2219 1438 2274 dum
1452 2234 1522 2274 caro
1532 2222 1634 2274 nostra
1649 2218 1783 2274 inmortc

957 2308 1126 2376 succiditur,
1143 2308 1244 2365 omnia
1261 2309 1326 2380 ejus
1340 2307 1486 2364 desideria
1497 2307 1606 2380 pariter
1634 2306 1784 2378 exstingu-

957 2403 1057 2466 untur,
1074 2398 1150 2454 sicut
1164 2415 1217 2471 pcr
1231 2397 1419 2454 Psahnistam
1443 2395 1573 2452 dicitur:
1599 2397 1634 2451 In
1659 2395 1715 2453 itta
1736 2396 1784 2453 die

953 2487 1097 2558 peraeae
1114 2502 1212 2543 ornares
1228 2487 1421 2557 cogitationes
1435 2501 1535 2542 eornm
1551 2485 1645 2556 (Psct.
1661 2485 1734 2556 sir).
1751 2487 1786 2541 Et

957 2576 1114 2633 considera
1128 2593 1221 2649 quam
1234 2574 1443 2632 convenienter
1457 2574 1488 2629 iu
1507 2573 1567 2628 fine
1587 2573 1710 2630 lamenti
1731 2588 1784 2629 no·

956 2664 1079 2721 sissinra
1094 2680 1185 2737 poena
1204 2661 1367 2736 peccatoris
1382 2662 1490 2718 animae
1502 2660 1672 2734 plangitur:
1689 2664 1722 2717 ut
1741 2660 1784 2718 in-

958 2755 1127 2825 telligamus
1142 2770 1177 2810 ca
1191 2753 1281 2819 rrrala,
1304 2767 1372 2825 quar
1399 2750 1540 2825 praedicta
1564 2754 1642 2817 sunt,
1671 2752 1785 2823 quanta

958 2844 1077 2901 miseria
1091 2846 1302 2917 consequatur.

1326 3042 1773 3067 W

286 3218 972 3346 ADNOTATIUNCULAE
1015 3219 1578 3344 ElUClDATOltlAE

584 3490 641 3579 ru
683 3489 897 3578 rcnmu
936 3486 1278 3578 rucennrau

771 3708 1073 3722 w

110 3889 197 3961 (torn.
215 3893 247 3962 l.)
267 3892 392 3949 Verbum
407 3893 536 3961 Donrtm',
552 3893 631 3964 quod
650 3894 767 3962 scellam
789 3896 832 3947 est
860 3890 901 3946 cd
919 3892 941 3946 D
958 3890 1053 3947 sarius
1074 3890 1225 3960 allligitur,
1247 3887 1315 3944 inde
1336 3885 1467 3961 populus
1490 3882 1678 3940 consolatur:
1702 3875 1785 3954 quod

75 3980 139 4036 aer
149 3982 248 4050 fibram
262 3982 403 4039 antrcct.
421 3985 578 4040 llrsmnrcr.
593 3987 624 4038 ln
636 3982 728 4039 verbo
741 3981 796 4038 tria
811 3984 903 4036 atten-

75 4068 205 4126 duntur:
241 4073 388 4145 strepitus,
421 4073 527 4138 torma,
553 4071 725 4128 intellectus,
760 4069 902 4143 Strepitns

76 4160 300 4228 persecutionis,
326 4162 422 4218 lornra
448 4160 539 4225 uocis,
564 4160 727 4216 intellectus
753 4158 900 4214 illationis.

76 4247 280 4305 Percussioad
294 4249 466 4318 rirulictam,
488 4266 548 4305 ros
578 4249 616 4304 ad
642 4248 783 4314 laetitiam,
813 4246 902 4302 dictio

76 4335 200 4392 retertur
213 4338 253 4394 ad
268 4339 404 4410 gratiam.
429 4339 580 4413 Siquidem
608 4336 739 4393 vindicta
766 4335 901 4408 percutit,

75 4440 132 4480 ros
146 4427 329 4495 consolatur,
346 4429 434 4486 dictio
449 4427 554 4484 erudit.
570 4425 785 4492 Eruditlilium
797 4440 903 4481 conso·

75 4513 153 4571 latur
167 4518 385 4575 mercenarium
402 4538 408 4574 :
425 4518 522 4575 crudit
533 4515 626 4573 lilium
641 4515 725 4571 aride
736 4514 903 4571 doctrinam

76 4605 168 4675 patris
183 4606 330 4663 sitientem
347 4626 353 4672 ;
370 4606 541 4664 consolatur
556 4603 774 4662 mercenarium
790 4602 846 4659 sul)
857 4604 902 4674 ju-

76 4691 252 4751 dicioanxic
268 4695 464 4752 laborantem.
482 4695 585 4752 lilium
600 4693 697 4750 crudit
718 4691 812 4761 gratia
835 4691 904 4747 obe·

75 4781 205 4851 dientire,
222 4784 438 4841 mercenarium
454 4784 749 4841 consolatururerccs
771 4780 901 4852 justitiae,

76 4887 197 4928 serrum
212 4872 315 4944 affligit
325 4891 416 4947 poena
429 4873 558 4930 malitia.
572 4873 714 4944 strepitus
722 4870 761 4927 ad
770 4887 902 4943 pieriam,

77 4976 135 5017 rex
149 4961 187 5018 ad
204 4963 372 5036 praemium,
385 4963 549 5019 intellectus
563 4963 603 5019 ad
618 4961 745 5034 gratiam
768 4961 902 5016 retertur.

73 5050 141 5106 llrec
156 5049 247 5121 igitur
260 5052 315 5109 tria
335 5053 560 5109 considerantur
575 5052 604 5107 iu
628 5050 730 5113 serbo,
755 5049 839 5122 qnod
863 5050 875 5105 l
893 5080 904 5090 -

73 5143 158 5195 ctum
173 5143 217 5195 est
232 5141 272 5197 ad
285 5142 365 5198 toel:
383 5142 454 5215 quia
469 5141 498 5198 in
514 5141 592 5197 exitu
606 5139 756 5213 sequentis
777 5138 904 5210 proplie-

957 3997 1042 4036 mcns
1058 3981 1219 4037 electorum
1234 3977 1400 4048 intelligens
1426 3975 1455 4031 in
1480 3973 1606 4031 ltomiuu
1633 3971 1784 4042 gloriatur.

959 4070 1101 4143 Strepitus
1126 4069 1214 4139 igitur
1224 4068 1257 4122 lit
1271 4066 1309 4122 ad
1326 4064 1470 4129 carnales,
1488 4062 1584 4119 torma
1598 4060 1733 4131 dirigitur
1746 4058 1786 4114 ad

958 4157 1112 4225 animales,
1124 4155 1289 4211 intellectus
1298 4153 1336 4209 ad
1345 4151 1521 4224 spirituales,
1538 4153 1597 4206 lloc
1612 4153 1712 4204 antem
1722 4162 1786 4203 ver-

957 4247 1031 4302 brnn
1046 4244 1163 4302 Domini
1176 4247 1228 4298 est.
1244 4246 1277 4298 ln
1293 4240 1419 4296 llornino
1438 4253 1559 4310 quoque
1573 4236 1629 4292 tria
1652 4235 1785 4292 conside-

958 4341 1082 4392 rautur:
1099 4332 1180 4399 idtio,
1193 4330 1281 4397 zelus,
1298 4327 1461 4385 retributio.
1479 4325 1553 4380 Ultio
1572 4323 1678 4394 eulpae,
1707 4322 1786 4377 zelus
1813 4370 1816 4376 .

958 4421 1120 4495 disciplinae
1132 4418 1290 4492 praemium
1298 4413 1484 4472 obedientiae.
1496 4412 1581 4466 Virus
1590 4411 1785 4478 iqitursermo

957 4512 1021 4581 Dei,
1038 4517 1064 4567 et
1078 4511 1199 4578 efficere,
1228 4511 1254 4562 et
1277 4502 1495 4574 penetrabitior
1509 4500 1591 4556 errant
1604 4497 1705 4569 gladio
1734 4511 1787 4553 arr·

958 4601 1044 4670 cipali
1055 4599 1157 4666 (Hele.
1175 4597 1222 4665 rr).
1238 4592 1446 4659 penetrabilis,
1467 4589 1539 4664 quia
1561 4586 1686 4644 destruit
1702 4584 1786 4643 mali·

959 4689 1030 4745 tiam
1043 4707 1049 4752 ;
1064 4686 1150 4742 risus
1164 4684 1236 4758 quia
1248 4682 1361 4740 reducit
1375 4681 1413 4737 ad
1427 4679 1570 4751 gratiaram
1583 4674 1697 4743 efficax,
1714 4675 1786 4750 quia

958 4776 1094 4853 perducit
1108 4776 1147 4832 ad
1158 4775 1293 4844 gloriam.
1309 4770 1499 4829 Penelrnbilis
1510 4773 1554 4825 est
1562 4767 1686 4840 judicio,
1701 4767 1786 4823 sirus

958 4870 1045 4930 facto.
1069 4865 1175 4922 ellieax
1203 4862 1361 4936 promisso.
1387 4859 1587 4925 l‘enetrabilis,
1612 4857 1684 4931 quia
1709 4855 1787 4928 judi-

958 4957 1038 5013 cium
1053 4953 1258 5012 absconditur.
1274 4953 1370 5019 rivus,
1387 4950 1458 5024 quia
1471 4950 1582 5007 taetram
1602 4947 1667 5018 ejus
1688 4944 1786 5002 tructi-

959 5048 1072 5103 licatur.
1097 5043 1217 5111 Ellicax,
1238 5042 1310 5116 qnia
1337 5041 1518 5114 promissum
1545 5038 1610 5107 ejus
1635 5049 1696 5089 non
1721 5031 1785 5086 iuli-

959 5137 1061 5194 ciatnr.
1089 5132 1290 5200 penetrabilis,
1306 5129 1378 5204 quia
1392 5128 1517 5186 destruit
1536 5124 1666 5185 lortiter3
1689 5118 1783 5183 virus,

73 5226 131 5295 tire,
149 5229 381 5287 etinimicorum
394 5231 474 5299 ultio,
492 5236 520 5287 et
540 5229 643 5304 populi
672 5228 771 5285 afflicti
800 5213 1553 5303 conso·1)quiarisificatpotcnter;efficax,quia
1572 5206 1669 5265 reddit
1689 5204 1786 5263 effica-

72 5314 154 5387 latio,
172 5324 201 5374 et
225 5319 386 5376 electorum
406 5320 577 5393 praedicitur
601 5318 736 5375 eruditio
762 5316 904 5390 Strepitus
959 5315 1038 5371 citer.
1052 5317 1109 5370 lloc
1125 5318 1169 5370 est
1181 5311 1307 5366 verbum
1321 5305 1448 5371 llomini,
1460 5299 1542 5375 quod
1557 5298 1669 5354 lactum
1684 5297 1727 5351 est
1746 5294 1785 5352 ad

72 5406 165 5480 igitur
176 5409 242 5466 soni
257 5410 296 5467 ad
308 5410 515 5468 aelrersarinm
527 5429 533 5466 ι
547 5410 645 5467 torma
659 5408 741 5465 vocis
754 5407 793 5463 ad
810 5421 905 5480 popu·

71 5497 137 5558 lum
152 5500 298 5558 atlliclum
315 5518 322 5568 ;
338 5500 500 5560 intellectus
513 5499 597 5556 rerbi
609 5496 905 5567 admentemlitpro-

72 5589 238 5662 pneticam,
254 5594 282 5648 et
295 5590 456 5651 electorum
472 5590 608 5648 chorum.
624 5588 699 5655 Oraia
713 5585 793 5646 unde
804 5584 906 5647 adser-

958 5405 1020 5462 toel
1034 5404 1129 5460 lilium
1144 5398 1275 5458 l‘lratuel.

995 5493 1093 5551 Primo
1107 5487 1331 5549 ridendmncst,
1346 5482 1429 5556 quod
1444 5475 1624 5536 constructio
1651 5476 1785 5551 eclipsim

960 5582 1080 5656 patitur.
1095 5576 1226 5638 llicendo
1241 5574 1321 5644 euim
1333 5569 1460 5634 verbum
1472 5568 1600 5638 Domini,
1621 5566 1705 5654 quod
1715 5565 1790 5669 ,inec
