3832 6044
122 118 175 172 ors
384 162 388 180 .
467 126 645 186 snrosrno
665 132 700 188 nv
720 111 905 190 1111111111.
927 133 1076 194 amnesi
1095 139 1124 198 s.
1144 139 1308 198 nvornsn.
1328 168 1362 181 -
1381 140 1447 198 111.
1467 143 1489 197 1.
1776 145 1829 200 aaa

122 240 192 297 tiam
207 241 308 313 aliam,
324 259 393 319 quse
413 249 533 308 stultitia
555 253 720 324 videbatur,
746 260 775 313 et
792 271 853 313 non
875 261 947 327 erat,
962 263 987 318 Α
1005 260 1093 333 longe
1108 265 1278 334 ostendens,
1298 264 1380 338 quod
1397 263 1597 338 querelatur,
1619 279 1718 337 neque
1730 264 1829 323 lucem

120 333 152 384 ut
165 345 237 406 vera
252 333 397 406 sapientia
412 339 592 398 inveniretur
606 358 659 414 per
673 359 750 400 eam.
771 344 949 402 Praedicatus
1003 350 1141 420 ingerens
1156 354 1249 410 oculis
1273 353 1480 424 caligantibus.
1496 356 1607 410 Natura
1621 352 1702 408 enim
1717 353 1757 409 ad
1771 369 1829 410 sar·

118 421 164 473 est
176 420 308 479 Christus
318 427 488 497 crucifixus,
513 434 546 486 ut
557 431 721 489 humilitate
744 435 850 491 1111111
869 450 950 508 quoe·
1003 441 1124 498 vitutem
1150 443 1270 501 condita
1296 447 1464 501 Creatorem
1483 458 1573 499 suum
1594 441 1828 511 demonstravit;

118 508 241 604 reretnr.
271 508 328 564 Sed
351 512 484 568 mundus
509 514 660 572 medicum
682 516 857 591 [modicum]
883 519 949 576 des·
1002 528 1055 585 sed
1078 534 1141 587 erat
1154 532 1315 589 similitudo
1339 531 1497 606 peregrina
1512 530 1552 587 ad
1577 530 1779 603 excellentem,
1802 534 1831 587 et

117 597 208 664 pent,
222 599 251 651 et
265 611 326 653 111
340 601 436 671 potuit
450 617 555 659 varum
570 619 741 674 agnoscere.
760 606 855 665 Voluit
868 608 948 665 enim
1002 618 1207 678 dominantem
1222 621 1419 693 maiestatem.
1436 623 1536 694 Neque
1550 619 1647 693 potuit
1662 619 1829 677 evidentem

118 685 314 758 contemplari
338 705 430 762 opera
451 692 502 748 Dei
525 710 593 767 quae
618 695 756 772 mirando
774 697 893 766 iecerat,
920 704 948 756 θῒ
1001 706 1233 768 declarationem
1262 711 1394 768 invenire
1423 710 1502 766 iniis
1517 708 1659 765 omnibus
1680 708 1741 777 illa,
1760 725 1828 782 quae

117 788 186 844 quae
201 782 399 848 proposuerat
412 779 557 839 imitanda
573 784 668 842 noluit
688 787 831 844 venerari.
847 790 946 861 Neque
1001 797 1138 855 docenda
1161 800 1258 856 iuerat
1281 805 1399 872 nutura,
1427 799 1583 871 quoniam,
1612 798 1727 872 etipsa
1755 813 1829 856 sana

117 863 199 918 enim
222 865 364 924 morbum
390 885 479 927 suum
502 873 635 942 attendit,
662 880 695 932 ut
715 876 766 949 pia
789 877 946 935 devotione
1000 888 1585 956 1111111,11111111111111111111111
1607 887 1829 960 contemplatio

116 951 299 1011 medicinam
311 962 471 1029 quareret;
488 960 541 1017 sed
553 961 590 1018 de
605 963 680 1020 falsa
691 965 815 1023 sanitate
834 981 946 1039 praesu·
999 990 1079 1031 nom.
1096 979 1160 1031 Non
1174 976 1254 1032 enim
1268 976 1376 1033 babuit
1388 992 1455 1049 qnae
1469 990 1523 1048 par
1540 975 1666 1045 gratiam
1680 976 1829 1048 exemplu-

115 1056 202 1097 mens
217 1042 299 1102 dedit
313 1062 343 1102 se
363 1052 396 1105 ut
416 1064 496 1106 vanu
519 1052 686 1111 curiositate
709 1054 807 1113 aliena
827 1054 945 1114 investi·
998 1063 1043 1120 ria
1066 1064 1273 1122 formabantur
1292 1066 1330 1122 ad
1355 1065 1512 1122 sanitatem
1537 1063 1660 1121 visionis
1685 1063 1826 1132 internam

115 1134 743 1216 11111111111111111111111111111111111,
768 1145 821 1202 sed
839 1145 945 1203 deiecit
998 1167 1096 1225 neque
1110 1168 1212 1211 arcam
1241 1154 1392 1227 sapientiae
1420 1157 1554 1222 noverat,
1577 1155 1606 1209 et
1638 1149 1828 1208 conditorum

115 1221 145 1276 in
161 1238 192 1278 se
208 1228 236 1280 ct
249 1239 329 1292 eum,
352 1227 486 1299 quierat
506 1247 598 1304 supra
618 1249 659 1302 se,
682 1248 743 1291 non
765 1235 887 1292 invenit.
912 1239 945 1292 Et
997 1239 1340 1310 thesaurorum,carnem
1353 1242 1439 1299 Verbi
1452 1242 1553 1299 eterni
1563 1241 1594 1298 in
1608 1243 1677 1298 1111
1690 1239 1829 1297 humani-

113 1313 272 1385 proposuit
295 1315 527 1377 existimationes
546 1322 584 1378 de
604 1322 665 1392 illo,
685 1339 763 1397 quas
784 1324 873 1382 eorde
895 1341 944 1382 su·
997 1332 1072 1399 tatc;
1089 1330 1141 1388 sed
1155 1331 1282 1388 naturali
1302 1332 1366 1389 solo
1391 1332 1573 1389 documento
1592 1335 1678 1387 utens
1691 1325 1827 1401 lippienti

113 1400 209 1473 porbo
224 1412 410 1478 conceperat,
429 1423 467 1465 ne
487 1425 592 1468 verum
613 1413 749 1483 ignorare
770 1414 941 1473 videretur:
997 1419 1061 1475 acie
1079 1419 1181 1477 lumen
1193 1420 1342 1490 nubilum,
1357 1424 1386 1478 11
1398 1420 1576 1491 ambiguum
1591 1417 1746 1476 adducens
1762 1430 1827 1489 spe

114 1494 144 1545 et
158 1495 276 1549 secutus
291 1497 334 1551 est
348 1496 378 1552 in
392 1496 442 1554 via
454 1500 571 1570 erroris,
587 1501 646 1558 ulia
661 1506 689 1559 et
702 1503 770 1571 alia,
785 1509 887 1562 contra
896 1521 944 1562 ve·
996 1507 1256 1567 culantiinrerum
1271 1510 1545 1583 creatarumspecie
1555 1505 1824 1580 contemplabatur.

113 1595 182 1635 rum
200 1580 340 1652 plurima,
368 1590 397 1641 et
422 1587 584 1645 novissima
610 1590 751 1648 indecora
776 1593 889 1661 Delicti,
915 1597 944 1650 et
996 1600 1154 1671 Propterea
1168 1607 1351 1671 erraverunt,
1368 1606 1396 1658 et
1409 1590 1604 1670 evanuerunt,
1616 1614 1686 1655 cum
1700 1595 1825 1654 transire

113 1669 267 1728 excellenti
280 1675 428 1745 majestati
442 1677 598 1748 deformia,
614 1683 647 1737 ut
660 1696 742 1737 error
754 1681 837 1739 ficret
849 1683 943 1740 mani·
956 1658 977 1712 B
996 1688 1105 1746 vellent
1117 1694 1216 1746 mente
1231 1706 1266 1748 ea
1280 1707 1347 1765 quse
1356 1691 1420 1748 sola
1434 1705 1522 1747 nosse
1535 1690 1713 1761 acceperant
1721 1689 1750 1742 et
1763 1683 1826 1758 pal-

115 1757 216 1815 iestus.
232 1762 314 1818 Prius
334 1763 414 1821 enim
436 1782 540 1823 verum
563 1773 635 1838 erat,
651 1774 680 1827 et
693 1786 837 1841 magnum
861 1773 942 1830 vide·
996 1781 1101 1849 pantes
1112 1779 1360 1835 estimationibus
1374 1780 1413 1837 ad
1438 1795 1473 1837 ea
1487 1794 1555 1853 quae
1565 1777 1658 1834 videri
1669 1789 1730 1832 non
1743 1776 1824 1847 pote-

114 1847 203 1904 batur
217 1851 417 1910 etnovissimc
438 1858 580 1914 successit
599 1858 721 1929 falsitas,
745 1876 814 1916 cum
832 1861 941 1918 veritas
995 1870 1071 1933 rant,
1084 1867 1154 1923 caeci
1166 1867 1277 1923 inventi
1302 1871 1371 1925 sunt
1397 1869 1449 1941 qui
1462 1883 1493 1924 se
1506 1867 1606 1923 videro
1634 1866 1822 1938 putaverunt.

113 1941 317 1998 consummari
331 1941 491 2002 debuisset.
506 1949 540 2002 Et
548 1946 786 2005 demonstratum
800 1953 845 2006 est
853 1950 940 2023 quasi
996 1956 1062 2010 lloec
1077 1958 1147 2011 sunt
1173 1955 1333 2013 simulacra
1348 1971 1493 2025 errorum,
1522 1971 1591 2030 quae
1607 1951 1757 2022 theologia
1770 1951 1823 2023 (sic

111 2028 215 2086 lumen
229 2032 386 2104 quoddam
399 2033 430 2090 in
444 2041 528 2108 parte
541 2052 613 2106 una,
628 2043 661 2095 ut
675 2038 715 2095 ibi
726 2039 876 2097 videratur
889 2041 940 2098 ali·
995 2043 1075 2100 enim
1089 2044 1146 2117 ipsi
1159 2051 1341 2104 vocaverunt
1355 2044 1497 2114 studium,
1509 2059 1571 2119 quo
1586 2042 1688 2099 divina
1697 2037 1823 2096 scrutari

111 2117 196 2190 quid,
212 2125 241 2176 ct
254 2126 340 2178 erant
353 2128 456 2182 contra
470 2125 571 2181 densae
585 2127 725 2196 tenebrae,
734 2128 941 2202 etcaligopro·
994 2132 1194 2204 crediderunt)
1221 2135 1361 2192 vanitatis
1375 2149 1490 2203 eorum,
1506 2138 1535 2190 et
1552 2129 1737 2204 deceptionis
1749 2142 1824 2200 proe-

112 2209 206 2267 111111
220 2211 424 2283 ignorationis,
442 2212 494 2271 uhi
508 2217 616 2272 erroris
631 2217 757 2292 laqueus
771 2219 939 2292 ponebatur
993 2221 1075 2278 dicat
1086 2223 1259 2280 veneranda
1270 2241 1277 2292 ;
1289 2224 1319 2280 in
1333 2222 1444 2297 quibus
1459 2227 1521 2279 tam
1532 2219 1627 2277 multa
1640 2223 1701 2275 tarn
1714 2219 1824 2289 preter

112 2297 142 2352 in
158 2297 327 2369 captionem
342 2301 552 2373 superborum.
569 2305 750 2362 striderunt
764 2306 815 2362 nbi
835 2307 937 2363 lumen
993 2326 1107 2378 verum,
1123 2315 1152 2368 ct
1164 2315 1288 2380 rectum,
1305 2316 1333 2369 et
1348 2317 1463 2369 natura
1478 2311 1566 2368 bonas
1585 2311 1822 2365 consentaneum

110 2392 182 2454 erat,
198 2387 286 2444 etubi
300 2389 428 2446 tenebrae
442 2393 711 2451 erantvidercuon
723 2399 898 2467 potuerunt;
911 2400 939 2453 et
994 2400 1187 2469 mentiuntur,
1213 2405 1246 2458 ut
1266 2401 1321 2474 ipsi
1345 2416 1467 2474 quoque
1494 2399 1669 2456 erubescere
1691 2390 1821 2466 compel-

110 2475 151 2531 ibi
159 2477 267 2550 laqueo
276 2480 354 2552 capti
362 2486 557 2556 suntpropter
565 2485 724 2541 audaciam
732 2487 939 2559 praesumptio·
993 2489 1092 2547 lantur
1101 2489 1132 2545 in
1147 2489 1332 2561 cisilignum
1357 2492 1470 2563 quippe
1485 2493 1548 2545 erat
1559 2492 1592 2545 ut
1606 2483 1823 2543 confunderen-

108 2566 156 2621 nis
171 2583 240 2637 sua,
252 2585 313 2642 qua
328 2585 358 2625 se
372 2572 633 2645 precipitaverunt
646 2573 687 2630 ire
700 2573 731 2630 in
742 2574 814 2630 illud
826 2593 833 2631 :
845 2575 940 2632 mani·
993 2584 1041 2636 tur
1056 2580 1086 2634 in
1112 2577 1238 2636 summis
1251 2579 1304 2653 qui
1322 2580 1360 2636 de
1381 2578 1555 2635 intimorum
1583 2575 1750 2647 cognitione
1773 2592 1821 2634 su-

109 2654 183 2712 iesta
196 2662 265 2714 1111
278 2659 353 2716 hec.
369 2662 486 2727 Quanto
501 2661 581 2718 enirn
594 2662 634 2720 illi
647 2663 816 2720 excellentis
828 2663 938 2734 ingenii
993 2666 1079 2741 perbi
1107 2670 1200 2737 erant,
1223 2672 1252 2725 et
1279 2669 1332 2741 qui
1357 2667 1554 2725 humilitatem
1574 2664 1644 2721 fidei
1670 2664 1701 2720 in
1725 2669 1821 2722 morte

110 2753 305 2804 monumenta
317 2748 501 2822 reliquerunt
515 2751 567 2806 ubi
589 2755 650 2808 tam
664 2752 758 2808 multa
781 2752 939 2823 investigo·
995 2755 1545 2830 salvatorisdespiciunt,celsitudinem
1560 2754 1625 2825 ejus
1635 2752 1821 2811 admirantum

109 2834 187 2890 tione
216 2841 328 2894 secreta
352 2843 475 2908 naturae,
505 2840 656 2898 stabilita
682 2856 782 2898 rernm
806 2841 937 2898 condita·
991 2845 1022 2902 in
1035 2846 1185 2917 agnitione
1213 2846 1368 2904 Crantoris.
1384 2848 1448 2902 Duo
1462 2843 1542 2901 enim
1562 2841 1723 2900 simulacra
1736 2846 1821 2900 erant

108 2941 176 2979 rum
192 2928 341 2997 prosecuti
365 2933 443 2998 sunt,
466 2935 498 2985 ut
517 2932 614 3004 ipsam
635 2931 754 2988 illorum
772 2931 937 2989 efficaciam
956 2930 1821 3034 Cpropositnhomini,lnquibusinvisibiliavidor‘epotuis·

109 3014 191 3069 omni
207 3017 303 3072 studio
324 3018 542 3090 praeferendam
563 3020 775 3078 existimemus.
798 3021 936 3092 Legimus
991 3030 1049 3081 set:
1067 3041 1163 3081 unum
1181 3030 1305 3093 naturae,
1320 3029 1349 3081 ot
1371 3040 1466 3079 11111
1482 3023 1594 3094 gratiae¹
1619 3019 1818 3078 Simulacrum

109 3107 196 3170 antee,
221 3109 249 3160 11
269 3106 376 3176 studia,
399 3113 428 3165 ct
442 3108 615 3183 disciplinas
638 3114 666 3166 et
687 3111 837 3166 rationum
861 3126 935 3183 proe·
989 3118 1104 3171 naturae
1119 3117 1182 3170 erat
1194 3113 1307 3184 species
1319 3113 1409 3184 hujus
1423 3112 1538 3167 mundi.
1557 3108 1755 3165 Simulacrum
1768 3124 1819 3165 au-

108 3198 194 3264 ccpta
209 3194 347 3266 plurima,
362 3214 430 3270 qum
449 3198 489 3254 illi
513 3215 602 3255 sensu
617 3204 645 3257 11
663 3199 783 3271 ingenio
797 3215 851 3256 suo
864 3200 935 3257 dato
989 3200 1050 3255 tem
1063 3198 1164 3267 gratie
1191 3201 1253 3253 erat
1267 3196 1439 3252 humanitas
1466 3194 1562 3251 Verbi.
1589 3195 1622 3249 Et
1648 3191 1679 3246 in
1692 3195 1818 3263 utroque

107 3281 137 3336 in
151 3282 208 3337 hoo
225 3283 323 3357 ipsum
332 3287 452 3342 scrutati
466 3292 544 3356 sunt,
556 3291 585 3345 11
598 3286 835 3358 1111111111;11
844 3288 935 3362 scrip·
988 3288 1066 3342 Deus
1079 3283 1312 3350 monstrabatur,
1328 3283 1381 3339 sed
1400 3283 1504 3340 nonin
1535 3284 1660 3351 1111011110
1674 3277 1819 3348 1111911181)-

106 3376 209 3427 serunt
235 3372 366 3440 inventa,
388 3378 417 3431 et
438 3374 566 3444 legendo
588 3376 714 3449 posteris
738 3376 932 3445 tradiderunt,
988 3377 1095 3446 batur3
1118 3375 1264 3449 quoniam
1280 3376 1386 3430 natura
1406 3368 1642 3446 quidemspecie
1658 3367 1818 3424 111111111-

105 3461 244 3533 logicam,
267 3465 296 3517 ot
310 3463 447 3532 ethicam,
463 3467 492 3520 et
504 3464 758 3535 mathematicam,
781 3469 809 3522 11
833 3466 933 3540 physi-
988 3482 1053 3524 cem
1068 3463 1292 3532 demonstravit,
1322 3463 1374 3519 sed
1393 3459 1601 3535 contemplatis
1625 3457 1728 3514 oculos
1753 3455 1818 3513 illu*

105 3565 183 3617 cam,
199 3550 237 3606 de
251 3550 349 3607 forma
363 3551 633 3622 ratiocinationum,
649 3558 677 3611 et
687 3554 764 3624 vitae,
773 3558 802 3611 et
812 3570 933 3611 morum
987 3552 1102 3610 minare
1124 3566 1186 3608 non
1210 3551 1315 3624 potuit.
1332 3549 1505 3607 Humanitas
1528 3561 1601 3604 vcro
1616 3543 1775 3602 salvatoris
1789 3547 1819 3600 et

105 3655 160 3712 pro
184 3641 317 3697 instituto
335 3646 450 3698 nature
474 3642 654 3713 decentium,
680 3644 717 3700 de
740 3643 932 3718 dispositione
986 3641 1136 3700 medicina
1150 3633 1818 3710 fuitutcrecilumenreciperent‚etdoctrina

104 3733 134 3785 et
155 3729 269 3798 ordine,
295 3733 323 3785 et
347 3730 454 3798 causis,
476 3733 505 3786 et
526 3732 720 3803 proventibus
741 3749 842 3789 rerum
869 3748 932 3790 orn·
986 3732 1095 3806 pariter
1108 3735 1141 3788 ut
1164 3730 1299 3787 videntes
1313 3731 1510 3801 agnoscerent
1529 3725 1694 3783 veritatem.
1710 3725 1817 3779 Lutum
1902 3778 1905 3785 ,

105 3821 200 3875 nium.
217 3823 250 3875 Et
264 3819 453 3877 invaluerunt
466 3821 497 3876 in
509 3825 593 3893 parte
612 3821 680 3891 hac,
702 3827 735 3879 ut
755 3838 858 3879 verum
882 3839 933 3896 ap
986 3822 1054 3880 lecit
1078 3838 1115 3878 ex
1143 3823 1247 3896 sputo:
1265 3824 1293 3877 et
1317 3819 1412 3877 linivit
1439 3816 1543 3874 oculos
1567 3814 1647 3886 curci,
1661 3817 1690 3869 et
1703 3811 1776 3868 lavit
1789 3814 1818 3868 et

106 3908 341 3981 prehenderent;
368 3908 513 3981 quoniam
538 3914 566 3966 et
588 3910 653 3966 brec
675 3911 782 3968 veritas
804 3928 859 3985 per
881 3927 932 3968 eos
985 3912 1060 3968 vidit
1068 3911 1167 3984 (douo.
1183 3911 1232 3983 11).
1249 3913 1284 3967 nt
1297 3908 1371 3983 quid
1385 3906 1513 3982 posteat
1540 3903 1650 3962 Deinde
1664 3899 1774 3957 11111111
1789 3902 1818 3956 11

106 3994 303 4052 ministranda
317 4000 389 4064 erat,
406 4013 474 4069 quae
488 4013 551 4054 non
573 4003 636 4055 erat
649 3998 688 4055 ad
703 3999 794 4056 vitam
808 4001 860 4074 qui
880 4001 934 4058 lilii
985 4001 1123 4058 nondum
1136 3999 1328 4070 cognoscenti
1358 3998 1417 4054 ait:
1435 4001 1497 4067 Ego
1512 4011 1589 4063 sum,
1617 3991 1710 4065 etqui
1723 3988 1819 4063 loqui·

106 4086 172 4141 vitae
184 4100 246 4141 non
258 4089 350 4142 erant.
364 4086 433 4144 idco
448 4085 553 4143 datum
581 4092 626 4143 est
644 4087 699 4143 illis
719 4092 840 4162 propter
865 4104 931 4159 nos,
986 4095 1034 4147 tur
1043 4095 1152 4157 tecum,
1166 4089 1230 4162 ipse
1244 4092 1289 4144 est
1304 4088 1391 4144 Pilius
1400 4088 1450 4143 lici
1465 4087 1557 4159 (ibid).
1570 4083 1653 4141 Prius
1667 4099 1739 4153 ergo
1753 4079 1816 4136 illu-

105 4173 216 4245 quibus
238 4173 457 4233 consummatio
478 4174 654 4230 servabatur
675 4179 704 4231 et
716 4176 867 4234 inchoatio
880 4194 932 4252 pa·
986 4177 1120 4244 minavit,
1144 4179 1247 4248 postea
1278 4168 1502 4231 demonstrabit.
1532 4176 1642 4229 Natura
1663 4171 1744 4227 enim
1766 4168 1816 4223 de-

105 4261 237 4333 rabatur,
250 4266 283 4317 11
294 4261 460 4319 invenirent
470 4262 624 4319 veritatem
637 4262 831 4337 illam‚quam
845 4279 931 4338 opor·
950 4301 972 4354 D
987 4269 1153 4325 monstrare
1167 4262 1444 4338 potuit,illumiuare
1456 4276 1516 4318 non
1528 4260 1670 4333 potuit.Et
1683 4257 1816 4314 mundus

104 4351 159 4408 tuit
184 4351 333 4424 suscipere
347 4350 424 4407 lilios
452 4353 518 4409 vitae
540 4351 579 4407 ad
604 4351 784 4425 obsequium
804 4369 930 4410 summae
988 4360 1154 4415 Creatorem
1181 4369 1270 4410 snum
1299 4351 1396 4424 specie
1424 4348 1605 4423 praedicavit,
1634 4345 1686 4401 sed
1713 4343 1816 4401 intelli·

104 4440 244 4498 veritatis.
261 4441 351 4512 Cuius
363 4440 448 4498 labor
463 4441 535 4515 ipsis
548 4441 703 4514 appositus
719 4446 771 4512 est,
797 4443 831 4499 iis
855 4444 932 4500 fruc·
986 4446 1117 4518 gentiam
1131 4442 1260 4501 veritatis
1287 4437 1431 4497 cordibus
1444 4436 1603 4494 hominum
1622 4448 1684 4489 non
1696 4430 1814 4489 inludit.

103 4535 151 4588 tus
166 4535 308 4588 servatus.
321 4534 354 4587 Et
367 4531 398 4586 in
413 4531 554 4588 omnibus
566 4531 929 4603 iislumenintelligentire,
984 4538 1038 4592 Per
1052 4533 1212 4590 simulacra
1232 4531 1321 4601 igitur
1347 4532 1472 4597 nature,
1493 4528 1612 4583 Creator
1639 4525 1757 4579 tantum
1780 4520 1816 4576 si-

104 4625 132 4676 ct
146 4636 273 4676 acumen
289 4619 409 4690 ingenii,
436 4634 602 4692 sensusque
616 4619 755 4676 virtutem
779 4620 818 4676 ad
842 4620 932 4677 11011-
985 4622 1202 4694 gnificabatur3
1230 4620 1261 4675 in
1277 4617 1443 4676 simulacris
1471 4630 1542 4672 vero
1569 4612 1670 4684 gratia
1697 4625 1815 4685 presens

103 4713 204 4765 menia
217 4709 328 4782 praevia
342 4714 555 4782 perceperunt3
572 4709 603 4765 11
609 4708 719 4783 quibus
728 4713 931 4766 creaturmum
985 4714 1062 4767 lieus
1075 4708 1297 4779 ostendebatur,
1311 4706 1383 4780 quia
1392 4705 1443 4762 illa
1458 4707 1598 4778 operatus
1611 4705 1699 4758 estut
1711 4698 1816 4756 1111111-

102 4799 173 4867 vim,
190 4803 217 4854 ot
235 4796 361 4853 modurn
383 4801 497 4855 1111111
518 4798 664 4855 interioris
686 4798 852 4855 secundum
875 4798 932 4855 ior·
986 4803 1103 4872 geretur
1117 4813 1180 4853 esse
1191 4816 1197 4867 ;
1210 4797 1239 4853 11
1252 4797 1316 4854 istis
1330 4812 1401 4854 voro
1417 4799 1557 4869 operatus
1572 4796 1658 4850 estut
1672 4806 1815 4863 agnosce-

102 4902 185 4943 mam
199 4885 322 4942 rationis
335 4885 432 4943 insitus
444 4886 588 4944 subtiliter
603 4887 815 4944 discusserunt.
832 4888 932 4944 Novis·
985 4892 1065 4945 retur
1092 4901 1223 4959 praesens
1251 4902 1326 4943 esse.
1351 4887 1417 4942 llaec
1437 4888 1482 4942 est
1507 4883 1647 4941 distantia
1658 4879 1814 4951 theologias

102 4976 177 5032 sime
200 4979 301 5032 autem
325 4976 506 5047 theologiam
527 4991 583 5050 pro
609 4976 723 5033 ratione
748 4977 930 5045 divinornm,
983 4977 1075 5049 hujus
1089 4976 1195 5033 mundi
1210 4976 1322 5046 abillo,
1341 4992 1409 5050 quae
1424 4974 1526 5033 divina
1544 4974 1717 5034 nominatur
1735 4971 1815 5026 neo

101 5070 130 5122 11
158 5065 337 5122 scrutatione
364 5065 558 5123 invisibilium
586 5065 674 5140 quasi
694 5067 931 5123 consummaturi
984 5066 1073 5136 logia.
1100 5066 1285 5141 impossibile
1311 5066 1391 5123 enim
1416 5070 1460 5123 est
1482 5063 1651 5122 invisibilia.
1680 5057 1737 5114 nisi
1760 5071 1815 5129 per

102 5153 279 5226 sapientiam
304 5154 492 5220 addixerunt,
517 5159 551 5212 ut
574 5153 630 5227 ipsi
652 5156 838 5227 putaverunt,
863 5170 932 5211 con·
984 5154 1110 5213 visibilia
1120 5155 1334 5213 demonstrari:
1347 5158 1541 5226 etpropterea
1552 5150 1651 5208 omnis
1663 5143 1814 5214 theologia

101 5243 296 5311 summaturi;
314 5243 366 5299 sed
380 5258 447 5300 vore
466 5243 614 5313 amissuri,
630 5247 659 5300 et
680 5258 782 5300 veram
804 5257 865 5299 non
888 5243 931 5300 in·
984 5259 1105 5301 necesse
1132 5243 1223 5301 habet
1246 5241 1412 5298 visibilibus
1438 5231 1742 5295 demonstrationibus
1770 5233 1814 5289 uti

100 5331 324 5401 venturiltarn,
341 5332 381 5389 ibi
397 5348 534 5389 corruere
554 5338 708 5405 coeperunt
727 5332 759 5388 11
772 5333 931 5390 mendacia
985 5335 1015 5389 in
1042 5332 1234 5390 invisibilium
1260 5328 1470 5387 declaratione.
1506 5323 1563 5382 Sed
1590 5319 1756 5387 mundana,
1780 5324 1814 5378 ut

100 5419 323 5489 figmentorum,
335 5424 365 5476 et
378 5424 606 5495 assumpserunt
620 5421 733 5494 species
747 5421 878 5478 visibiles
893 5421 931 5475 si·
984 5423 1124 5488 diximus,
1153 5419 1302 5487 theologia
1323 5431 1415 5489 opera
1439 5412 1616 5471 conditionis
1639 5410 1811 5484 assumpsit,
1827 5469 1833 5480 ,

99 5508 235 5566 mulacra
249 5509 430 5579 divinorum,
445 5515 478 5567 ut
492 5509 652 5568 invisibilia
661 5510 796 5567 viderent
818 5527 872 5584 per
883 5526 928 5579 ca,
984 5516 1013 5567 et
1039 5510 1185 5566 clementa
1217 5506 1308 5577 hujus
1342 5504 1449 5561 mundi
1481 5502 1648 5560 secundum
1681 5501 1812 5575 speciem

99 5613 168 5671 quae
183 5599 362 5657 videbantur
374 5618 382 5670 3
396 5604 424 5656 et
438 5602 501 5656 erat
513 5599 553 5656 ibi
564 5600 658 5656 simile
676 5599 800 5672 aliquid,
816 5599 868 5675 sed
892 5598 929 5654 de
985 5602 1094 5666 111111,
1110 5598 1142 5652 11
1156 5582 1441 5653 demonstrationem
1458 5609 1545 5651 suam
1559 5593 1669 5674 iaceret
1689 5591 1720 5650 in
1744 5590 1810 5668 illis.
