3832 6044
73 105 124 158 itt

654 117 688 173 tu
709 117 964 177 ucetnsusrnu
984 118 1136 177 uomitu
1152 120 1218 178 lllll.

1732 127 1783 183 ltu

69 242 140 283 nem
151 229 266 296 avertit,
283 229 345 304 ipse
358 234 415 289 sibi
432 241 570 307 peccator
584 256 621 297 ne
633 242 727 299 redire
737 243 844 312 valcat,
859 244 899 300 ad
917 246 941 301 b
954 243 1035 316 patio
1051 244 1057 298 i
1074 243 1238 302 odistentio
1248 245 1436 318 perniciosal
1454 260 1516 318 quo
1528 245 1782 321 trahisunimum?
1819 222 1828 237 ’

70 333 100 371 se
110 315 217 375 lumen
232 320 360 378 veritate
372 324 540 385 abscondit.
556 332 719 400 Ergohane
734 335 903 407 occupatio-

68 422 140 462 nem
156 408 321 480 pessimam
332 412 414 470 dedit
424 416 500 471 Deus
511 417 578 474 filiis
587 420 745 479 hominum
755 423 902 481 utdistea-

67 495 181 552 danim·
196 497 226 553 in
237 515 282 555 ea.
293 501 390 566 Quare
401 504 491 573 dedit,
502 507 749 568 utdistendautur
759 512 788 569 iu
797 530 832 570 ea
843 515 856 569 ‘l
869 516 903 570 llt

67 601 99 640 se
115 586 241 644 tendant
257 588 472 662 eruistendanr,
482 593 812 670 lalrorentctdcfieiant,
824 606 903 658 etre-

66 680 427 739 vertanturetsuneteos.
450 683 478 740 Si
494 685 574 742 enim
591 687 621 743 in
637 691 831 763 occupatione
847 708 902 748 sua

67 780 129 821 non
144 765 384 826 ‹listeudereutur
398 788 496 846 neque
506 774 685 848 laborarent,
700 780 800 837 'didcis
818 783 902 839 lieret

66 853 233 929 nimisipsa
244 860 411 932 occupati0,
424 867 452 917 et
466 863 578 921 nollent
591 866 672 924 illam
689 869 834 939 deserere,
850 887 901 927 ne·

66 960 127 1016 que
142 945 239 1001 redire
252 947 393 1019 atriplius,
407 953 652 1025 concupiscerent
663 957 715 1013 ubi
728 958 835 1016 veritas
844 964 898 1017 est.

66 1036 227 1106 Propterea
241 1036 323 1092 dedit
335 1037 392 1094 illis
403 1042 631 1114 occupationem
639 1046 802 1117 pessimam
812 1051 898 1119 licus,

67 1126 98 1177 nt
108 1122 298 1182 distendatur
312 1126 342 1183 in
357 1144 402 1184 ea.
419 1134 552 1199 Agamus
572 1133 672 1205 pietati
687 1135 752 1206 ejus
778 1138 897 1208 guertius,

65 1211 139 1285 quia
150 1212 319 1272 laborenos
335 1215 402 1274 lecit
420 1218 450 1275 in
471 1222 551 1278 malo
568 1230 681 1293 nostra,
701 1225 899 1285 inmersione

64 1307 169 1358 nostra
182 1322 188 1367 ;
203 1305 276 1377 quia
290 1306 394 1378 sepivit
408 1310 501 1383 spinis
516 1312 595 1369 viam
609 1319 745 1372 nostram
760 1321 791 1374 ut
805 1334 899 1374 rerer·

65 1395 165 1448 tamur
180 1399 208 1450 et
222 1403 432 1454 convertamur
446 1399 592 1473 adipsum
605 1403 702 1460 virum
713 1410 741 1461 ct
752 1423 898 1478 sponsum

64 1483 93 1536 et
102 1481 237 1538 amicum
249 1484 357 1541 aniame
369 1491 487 1557 nostrae,
497 1490 568 1563 quia
576 1491 652 1548 bene
661 1499 723 1550 erat
732 1494 819 1551 nobis
828 1501 897 1554 tunc

957 333 1108 397 Quantum
1128 333 1286 406 promittis,
1311 338 1499 408 alquantum
1529 332 1634 391 tollis?
1660 334 1783 392 Promit-

956 421 992 477 tis
1006 421 1120 478 homini
1141 426 1236 479 totum
1262 423 1345 495 quod
1368 423 1432 497 ipse
1453 439 1515 479 non
1539 427 1591 490 est,
1608 424 1636 479 et
1650 421 1728 480 tollis
1740 426 1783 479 ta·

956 513 1020 566 tum
1032 510 1115 583 qaod
1129 510 1192 605 ipse
1203 514 1255 567 cst.
1269 511 1346 578 auid
1362 511 1387 567 si
1398 515 1492 568 totum
1505 511 1594 568 dares
1613 509 1697 586 quod
1715 524 1783 585 pro

955 599 1055 668 mittis,
1075 605 1103 656 et
1122 605 1216 657 totum
1239 600 1364 669 tolleres,
1385 601 1468 674 quod
1484 601 1581 657 tollis?
1604 599 1681 670 Ouid
1703 601 1782 658 enim

952 690 1073 759 prodest
1093 690 1208 746 luorru'ni
1228 692 1256 745 ai
1277 692 1448 746 trauersum
1469 690 1613 747 reuredum
1635 691 1781 763 lucretur,

954 779 1781 850 areimauerosua’detrimentumpatietur?(Mettium.)

955 870 1070 933 Qirtmto
1081 868 1178 937 uragis
1191 867 1292 935 modo,
1309 867 1531 941 quialallaoiter
1545 871 1641 925 totum
1659 867 1782 941 promit·

956 955 999 1022 tis,
1010 960 1038 1011 ct
1048 955 1189 1012 veraciter
1199 959 1293 1012 totum
1304 955 1406 1012 tollis?
1420 955 1551 1011 Pessima
1563 971 1594 1010 es
1609 955 1781 1012 distendens

954 1046 981 1099 et
995 1043 1155 1116 dissipans,
1167 1042 1341 1113 aliligcnset
1354 1043 1490 1100 crucians
1508 1043 1625 1100 annuos
1638 1061 1645 1112 3
1669 1041 1780 1116 quibus

953 1133 1118 1190 dominaris
1132 1133 1182 1190 illa
1202 1150 1320 1207 semper
1339 1133 1508 1207 appetenda
1516 1148 1688 1205 suggerens,
1706 1147 1781 1205 quo

952 1240 1020 1280 rum
1043 1223 1195 1297 inquisitio
1215 1229 1267 1281 aut
1294 1224 1386 1281 noxia
1401 1224 1446 1292 sit,
1463 1229 1515 1280 aut
1536 1238 1635 1292 vana;
1650 1221 1779 1281 inventio
1863 1301 1864 1305 Ἰ

951 1330 1021 1371 vero
1044 1314 1140 1372 multo
1160 1315 1256 1388 magis
1273 1320 1324 1372 aut
1346 1314 1467 1382 inutilis,
1485 1319 1538 1372 aut
1557 1311 1734 1389 perniciosa.
1751 1310 1780 1370 si

951 1419 1023 1475 crgo
1037 1403 1133 1460 didcis
1147 1421 1237 1473 esses,
1253 1409 1282 1461 et
1296 1404 1359 1460 siue
1372 1403 1475 1461 labore
1490 1404 1607 1460 animos
1626 1400 1779 1475 possidere

950 1493 1073 1557 valeres,
1085 1493 1153 1567 quis
1163 1494 1308 1551 malitium
1321 1499 1404 1550 tuam
1424 1509 1560 1567 unquam
1575 1490 1779 1566 deprehende·

63 1570 162 1641 magis
177 1587 271 1644 quam
286 1579 555 1635 irrrrrr.llocaute1n
564 1597 623 1636 non
635 1581 831 1640 intelleximus
842 1602 897 1642 nos
917 1603 938 1657 B
951 1588 995 1640 ret
1005 1585 1018 1639 i
1029 1588 1110 1640 Nune
1122 1589 1222 1640 atrtcm
1232 1584 1297 1657 ipse
1305 1583 1391 1641 labor
1401 1589 1429 1641 et
1442 1583 1562 1640 aillictio
1572 1598 1665 1656 quam
1673 1579 1778 1638 menti·

63 1664 92 1714 et
106 1661 281 1732 putavimus
301 1663 387 1721 nobis
404 1665 479 1725 bene
501 1685 565 1726 csse
591 1687 659 1727 cum
683 1673 762 1728 male
780 1679 851 1730 erat.
865 1678 898 1732 Et
950 1674 1007 1729 bus
1018 1673 1128 1745 ingeris
1141 1673 1447 1743 odiosamteiaciunt,
1458 1678 1485 1731 et
1497 1671 1779 1747 faciliusquodpro·

63 1748 132 1805 ideo
145 1752 273 1823 aspersit
297 1753 359 1825 ipse
388 1758 619 1815 amaritudinem
647 1766 676 1817 et
701 1761 894 1833 edesiirtlrium,
949 1763 1040 1820 mittis
1052 1779 1166 1820 varnun
1180 1780 1245 1820 esse
1260 1763 1442 1834 agnoscitur,
1458 1763 1533 1819 dnm
1544 1762 1575 1819 id
1585 1759 1668 1835 quod
1686 1758 1778 1816 iulcrs

63 1841 91 1893 et
105 1837 144 1894 lcl
159 1839 190 1894 in
206 1841 349 1912 poculum
365 1844 446 1901 dedit
457 1863 546 1919 super
559 1848 636 1905 male
644 1850 764 1907 dulcem
775 1856 802 1907 et
812 1851 895 1909 blan·
949 1852 1060 1909 durum
1075 1870 1139 1909 esse
1155 1853 1287 1909 sentitur.
1302 1852 1347 1910 Sic
1357 1851 1468 1908 multos
1483 1850 1583 1908 crudis
1598 1851 1638 1908 ad
1661 1849 1778 1925 sapien·

62 1927 195 1983 dientem
204 1929 242 1984 ad
258 1936 384 1988 mortem
399 1935 585 1992 aversionem
610 1943 745 1996 nostram
766 1945 794 1998 ct
808 1957 896 1998 occu·
949 1941 1030 2011 brim,
1044 1942 1097 2015 qni
1113 1947 1183 1999 tunc
1193 1942 1317 1998 demum
1330 1941 1418 2015 plcde
1432 1940 1670 2014 deprehendunt,
1681 1953 1775 2013 quan·

62 2016 217 2089 petionem
233 2020 406 2091 pessimam.
425 2026 456 2080 Et
467 2024 548 2081 dedit
566 2027 645 2084 hunc
666 2031 894 2103 occupationem
948 2034 977 2087 ta
990 2037 1058 2103 post
1073 2036 1099 2088 te
1115 2035 1258 2104 sequatur
1281 2031 1407 2099 vanitas,
1428 2047 1497 2086 aum
1514 2029 1622 2087 sentire
1635 2027 1778 2102 coeperint

61 2107 226 2178 pessimam
247 2108 315 2165 filiis
340 2111 498 2169 hominnm
522 2119 554 2171 ut
568 2116 776 2174 distendantur
796 2120 826 2175 in
847 2137 891 2177 ea.
947 2121 1128 2193 experiendo
1143 2121 1296 2195 quantain
1312 2126 1339 2178 te
1362 2121 1452 2178 lateat
1474 2117 1680 2177 laborantibus
1699 2115 1776 2174 cliiii·

62 2197 225 2269 Oecupatio
240 2199 374 2256 enimest
389 2201 541 2259 distractio
557 2209 586 2260 et
607 2205 728 2275 illigatio
749 2207 893 2265 mentium
947 2209 1051 2266 cultas.
1080 2213 1238 2283 Propterea
1257 2211 1311 2267 iste
1335 2210 1471 2283 adjunxit
1500 2215 1528 2267 et
1550 2208 1608 2266 ait:
1630 2207 1776 2281 Vidiquoe

63 2301 131 2357 qua
147 2287 254 2343 avertit
269 2292 297 2344 et
311 2289 471 2363 dissipatet
482 2292 623 2366 illaqueat
633 2296 749 2352 arnruus
764 2312 801 2352 ne
816 2299 894 2368 cogi·
944 2301 1023 2369 fiuent
1038 2305 1147 2356 carecto
1166 2300 1220 2356 sul)
1238 2301 1309 2373 sote,
1325 2305 1353 2357 ct
1370 2316 1435 2357 ecce
1451 2301 1592 2356 diriperae
1609 2298 1727 2355 cerritus
1747 2300 1775 2353 et

62 2381 122 2431 tare
140 2376 315 2449 pervaleant
328 2394 363 2434 ea
377 2397 445 2453 quae
462 2381 565 2438 salutis
580 2389 658 2452 snm,
674 2389 703 2441 et
716 2385 783 2441 ideo
806 2403 893 2443 ocen-
946 2388 1074 2458 afflictio
1088 2390 1331 2458 spr'1·itus(Eeeie.
1348 2389 1379 2460 ι.)
1393 2387 1465 2456 Vidi,
1482 2387 1586 2460 inquit,
1603 2385 1664 2453 ubi,
1687 2383 1774 2441 vidis·

61 2466 152 2536 quatio.
167 2467 264 2533 Quare
279 2469 409 2542 pessima
422 2472 435 2525 'i
449 2472 524 2538 eria
539 2478 582 2529 est
596 2478 625 2529 et
639 2474 697 2530 ulia
711 2475 791 2532 mala
806 2492 894 2534 occu·
947 2477 991 2533 tir
1010 2477 1081 2543 Quis
1103 2481 1129 2532 te
1149 2477 1272 2534 docuit?
1294 2476 1449 2546 Facienda,
1474 2475 1580 2548 inquit,
1592 2474 1669 2543 vidi;
1686 2488 1773 2545 expe-

62 2555 153 2626 patio,
171 2556 223 2612 scd
241 2574 303 2614 non
318 2559 468 2632 pessima‚·
487 2566 516 2617 et
529 2562 594 2636 ipsa
618 2569 663 2620 est
675 2581 744 2638 (lium
755 2565 894 2623 circaue·
946 2566 1051 2623 riendo
1066 2567 1202 2637 cognovi.
1216 2567 1293 2634 ded
1305 2566 1422 2623 iecisti?
1437 2567 1594 2637 Preposui,
1609 2564 1660 2637 ait,
1671 2564 1774 2621 irioni·

60 2645 213 2701 cessitates
240 2645 304 2702 vita·
330 2649 464 2705 mortalis
492 2657 680 2717 versatur,et
703 2653 828 2712 sollicita
850 2660 894 2713 est
946 2672 993 2713 eno
1009 2671 1071 2713 iuteo
1084 2660 1251 2727 perurereet
1264 2655 1603 2727 inuestiporesepieater
1612 2652 1649 2710 de
1658 2653 1773 2709 eunetis

60 2750 130 2804 erga
155 2734 307 2806 plurima;
328 2742 356 2793 et
375 2737 440 2811 ipsa
462 2741 619 2813 occupatio
637 2742 717 2799 mala
734 2750 794 2814 est;
811 2749 839 2801 et
861 2749 893 2802 nt
946 2744 1101 2816 quaefiruu
1116 2742 1244 2799 salsole
1257 2742 1358 2814 (itte.)
1382 2744 1415 2797 Et
1431 2756 1499 2798 ecce
1527 2755 1661 2814 querere
1678 2754 1774 2813 coepe

60 2824 318 2899 ampliusaliquid
342 2827 488 2897 dicamus,
513 2829 579 2903 ipsa
603 2831 715 2889 malitia
740 2838 792 2902 cst,
809 2840 841 2891 nt
854 2835 892 2891 de
945 2847 1010 2888 ram
1024 2837 1052 2889 et
1066 2831 1253 2902 investigare,
1269 2835 1298 2887 et
1306 2829 1471 2888 existimavi
1484 2829 1574 2887 mein
1595 2833 1656 2887 lam
1670 2843 1774 2903 opero

58 2914 106 2971 illa
121 2919 202 2971 reete
216 2916 329 2972 dietum
345 2917 540 2989 intelligatur:
556 2921 675 2992 Sufficit
691 2924 752 2981 diei
773 2927 890 2983 cratitio
910 2959 930 3014 C
946 2939 978 2978 so
1000 2921 1098 2978 stmlio
1120 2921 1232 2978 exitum
1259 2921 1391 2994 aliquem
1403 2919 1544 2977 invenire.
1560 2917 1684 2976 Extendi
1702 2932 1773 2990 ergo

57 3006 259 3073 teutlindis.
276 3008 401 3078 vr).llu.·e
423 3024 494 3079 ergo
511 3012 668 3084 occupatio
688 3013 889 3071 miserieevitee
944 3011 1080 3067 animum
1112 3026 1215 3066 meum
1241 3016 1390 3084 quantmn
1422 3009 1523 3085 potui;
1561 3006 1773 3079 cogitationem

54 3094 192 3150 renuatis
200 3097 551 3171 necessat-taust:postea
563 3115 580 3155 a
591 3101 685 3171 gloria
693 3102 760 3158 vite
768 3103 891 3159 immor·
944 3117 1045 3164 meeum
1062 3099 1093 3155 in
1109 3099 1211 3157 omnia
1232 3099 1500 3157 circumlustranda
1523 3097 1638 3155 diffudi.
1658 3094 1773 3153 Alistuii

59 3183 122 3239 talis
130 3183 326 3242 absorbenda
338 3205 344 3242 :
356 3192 385 3242 et
396 3187 463 3244 ideo
474 3190 555 3245 mala
563 3196 605 3247 cst
614 3191 652 3246 ad
666 3191 827 3260 miserium,
838 3192 891 3248 sei
945 3205 1086 3246 somnum
1105 3189 1144 3246 ab
1173 3188 1267 3246 oculis
1285 3189 1369 3256 meis,
1386 3204 1441 3243 nee
1454 3187 1525 3244 dedi
1534 3186 1670 3259 requiem
1688 3183 1772 3241 cordi

57 3272 136 3329 mala
145 3275 254 3331 nonad
266 3275 405 3347 eulpam;
422 3278 567 3349 quoniam
578 3279 602 3335 si
613 3296 736 3352 pienum
751 3282 891 3339 bohema
945 3296 1013 3346 mco
1028 3283 1114 3335 nocte
1127 3294 1161 3334 aa
1176 3278 1225 3334 dic
1237 3277 1334 3334 donee
1348 3275 1514 3333 invenirem
1525 3274 1609 3348 quod
1617 3272 1772 3347 querebat

57 3360 240 3418 beatitudine
256 3363 395 3432 alienam,
407 3366 529 3438 evdpam
541 3368 703 3424 nonhabet
714 3369 834 3440 justitiae
854 3387 889 3427 ac
945 3367 1047 3425 anima
1068 3384 1145 3434 ntea,
1169 3371 1202 3425 ut
1218 3367 1381 3424 invenirem
1403 3365 1549 3422 rationem
1572 3361 1610 3419 de
1629 3361 1771 3419 omnibus

56 3450 173 3507 veritati
198 3453 389 3509 contrariam.
415 3455 577 3527 occupatio
592 3461 692 3512 autem
713 3458 891 3516 curiositatis
944 3474 1012 3531 quie
1026 3457 1103 3513 fiunt
1117 3456 1173 3512 sub
1187 3457 1258 3513 sole.
1283 3455 1340 3513 Sed
1361 3454 1429 3528 quis
1446 3453 1515 3511 linis
1535 3453 1566 3510 in
1580 3451 1669 3510 tanus
1682 3467 1772 3509 cona·

57 3555 115 3612 qua
131 3556 163 3594 se
177 3541 420 3599 nicusadillieita
433 3544 612 3613 extendit,et
626 3545 846 3604 instatscruturi
862 3553 891 3604 et
946 3547 1024 3602 tilius
1048 3563 1112 3603 esse
1139 3545 1305 3620 potuisset?
1327 3545 1391 3602 l‘eei
1414 3548 1443 3601 et
1460 3542 1565 3612 deieci,
1590 3540 1723 3599 conabar
1743 3544 1773 3599 et

57 3627 233 3699 investigare
250 3631 333 3702 qnod
362 3631 387 3687 ei
415 3633 489 3689 scire
516 3638 568 3690 aut
589 3651 651 3691 non
672 3637 817 3706 convenit,
838 3642 890 3695 aut
943 3636 1118 3710 repellebar,
1140 3636 1237 3693 donec
1259 3635 1414 3693 contabuit
1427 3635 1609 3697 animamea
1624 3636 1653 3690 ct
1666 3648 1776 3709 sensus⁸

57 3716 180 3773 noxium
192 3724 252 3773 est:
268 3718 333 3791 ipsa
346 3724 389 3775 cst
403 3720 534 3793 pessima
542 3725 709 3796 occupatio,
721 3725 802 3798 quia,
813 3727 886 3782 ditm
944 3727 1147 3784 contenebrati
1166 3730 1244 3793 srmt,
1269 3726 1414 3800 quoniam
1440 3726 1472 3782 in
1486 3729 1569 3782 tanta
1582 3739 1683 3780 rernm
1696 3722 1772 3779 mul-

58 3824 86 3862 so
101 3807 210 3864 dilatat
224 3808 495 3878 ultramensuram,
517 3814 569 3868 aut
590 3813 729 3870 allectum
750 3815 837 3888 capit,
861 3821 890 3871 et
943 3817 1067 3874 titudine
1090 3821 1118 3873 et
1141 3816 1203 3873 veri
1225 3816 1342 3874 latentis
1361 3814 1572 3889 profunditate,
1597 3812 1672 3868 dum
1686 3810 1770 3868 intel-

58 3897 195 3953 animum
210 3913 263 3970 per
274 3897 558 3956 inanemseientiam
572 3901 671 3970 indat,
688 3907 739 3958 aut
752 3903 775 3959 si
784 3919 889 3977 apprc-
942 3907 1036 3964 lectus
1061 3910 1089 3963 ot
1111 3906 1211 3980 spargi
1228 3906 1371 3979 inciperet
1390 3909 1419 3962 ct
1434 3901 1626 3970 reverberari,
1648 3899 1771 3975 peneus

57 3985 188 4042 lrendere
203 4000 265 4043 nou
280 3985 888 4066 valetperdilationemetdesperationcm
942 3997 1053 4053 laboris
1077 4001 1105 4053 et
1132 3995 1343 4053 inextricabilis
1380 3995 1466 4051 luctoe
1497 3989 1667 4064 augustiam
1693 3989 1771 4068 ultra

57 4074 167 4146 lettigat

369 4168 511 4224 ttuurttt
533 4171 576 4225 t'l.

134 4256 215 4324 (auid
225 4256 263 4310 sit
278 4256 410 4312 distendi
424 4258 454 4313 iu
469 4261 663 4329 occupatione
674 4263 812 4330 pessima.

943 4086 1087 4143 sustinere
1102 4102 1163 4143 non
1176 4085 1265 4144 valui.
1287 4089 1368 4143 Tunc
1391 4085 1423 4141 in
1441 4083 1654 4157 memetipsum
1674 4096 1771 4139 rever-

942 4192 993 4232 sus
1013 4179 1041 4232 ct
1059 4176 1146 4248 quasi
1165 4176 1302 4251 repulsus
1325 4174 1365 4233 ab
1388 4174 1439 4231 illo
1461 4174 1510 4231 cui
1531 4171 1625 4231 obniti
1637 4169 1771 4229 conabar

942 4265 1036 4321 deriso
1058 4281 1093 4320 ae
1116 4264 1281 4321 immeabili
1299 4263 1416 4321 latentis
1437 4267 1551 4320 naturae
1568 4260 1667 4330 invio;
1691 4258 1770 4329 cogi·

87 4347 180 4401 ilum
195 4362 265 4416 erpo
289 4349 513 4415 occupationem
531 4351 690 4418 pressurum
712 4352 792 4407 dedit
808 4353 885 4407 Deris
906 4320 1004 4411 Dtare
1018 4354 1097 4427 coepi
1112 4352 1234 4410 stedtum
1258 4367 1322 4408 esse
1346 4356 1376 4410 et
1396 4368 1509 4408 vanum
1529 4350 1648 4406 illarum
1668 4363 1770 4405 rerum

55 4436 123 4502 filiis
139 4434 295 4491 batumum
318 4442 349 4491 ut
375 4437 587 4494 distendentur
610 4441 641 4495 in
669 4455 714 4496 eu.
737 4440 814 4506 Quid
842 4447 887 4498 est
940 4443 1093 4500 scientiam
1108 4446 1169 4499 tam
1191 4440 1335 4514 pertinaci
1359 4439 1457 4496 studio
1483 4437 1637 4495 hominem
1661 4439 1771 4494 morta-

56 4524 291 4581 distendantur?
309 4527 440 4582 liuterius
453 4527 664 4597 intumescant,
686 4528 808 4584 interius
824 4529 885 4586 ina·
939 4532 999 4587 lem
1011 4547 1154 4605 quaerere,
1170 4546 1237 4603 quie
1253 4545 1314 4586 non
1335 4528 1433 4585 solum
1454 4532 1537 4585 extra
1552 4526 1618 4597 ejus
1629 4528 1770 4582 naturam

56 4628 105 4668 nes
132 4613 218 4669 liant.
249 4617 323 4670 Nam
342 4615 425 4688 quod
453 4615 631 4672 distenditur
667 4616 739 4672 loris
763 4617 885 4690 quidem
939 4620 1118 4686 factasunt,
1136 4619 1188 4674 sed
1208 4635 1263 4675 nec
1283 4618 1372 4675 saluti
1394 4618 1459 4690 ejus
1484 4615 1544 4673 sive
1564 4613 1695 4672 sciantur
1716 4613 1769 4673 aa·

56 4703 154 4773 majus
167 4707 313 4775 apparet,
330 4705 381 4760 sed
405 4705 485 4761 trude
510 4705 693 4763 extrinsecus
721 4706 885 4764 ineremen-
937 4709 1029 4781 jicere
1042 4707 1211 4782 quidquam
1226 4712 1362 4782 possunt,
1379 4707 1441 4764 sive
1464 4705 1635 4764 nesciantur
1656 4704 1767 4764 aufere.

56 4797 117 4848 tum
146 4793 299 4865 accepisse
328 4795 465 4863 cernitur,
490 4795 559 4851 inde
593 4796 735 4854 veraciter
763 4797 885 4853 interius
939 4799 983 4856 lbi
1001 4813 1072 4868 ergo
1086 4798 1147 4855 vidi
1165 4800 1248 4872 quod
1267 4800 1345 4856 hanc
1361 4798 1589 4872 occupationem
1605 4795 1769 4872 pessimum

57 4879 235 4938 soliditatem
250 4881 793 4957 amisissecomproluitm.flumenin]
808 4886 885 4942 ultra
939 4889 1020 4946 dedit
1043 4892 1121 4945 Deus
1148 4888 1216 4945 filiis
1235 4889 1413 4947 hominum:
1441 4893 1475 4946 ut
1499 4887 1707 4947 distendantur
1737 4887 1769 4943 in

56 4986 84 5025 se
98 4971 267 5044 pertingere
280 4970 382 5027 nititur
405 4972 433 5028 in
450 4972 480 5028 id
499 4973 582 5046 qued
598 4989 657 5029 non
674 4978 726 5042 cst,
744 4974 774 5031 in
791 4990 884 5030 seme·
939 4994 984 5041 ca,
1000 4978 1072 5050 quia
1087 4982 1195 5035 crincta
1209 4994 1276 5052 quie
1301 4977 1378 5036 liunt
1400 4978 1457 5037 sub
1478 4979 1549 5049 sole,
1568 4978 1707 5035 universa
1719 4990 1768 5031 vu·

55 5060 130 5132 tipso
151 5058 279 5115 deficere
301 5060 413 5133 incipit,
433 5066 461 5117 ct
484 5061 656 5119 inanescere
681 5063 719 5118 ab
745 5080 780 5119 eo
801 5063 885 5136 quod
938 5067 1016 5123 nitus
1031 5072 1059 5124 et
1073 5067 1193 5124 ailliotio
1208 5069 1339 5141 spiritns.
1365 5074 1439 5127 Nam
1458 5071 1531 5140 quin
1547 5068 1677 5123 fructum
1705 5078 1767 5119 non

54 5154 103 5206 est.
131 5148 179 5206 Sic
204 5149 346 5205 nimirum
365 5167 451 5207 inens
474 5153 609 5208 bumaria
624 5152 697 5208 dmn
719 5169 772 5225 per
791 5153 886 5209 crrrio-
939 5156 1061 5224 liabent,
1085 5173 1163 5214 vana
1187 5161 1265 5226 sunt,
1287 5162 1316 5213 et
1329 5158 1402 5229 quia
1423 5154 1569 5224 affligunt,
1582 5152 1683 5208 noxia.
1698 5153 1767 5207 l‘os·

54 5238 413 5313 sitalemadinquiremla
429 5258 465 5297 ca
492 5258 560 5315 quae.
589 5247 672 5298 extra
692 5242 790 5316 ipsam
805 5246 883 5309 sunt,
939 5244 1068 5301 sidentes
1104 5246 1218 5318 quippe
1253 5260 1313 5301 non
1349 5244 1503 5314 adjuvant,
1536 5245 1565 5295 ct
1599 5242 1768 5312 quarentes

53 5329 183 5386 tenditur
204 5345 242 5385 ne
267 5330 460 5403 semetipsam
481 5331 671 5388 considerare
693 5331 798 5401 valent,
819 5332 885 5406 ipsa
940 5351 971 5391 se
986 5333 1132 5404 altlignnt.
1145 5335 1212 5391 Sine
1224 5332 1328 5388 labore
1342 5330 1422 5387 enirn
1439 5328 1532 5401 quaeri
1553 5343 1615 5385 non
1629 5332 1766 5402 possunt,

54 5434 112 5473 sure
137 5418 342 5491 inquisitionis
366 5419 562 5492 oeeupationc
591 5420 784 5492 praepeditur:
804 5424 884 5476 llunc
940 5423 993 5479 sed
1006 5426 1134 5496 possunt
1153 5422 1215 5478 sine
1237 5419 1359 5476 utilitate
1378 5416 1534 5492 possideri.
1547 5416 1672 5475 Animus
1682 5434 1767 5475 nam·

53 5522 122 5578 ergo
151 5508 382 5582 occupationem
408 5509 572 5581 quessimam
600 5508 683 5566 dedit
710 5512 787 5567 Deus
816 5509 885 5565 liliis
939 5529 998 5585 que
1019 5512 1118 5569 statim
1133 5514 1165 5566 ut
1185 5525 1258 5566 cura
1279 5525 1314 5565 ac
1335 5506 1483 5564 desiderio
1502 5509 1657 5582 quaerendi
1677 5514 1767 5583 atque

52 5596 213 5677 hominma
227 5603 259 5659 ut
269 5598 477 5667 distendantur
490 5600 522 5659 in
533 5616 578 5661 ca.
604 5602 625 5660 0
647 5602 780 5677 pessima
798 5615 886 5661 occu·
939 5598 1112 5663 inveniendi
1132 5615 1169 5661 ea
1188 5601 1354 5677 occupatus
1372 5595 1470 5671 tuerit,
1489 5601 1561 5660 etse
1575 5614 1629 5677 per
1645 5597 1765 5663 curiosi-
