3824 6052
63 108 114 161 aas
169 68 181 91 '
476 106 683 162 001000οι0
703 109 737 162 m
757 105 877 161 norrun
900 104 1163 166 rnsrenesrau.
1183 141 1218 153 -
1237 108 1302 168 tra.
1325 112 1357 169 v.
1721 127 1773 181 stc

10 246 18 285 r
60 227 268 299 peccatricem,
289 227 341 284 sed
362 226 523 286 habentem
547 228 770 286 similitudinem
792 228 927 285 carnish
945 228 1001 286 nis.
1018 231 1126 288 Habuit
1140 237 1241 291 autem
1253 234 1332 292 hane
1346 236 1512 308 utilitatem,
1527 240 1600 314 quie
1613 240 1775 304 inducebat

10 337 18 377 r
60 315 255 387 peccatricis:
278 319 307 373 in
329 334 420 390 quem
445 318 602 385 intuentes,
624 318 654 373 id
676 321 720 374 est
742 317 891 391 passionis
944 319 1231 380 horninesinusum
1244 323 1427 399 baptizandi,
1453 343 1492 384 ne
1509 345 1579 386 cum
1605 330 1773 405 baptismus

10 426 17 467 r
60 406 86 476 ej
92 422 126 461 us
139 406 231 462 fidem
245 407 399 475 habentes,
412 411 557 465 sanantur
571 408 610 463 ab
624 407 724 478 ignitis
739 406 890 463 morsibus
946 408 1050 465 Christi
1068 410 1188 481 reniret,
1204 412 1261 487 ipsi
1273 413 1478 473 abhorrerent.

10 518 14 555 r
60 500 244 568 serpentum,
258 498 288 552 id
302 501 346 553 est
360 513 378 554 e
391 496 562 553 laesionibus
570 497 701 553 hostiurn
712 495 821 554 scilicet
831 496 891 552 dre-
982 498 1039 554 Sed
1053 499 1128 572 qnid
1141 501 1269 571 dicebat,
1285 520 1399 561 norum
1412 504 1502 563 ritum
1520 507 1716 569 inducendo?
1729 513 1776 571 lti-

10 607 14 629 ι
60 600 198 653 monum,
213 602 282 658 quae
298 591 367 641 sunt
378 585 525 642 1000011νο
538 585 689 642 vitiorum.
946 586 1032 644 cebet
1045 593 1146 646 antem
1158 592 1242 664 quod
1256 592 1287 649 in
1302 593 1424 651 nomine
1446 597 1564 654 Venturi
1584 597 1774 673 baptizaban

10 696 14 735 r
95 675 145 733 Sic
157 676 264 732 ditexit
278 677 358 733 Dens
372 676 535 748 mumdum,
557 681 590 731 ut
603 675 689 732 daret
704 676 890 746 renipenitum
945 691 1007 733 non
1023 678 1105 750 quod
1125 696 1214 737 suum
1236 680 1388 754 baptisma
1411 699 1429 741 a
1453 686 1582 757 peccatis
1604 689 1773 760 mundaret,
1817 716 1821 721 ¹

11 790 14 811 ι
58 766 281 822 Filiumsuum.
297 766 439 822 llundum
454 769 542 822 vocat
563 765 610 822 hio
625 766 792 822 humanam
805 770 891 823 natu·
946 765 999 822 sed
1011 766 1094 840 quod
1104 766 1225 838 signum
1239 775 1302 828 erat
1315 770 1504 845 baptismatis
1517 775 1617 847 iutnri,
1632 795 1694 853 quo
1708 797 1777 855 pec·

10 878 14 915 ·.
60 871 136 922 ram,
151 859 379 928 propterquam
394 859 501 911 caetera
513 854 615 911 omnia
625 855 703 911 iacta
714 859 791 912 sunt.
808 854 890 911 Unde
947 860 1013 912 ceta
1028 855 1208 916 tollerentur.
1224 861 1447 918 Venturusvero
1462 864 1593 921 Christus
1608 870 1677 926 tunc
1697 870 1776 931 dice·

10 966 14 1005 =,
59 947 183 1015 propter
210 943 274 1013 ojus
304 941 489 1012 dignitatem,
519 958 587 998 eam
617 941 766 998 mundum
792 946 889 998 aocet.
945 943 1044 1017 batur,
1069 944 1136 1004 11001
1154 947 1219 1021 jam
1248 947 1386 1020 uenisset,
1410 950 1483 1023 quia
1507 958 1611 1025 postea
1636 955 1774 1031 innotuit,

10 1071 13 1091 2
61 1031 142 1089 Sicut
156 1036 184 1088 et
198 1031 267 1088 alibi
282 1031 380 1087 omnis
393 1036 529 1089 creatura
542 1031 657 1100 dicitur,
674 1034 795 1105 propter
811 1047 892 1087 eam·
946 1033 1029 1106 quod
1043 1033 1106 1109 ipse
1119 1035 1249 1094 Christus
1263 1042 1333 1096 erat.
1350 1042 1382 1095 ln
1397 1055 1564 1112 paucorum
1578 1042 1658 1102 caim
1672 1047 1777 1108 notitia

59 1120 130 1176 dem
144 1125 258 1176 araturae
278 1119 491 1176 excellentiam.
511 1123 593 1176 llune
618 1122 718 1176 autam
739 1120 891 1176 mundum
946 1126 1016 1179 tunc
1038 1128 1120 1182 crat:
1144 1126 1224 1183 unde
1253 1131 1281 1184 et
1302 1129 1449 1185 ioannem
1476 1129 1602 1204 quidam
1628 1133 1777 1195 Christum

10 1237 16 1272 ,=
59 1208 101 1265 sic
118 1211 194 1264 licus
205 1208 315 1276 (illexit,
328 1212 361 1264 ut
372 1208 476 1265 Filium
490 1224 579 1264 suum
592 1207 780 1278 unigenitum
794 1208 889 1264 daret.
947 1226 1011 1267 esse
1035 1211 1192 1285 putebant.
1209 1217 1277 1272 Erat
1297 1214 1386 1286 igitur
1406 1221 1549 1275 venturus
1576 1219 1607 1275 in
1628 1221 1775 1298 notitiam,
1871 1274 1875 1281 .

13 1350 15 1361 ,
61 1298 92 1355 ld
106 1303 150 1354 cst
164 1315 200 1354 es
214 1298 344 1372 propriae
370 1298 520 1354 charitatis
537 1297 716 1368 benignitate
732 1297 892 1354 ahmeino
946 1298 998 1370 qni
1017 1299 1081 1370 jam
1102 1307 1224 1359 venerat
1247 1318 1300 1375 per
1320 1303 1513 1362 nativitatem.
1540 1307 1597 1365 Sed
1621 1325 1691 1367 cum
1711 1311 1776 1382 J‘am

10 1414 13 1452 ;
56 1388 207 1460 disposuit
232 1392 264 1443 ut
285 1387 390 1445 Filium
411 1404 500 1442 sunni
526 1387 703 1456 incarnaret,
728 1390 757 1443 et
775 1386 816 1443 sic
838 1403 891 1460 per
947 1387 1078 1445 Christus
1091 1390 1264 1464 baptizaret,
1281 1397 1309 1450 et
1322 1409 1376 1466 per
1389 1393 1709 1470 baptismumpcceata
1723 1401 1777 1465 tol·

58 1476 160 1550 ipsmn
172 1477 342 1533 humanum
357 1492 452 1547 genus
466 1476 633 1532 redimeret.
651 1475 717 1544 Sed,
730 1492 800 1532 cum
813 1478 890 1532 Deus
946 1475 1026 1545 leret,
1060 1479 1198 1552 nunquid
1229 1481 1396 1554 peccabant
1418 1483 1471 1557 qui
1496 1483 1774 1562 circumcidebatur,

57 1571 144 1624 l'atcr
166 1566 270 1623 Filium
293 1566 383 1634 (ledit,
414 1566 460 1622 eui
484 1565 596 1623 dedit‘l
619 1582 657 1622 an
682 1565 765 1633 mihi,
788 1569 816 1622 et
840 1565 891 1623 tibi
907 1584 928 1638 g
946 1570 998 1623 aut
1009 1567 1062 1640 qui
1076 1567 1165 1624 simul
1178 1568 1410 1642 baptizabantur
1424 1576 1453 1629 et
1464 1572 1776 1638 circumcidebantur?

55 1656 165 1712 dediti
179 1655 317 1712 Antudre
332 1655 483 1711 etludeeis
499 1654 603 1710 riedit‘i
618 1658 663 1711 hn
677 1655 768 1712 Pilato
783 1659 813 1711 et
829 1655 893 1711 dia·
948 1654 1005 1710 Sed
1028 1660 1073 1712 est
1089 1656 1243 1714 sciendum
1267 1657 1351 1732 quod
1370 1663 1489 1733 tempus
1511 1663 1667 1736 quoddam
1688 1667 1777 1741 quasi

55 1745 131 1802 bolo
158 1744 273 1821 dediti
285 1744 369 1801 Dedit
393 1742 495 1818 utique
521 1759 592 1800 eum
619 1743 716 1814 nobis,
740 1761 818 1818 qnos
837 1760 891 1818 per
947 1743 1081 1800 medium
1095 1744 1150 1803 init
1161 1746 1237 1802 inter
1252 1751 1369 1821 tempus
1380 1748 1462 1819 legis,
1477 1754 1506 1806 et
1522 1755 1639 1825 tempus
1662 1755 1774 1827 gratiae,

56 1837 159 1908 ipsum
174 1834 223 1891 ille
235 1833 369 1891 redemit.
387 1834 529 1906 Exposuit
542 1837 643 1890 autem
664 1849 734 1890 cum
757 1833 889 1903 diabolo,
946 1831 1056 1889 30111001
1069 1849 1087 1889 0
1101 1834 1199 1907 prima
1213 1834 1395 1893 institutione
1404 1837 1547 1911 baptismi
1556 1840 1670 1912 Christi,
1679 1861 1776 1919 usque

56 1929 90 1981 et
111 1923 256 1980 rolunteti
278 1925 290 1980 J
295 1923 460 1990 udraormn,
476 1922 548 1997 quia
561 1922 695 1996 permisit
709 1927 742 1979 ut
757 1923 835 1980 hane
860 1922 891 1980 in
946 1920 1081 1979 adibam
1096 1923 1265 1994 generalem
1277 1931 1305 1983 ct
1315 1925 1514 1996 manifestam,
1526 1930 1649 2003 quando
1662 1932 1777 1992 dictum

55 2030 130 2071 enm
144 2013 289 2069 haberent
303 2016 489 2086 potestatem,
505 2016 538 2068 ut
552 2029 621 2068 eum
635 2011 842 2081 interficerent,
858 2016 892 2069 ut
945 2013 989 2066 est
1004 2028 1010 2066 :
1024 2013 1078 2084 lte,
1095 2011 1280 2083 beent-mantes
1290 2030 1338 2071 eos
1352 2016 1383 2070 r'n
1398 2017 1516 2072 nominee
1528 2017 1641 2091 Putris,
1654 2021 1775 2093 ceretii,

56 2103 103 2158 sie
116 2107 210 2159 mor-tc
227 2118 282 2158 sua
293 2100 448 2158 hominem
463 2105 631 2174 apotcstate
646 2100 889 2159 diabolierueret.
944 2105 972 2155 et
980 2100 1113 2170 Spiritus
1127 2104 1227 2158 soracti
1238 2103 1358 2175 (110111.
1367 2108 1477 2174 assur).
1486 2108 1518 2161 ln
1532 2105 1689 2166 illoautem
1704 2114 1776 2168 1001-

55 2191 145 2248 licelit
157 2191 258 2265 itaque
283 2207 353 2247 eum
368 2191 455 2247 nuliis
475 2207 530 2264 pro
554 2190 648 2246 nostri
673 2191 889 2263 redemptione,
943 2205 1026 2262 porc,
1043 2187 1067 2246 si
1081 2189 1595 2266 quistantumcircumcidebuutur3
1619 2203 1672 2255 aut
1693 2199 1717 2257 si
1731 2217 1776 2258 re-

55 2299 129 2338 cum
150 2281 301 2338 adiabolo
316 2280 440 2337 interfici
455 2280 598 2353 permisit,
615 2280 662 2337 vel
685 2279 774 2348 dedit,
797 2279 827 2336 id
847 2284 892 2337 est
945 2277 1076 2336 relatum
1105 2279 1160 2353 ipsi
1198 2286 1274 2338 esset
1296 2281 1332 2337 de
1365 2285 1443 2339 statu
1477 2283 1629 2358 baptismi,
1659 2291 1776 2348 tantum

54 2373 132 2429 dare
146 2372 302 2446 disposuit.
944 2366 1162 2441 baptizabatur,
1176 2373 1300 2444 uterque
1316 2370 1498 2428 salvabatur.
1515 2373 1544 2430 Si
1556 2389 1627 2432 uero
1642 2374 1699 2449 ipsi
1713 2393 1775 2436 non

96 2463 222 2530 Quinon
237 2461 340 2530 credit,
352 2462 418 2531 jam
426 2462 584 2532 judicatus
597 2465 649 2517 est.
667 2459 824 2527 Quomodo
846 2458 890 2516 di·
945 2457 1110 2514 rerelatunr
1125 2461 1211 2527 esset,
1228 2462 1256 2514 01
1270 2462 1431 2533 utrumque
1445 2460 1617 2535 susciperet,
1631 2480 1693 2522 non
1707 2483 1775 2542 pec·

54 2552 108 2618 cit,
121 2551 173 2625 qui
195 2566 257 2608 non
281 2549 383 2617 credit,
405 2549 470 2621 jam
489 2550 641 2622 judicatus
665 2553 718 2618 est,
743 2554 890 2622 tanquam
945 2547 1051 2616 cabat;
1081 2547 1133 2604 sed
1154 2551 1223 2622 post
1246 2547 1435 2606 manifestam
1459 2550 1600 2625 baptismi
1620 2553 1776 2614 institutio

54 2642 160 2714 ipsum
174 2656 235 2697 non
249 2640 370 2697 credere
384 2639 539 2697 damnatio
554 2639 612 2695 sit‘l
623 2638 680 2697 Sed
694 2643 738 2696 est
753 2638 794 2696 sic
808 2638 891 2695 intel·
946 2653 1025 2707 nem,
1042 2636 1124 2694 netas
1140 2641 1203 2695 erat
1216 2639 1406 2712 permiscere.

55 2730 223 2802 ligendnm,
239 2731 323 2805 quod
337 2747 374 2788 ex
388 2746 450 2787 non
465 2728 585 2786 credere
599 2728 657 2797 hic,
674 2727 808 2802 sequitur
827 2745 890 2785 non
982 2726 1039 2794 Oui
1063 2725 1099 2783 de
1119 2743 1237 2783 sursum
1261 2727 1354 2800 [eoeio]
1378 2729 1457 2786 00011
1483 2745 1577 2801 supro
1601 2747 1700 2790 orienes
1721 2738 1773 2795 eet.

57 2836 240 2891 cognoscere
255 2820 285 2877 in
297 2820 408 2890 tuturo,
421 2819 505 2894 quod
523 2823 567 2876 est
591 2817 766 2890 gravissima
786 2833 887 2891 poena.
945 2813 1076 2872 Christus
1086 2814 1124 2872 de
1139 2831 1260 2872 sursum
1268 2814 1357 2884 renit,
1372 2817 1539 2874 secundum
1553 2823 1712 2897 utramque
1722 2840 1775 2883 na·

59 2909 116 2966 Sed
132 2906 704 2983 000001110000000111110110000οι0,
726 2906 784 2963 nisi
805 2906 890 2980 qnod
909 2908 1053 2996 claram.
1068 2907 1107 2960 he
1130 2903 1231 2961 (lisina
1253 2904 1445 2963 manifestum
1460 2912 1512 2964 est.
1537 2909 1595 2967 Sed
1618 2913 1774 2986 quomodo

56 2998 171 3054 risione
186 2998 236 3055 Dei
246 2999 413 3056 carebunt?
429 2998 487 3055 Sed
501 2996 572 3054 dicit
584 2997 732 3071 propheta
747 3015 754 3054 ι
770 2997 888 3053 Verania
944 2993 1111 3051 secundnm
1124 2993 1318 3052 humanam?
1341 2996 1411 3053 ideo
1426 2997 1516 3054 etiam
1536 3001 1703 3060 seeundum
1722 3020 1775 3064 na·

57 3103 161 3144 eornm
175 3104 236 3144 non
250 3088 402 3156 morietnr,
418 3102 471 3144 nee
485 3088 563 3156 10013
585 3086 794 3157 exstinguetur
815 3087 887 3152 (ise.
943 3087 1051 3152 imam,
1067 3082 1139 3158 quia
1154 3101 1275 3141 carnem
1290 3084 1453 3158 assumpsit
1466 3101 1527 3142 non
1542 3087 1773 3150 descendentem

60 3181 147 3233 mut.
165 3179 205 3231 Ex
226 3192 287 3249 quo
305 3176 474 3247 intelligitur
491 3173 575 3247 quod
597 3172 765 3231 materiales
789 3189 887 3246 prenae
943 3190 996 3246 per
1011 3173 1293 3246 concupiscentiam,
1319 3173 1372 3230 sed
1395 3173 1510 3248 absque
1530 3180 1664 3248 peccato.
1689 3181 1773 3240 Unde
1883 3172 1887 3179 ’

57 3262 100 3318 ibi
115 3271 209 3323 erunt.
227 3267 283 3324 Sed
299 3267 465 3324 tanrenhoc
487 3269 603 3322 tentum
623 3264 665 3322 ibi
685 3280 750 3321 esse
769 3263 886 3333 dicitur,
942 3261 1049 3318 dieitm·
1064 3261 1148 3334 quod
1168 3261 1206 3316 de
1221 3259 1375 3318 altitudine
1388 3261 1529 3319 humanae
1542 3267 1656 3321 natrrroe
1668 3266 1770 3327 venit:

57 3352 168 3411 scilicet
177 3370 237 3412 non
249 3355 513 3429 eognosce1·e,quia
522 3353 553 3412 in
568 3354 622 3411 ista
637 3354 735 3411 omnis
749 3353 888 3411 termina·

57 3446 115 3510 tur,
131 3446 160 3499 et
179 3445 251 3518 quie
274 3445 330 3503 ista
352 3443 572 3502 consummatio
593 3448 637 3501 est
660 3443 759 3499 omnis
777 3458 885 3516 pernae,

56 3531 163 3589 merito
176 3533 241 3590 haee
252 3534 316 3593 3010
329 3534 371 3590 ibi
384 3550 448 3591 esse
463 3533 579 3590 dicitur.
597 3532 666 3589 inde
681 3531 761 3588 enim
776 3531 888 3603 gravis-

57 3621 169 3679 simum
183 3626 365 3681 tormentum
375 3623 438 3691 erit,
451 3621 709 3696 quoddesiderata
718 3636 888 3694 numquam

57 3712 294 3784 apprehendent,
324 3710 398 3769 sieut
423 3715 506 3770 tanto
534 3710 653 3782 gravius
676 3713 798 3781 urgetur
819 3710 887 3783 quis

58 3799 147 3870 lame,
159 3806 273 3875 quanto
286 3802 416 3878 amplius
431 3801 530 3859 esurit.
551 3804 618 3858 llaec
642 3804 742 3858 autem
763 3799 796 3856 in
815 3815 887 3874 pue-

57 3891 109 3961 ris,
123 3893 176 3949 sed
190 3908 251 3950 non
265 3896 357 3963 10010,
371 3896 405 3949 01
418 3891 489 3950 dicit
502 3890 694 3964 augustinus,
711 3894 815 3948 utnon
825 3906 888 3947 ma·

57 3981 113 4038 lint
126 3997 294 4057 essequam
306 3997 368 4039 non
382 3997 457 4037 esse.

38 4098 40 4102 >
94 4072 241 4130 Fecteest
255 4069 884 4144 erpoquuatioecdr'seiputistoonnr's,etc.

37 4206 40 4211 ,
59 4166 99 4220 lle
109 4161 289 4236 baptismate
302 4157 887 4234 loannisqaeestioestinqucdiiierreta

942 3367 1002 3408 non
1016 3349 1099 3423 quod
1113 3348 1163 3406 illa
1177 3365 1246 3405 caro
1256 3347 1360 3406 Christi
1369 3348 1400 3406 in
1410 3350 1507 3407 Adam
1521 3356 1589 3409 ante
1604 3359 1770 3429 peccatum,

942 3443 1052 3513 etpost
1069 3454 1187 3512 semper·
1210 3437 1382 3513 incorrupta
1403 3445 1520 3498 serrata
1541 3440 1637 3513 luerit,
1660 3445 1713 3502 sed
1727 3446 1769 3505 310

941 3528 1145 3601 incorruptam
1169 3527 1340 3600 assumpsit,
1363 3527 1622 3604 sicutincorrupta
1649 3532 1772 3594 suithu-

941 3634 1033 3677 mana
1047 3620 1154 3674 natura
1169 3620 1236 3674 ante
1250 3621 1408 3690 peceatum
1422 3616 1453 3674 in
1474 3618 1580 3677 Adam.
1594 3620 1645 3679 Vel
1656 3620 1694 3680 de
1708 3622 1772 3683 alti-

942 3707 1043 3766 tudine
1057 3707 1198 3763 humanae
1214 3708 1328 3762 natura
1341 3710 1409 3764 ante
1423 3700 1678 3781 peccatumvenit,
1687 3712 1768 3787 quie,

941 3801 974 3854 ut
986 3795 1099 3853 dictum
1113 3797 1167 3863 est,
1184 3794 1214 3850 in
1230 3793 1379 3853 Christum
1397 3812 1460 3853 non
1480 3813 1535 3871 per
1557 3799 1770 3874 concupiscen-

941 3886 1013 3944 tiam
1027 3883 1191 3953 descendit,
1208 3882 1291 3960 quod
1305 3883 1343 3942 de
1366 3884 1532 3958 integritate
1555 3887 1697 3946 humane
1718 3906 1770 3949 na-

942 3981 1014 4034 turae
1028 3978 1096 4032 ante
1124 3977 1282 4048 peccatum
1302 3978 1374 4044 erat,
1388 3979 1422 4032 ut
1434 3976 1612 4051 propagatio
1631 3993 1686 4053 per
1699 3995 1769 4038 con·

940 4063 1155 4138 cupiscentiam
1169 4060 1262 4118 fieret.

975 4154 1042 4210 Nun
1052 4153 1131 4210 enim
1144 4149 1186 4208 od
1199 4165 1369 4208 menatenam
1383 4151 1435 4209 dot
1450 4153 1529 4211 Dens
1538 4155 1688 4225 spernam.
1702 4156 1769 4217 Sine

56 4251 237 4326 baptismate
252 4249 374 4321 Christi;
391 4253 420 4306 ct
433 4265 527 4323 quarn
541 4246 695 4304 utilitatem
709 4247 842 4315 haberet,
859 4250 888 4304 et
941 4256 1083 4300 mensura
1097 4239 1179 4297 dcdit
1191 4241 1270 4297 Deus
1289 4237 1359 4296 Filio
1374 4255 1428 4297 suc
1451 4242 1617 4299 secundum
1631 4244 1769 4304 hnmani·

57 4339 263 4416 quiddiceret,
290 4339 321 4397 id
343 4344 387 4397 est
406 4354 501 4413 quam
523 4336 670 4393 rationem
691 4335 887 4411 praetenderet
940 4325 1769 4404 tatemspiritum,quietantumcidedit,quantumerea-

56 4434 195 4498 toannes,
208 4446 322 4487 novum
335 4430 425 4486 ritum
434 4425 673 4499 inducendoiEst
682 4429 783 4483 antem
792 4425 887 4483 mani·
942 4426 1012 4479 turea
1027 4417 1153 4477 conferri
1166 4416 1270 4493 potuit.
1288 4415 1334 4474 Sic
1349 4415 1429 4473 enim
1448 4416 1603 4490 plenitudo
1617 4419 1768 4480 donorum

57 4522 133 4579 leste
143 4520 309 4578 differentia
329 4519 404 4576 inter
417 4518 570 4592 baptisma
585 4515 688 4574 Christi
712 4521 741 4572 et
753 4516 884 4587 loannis,
942 4512 1065 4586 Spiritus
1076 4509 1170 4566 saneti
1180 4509 1445 4565 remuneratura
1454 4506 1561 4564 collata
1573 4511 1663 4577 estut
1671 4508 1767 4567 Verbo

56 4613 130 4685 quia
143 4615 271 4668 loannes
283 4608 450 4679 intingebat
456 4612 582 4676 tentum,
595 4605 726 4663 Christus
736 4622 807 4663 vero
822 4605 885 4679 ipse
940 4597 1135 4674 personaliter
1148 4594 1231 4652 unita
1245 4594 1290 4662 sit,
1303 4594 1385 4668 quod
1396 4594 1526 4668 amplius
1536 4591 1577 4651 illi
1591 4595 1768 4654 consemini-

55 4701 232 4773 intingendo
245 4698 368 4756 interius
382 4696 559 4755 mundabat.
574 4695 657 4752 Unde
669 4700 698 4752 et
716 4694 885 4769 baptismus
940 4688 981 4747 hil
991 4686 1097 4763 potuit.
1114 4688 1147 4744 Et
1160 4685 1228 4742 ideo
1243 4683 1362 4758 spiritus
1377 4683 1440 4741 sine
1450 4686 1626 4744 mensuraei
1642 4685 1768 4745 collatus

55 4790 164 4850 Christi
183 4789 351 4863 baptismus
371 4786 554 4845 remissionis
573 4784 696 4854 dicitur;
716 4784 885 4860 baptismus
940 4784 993 4850 cst,
1010 4777 1082 4853 qnia
1096 4780 1174 4834 totus
1199 4777 1330 4850 quantus
1353 4772 1419 4832 dari
1439 4773 1546 4850 potuit.
1571 4774 1645 4834 Dicit
1665 4781 1768 4836 autem

29 4920 32 4924 -
53 4895 128 4939 vero
141 4877 263 4938 ioannis
276 4877 445 4951 baptismus
464 4874 653 4951 peanitentiae.
669 4873 719 4930 Vel
732 4873 804 4948 quia
817 4872 883 4930 nul-
940 4869 1050 4943 glossa,
1064 4863 1146 4941 quod
1161 4864 1237 4921 sicut
1251 4862 1356 4921 Filium
1369 4865 1463 4922 totum
1478 4881 1515 4922 er
1537 4881 1568 4924 se
1581 4868 1643 4925 toto
1655 4861 1766 4938 genuit,

51 4969 131 5038 lum,
145 4967 204 5025 nisi
216 4966 411 5042 poenitentem
425 4964 610 5032 admittebat,
625 4962 672 5021 rel
691 4963 763 5038 quia
786 4963 885 5021 statim
941 4959 982 5016 sic
998 4960 1093 5016 totum
1106 4952 1247 5029 Spiritum
1262 4951 1344 5010 dedit
1358 4951 1427 5011 Filio
1446 4952 1610 5013 incarnato.
1627 4952 1768 5030 Nunqnid

52 5051 885 5134 postbaptismumpaenitentiaminiungebatSednonne
940 5045 1071 5107 etVerbo
1081 5040 1247 5126 assumenti
1255 5040 1355 5100 dediti
1374 5040 1431 5101 Sed
1447 5041 1506 5100 siei
1522 5041 1612 5113 dedit,
1622 5043 1768 5099 1000101·-

51 5152 185 5209 loannes
192 5145 326 5203 minister
337 5143 441 5202 Christi
448 5142 524 5199 init?
542 5141 605 5199 Fuit
619 5141 720 5214 utique
731 5158 737 5197 :
749 5157 843 5215 quere
858 5144 887 5199 et
939 5139 1014 5195 bum
1029 5150 1186 5194 assumens
1204 5149 1241 5189 ex
1260 5147 1296 5189 00
1319 5130 1433 5205 aliquid
1455 5131 1578 5205 accepit,
1593 5135 1622 5187 01
1644 5129 1685 5186 310
1704 5142 1767 5186 000

51 5255 110 5315 per
125 5237 209 5295 illum
224 5236 356 5295 Christus
369 5232 529 5307 baptizavit
544 5231 619 5288 sieut
630 5235 658 5288 et
671 5246 726 5305 per
748 5229 833 5299 01103,
858 5235 887 5288 01
941 5244 1059 5302 semper
1070 5223 1184 5283 habuit.
1201 5221 1257 5280 Sed
1272 5223 1316 5276 cst
1334 5219 1527 5277 manifestum
1539 5217 1622 5294 quod
1636 5217 1767 5275 Verbum

52 5329 98 5386 sic
112 5330 236 5402 peccata
250 5326 315 5399 ipso
329 5322 498 5397 baptizante
513 5319 625 5377 remisit
641 5339 648 5376 :
664 5318 885 5394 quodquidam
940 5319 979 5380 ab
993 5322 1104 5374 aeterno
1117 5312 1223 5371 habuit
1236 5307 1384 5383 quidquid
1398 5312 1427 5365 et
1437 5311 1536 5366 Pater:
1551 5308 1632 5365 unde
1647 5304 1768 5389 afflata-

49 5433 161 5474 verum
174 5420 228 5484 031,
237 5413 289 5470 sed
298 5412 466 5486 baptismus
479 5409 537 5478 ille,
552 5425 614 5482 quo
627 5412 750 5482 peccata
761 5409 887 5465 remissa
941 5412 1062 5464 carnato
1077 5403 1168 5468 (10111,
1180 5415 1235 5455 000
1248 5401 1347 5485 tamen
1363 5396 1457 5452 Verbo
1468 5397 1641 5455 assumenti.
1660 5399 1767 5453 Totrmr

54 5512 136 5577 sunt,
153 5523 214 5565 000
236 5505 291 5562 1011
303 5502 436 5571 1000013,
457 5499 509 5557 sed
524 5499 638 5557 Clnisti.
662 5502 704 5555 Ex
724 5515 785 5573 quo
804 5499 886 5556 enim
941 5512 1062 5572 quoqne
1076 5492 1180 5550 Filium
1193 5504 1229 5544 ex
1244 5503 1275 5542 sc
1289 5488 1350 5542 1010
1365 5486 1575 5557 genuitPater;
1600 5487 1672 5563 quia
1685 5483 1767 5545 idem

54 5598 147 5672 caepit
156 5596 325 5671 baptismus
340 5592 455 5661 Christi,
471 5589 597 5648 cessavit
607 5590 776 5664 baptismus
799 5591 886 5647 1οο0-
941 5589 985 5644 031
995 5575 1173 5653 Filiusquod
1182 5577 1283 5634 Pater:
1297 5573 1434 5646 eiusdem
1443 5575 1523 5634 enim
1535 5577 1654 5652 penitus
1668 5588 1768 5634 essen·
