3832 6044
96 128 149 186 eet
283 122 435 180 flaturus
454 68 510 178 nu·
520 119 549 178 S.
568 116 716 176 vitreae
736 114 812 173 OPP.
831 112 920 169 PARS
939 111 961 169 l.
976 134 1011 153 —-
1026 110 1227 172 EXEGETICA.
1248 138 1283 156 -··
1301 111 1333 171 11.
1348 113 1391 170 tri
1409 113 1616 171 neserath.
1763 115 1817 170 956

97 230 322 328 perceptibilem
347 252 494 304 conantur
512 259 654 311 asserere,
681 256 784 303 veram
808 237 927 296 Deitatis
945 237 968 291 h
983 237 1257 296 coelestibusautem
1265 239 1408 307 essentiis,
1418 238 1449 295 id
1457 237 1648 309 estangelicis
1658 235 1818 310 spiritibus

99 340 299 414 cognitionem
315 342 344 393 et
357 336 501 393 visionem
518 330 787 389 mentibussanctis
797 328 927 402 proban·
981 329 1225 400 supermundane
1240 335 1267 386 et
1281 328 1471 403 spiritualiter
1481 325 1818 403 pernudametsimpli-

98 429 288 489 manseris.
304 423 528 492 Quidestenim
542 422 642 479 inillis
656 421 754 478 solum
777 422 871 476 Deum
885 416 927 473 vi·
980 428 1046 469 cem
1057 411 1210 471 veritatem
1229 414 1407 488 impressam
1420 412 1558 471 revelata.

98 519 172 588 deri,
186 523 214 574 et
228 520 310 572 extra
323 513 374 569 illa
398 528 461 568 uon
474 510 576 580 videri,
603 510 660 567 nisi
673 524 831 583 nunquam
857 522 926 563 verc
1018 501 1155 575 Sequitur
1170 521 1177 560 :
1194 525 1208 554 a
1224 506 1345 576 Propter
1356 503 1436 560 hanc
1450 517 1521 574 ergo
1530 501 1818 559 nostramcorratie

98 607 202 673 videri,
216 608 528 675 etverumnunquam
548 599 661 656 viderit
677 597 799 656 Sienim
827 597 927 666 imago
980 589 1081 647 nalem
1094 591 1219 659 theosin,
1237 616 1251 643 »
1265 592 1296 649 id
1311 597 1355 649 est
1368 592 1562 659 divinitatem,
1579 607 1647 665 quae
1660 588 1754 647 nobis
1775 592 1819 646 est

99 695 163 751 sola
174 708 292 765 semper
305 691 430 759 videtur,
444 695 472 747 et
485 690 593 748 veritas
620 702 778 760 nunquam
800 685 926 752 videtur,
982 681 1194 750 corrationalis,
1210 682 1298 739 idest
1312 697 1445 752 congrua
1467 681 1514 738 vei
1527 685 1607 754 apta.
1637 683 1818 750 congruum

99 782 245 857 quoniam
260 781 361 852 imago
374 780 481 836 veritas
495 795 557 836 non
572 782 624 845 est,
641 777 729 834 etiam
744 792 814 832 cum
826 774 864 830 de
880 789 929 830 ve·
982 770 1062 827 enim
1077 775 1220 844 estutper
1230 786 1274 840 ea,
1286 775 1433 845 queneto
1447 775 1515 826 sunt
1527 769 1624 839 nobis,
1638 769 1817 825 divinorum

99 873 183 929 ritate
198 875 252 928 est.
265 869 379 928 Tollaat
391 885 462 939 ergo
481 867 655 941 phantasias
668 881 747 932 suas,
761 864 872 937 quibus
886 862 929 918 lu-
981 861 1141 934 participes
1155 860 1328 930 efficiamur,
1345 882 1359 912 a
1376 864 1497 934 Propter
1520 860 1598 917 hanc
1613 873 1696 929 ergo,
1714 862 1786 926 ete,
1803 879 1817 908 ›-

100 976 171 1018 men
193 959 339 1017 mentium
366 962 538 1015 nostrarum
567 956 749 1013 obumbrare
774 954 927 1019 nituntur;
982 950 1207 1023 ‹guasidiccretz
1221 951 1653 1018 Quiahumanusanimusnon
1669 948 1818 1023 potestde

99 1065 197 1124 neque
208 1049 296 1106 nobis
311 1053 404 1105 licum
420 1051 555 1104 nostrum
566 1045 732 1102 simulacris
752 1041 929 1099 autumatio·
982 1039 1181 1097 invisibilibus
1195 1039 1762 1114 erudiri,nisipervisibiliaetcognita,
1784 1054 1817 1095 ae

100 1156 176 1197 num
190 1152 314 1196 suarum
325 1136 536 1210 intersepiant;
552 1135 624 1208 quia
640 1150 696 1190 nos
721 1133 797 1189 sieut
822 1131 929 1188 satiare
984 1137 1112 1200 cognata
1127 1130 1192 1198 sibi,
1207 1130 1296 1201 igitur
1308 1152 1322 1181 a
1338 1129 1506 1187 misericors
1519 1128 1703 1203 principium
1718 1127 1817 1202 perie-

100 1244 163 1287 non
176 1232 274 1302 potest
297 1225 409 1301 aliquid
425 1229 531 1300 preter
554 1225 665 1298 ipsum,
680 1222 721 1280 ita
746 1237 801 1278 nec
828 1221 929 1277 sistere
983 1220 1098 1285 otionis,
1115 1241 1130 1271 s
1143 1219 1173 1277 id
1187 1223 1327 1289 estbeus,
1343 1234 1433 1292 aquo
1443 1217 1817 1292 omnisperfectioinitium

101 1331 198 1390 usque
211 1315 371 1390 adipsum.
385 1319 468 1388 ipsas
483 1313 572 1384 igitur
584 1311 782 1384 theophanias
794 1310 852 1366 alio
867 1324 930 1366 mo·
983 1310 1083 1379 hatrat,
1100 1309 1176 1366 sicut
1189 1309 1220 1366 in
1235 1310 1301 1383 ipso
1323 1308 1614 1367 consummationem
1628 1307 1720 1381 capit,
1738 1311 1769 1364 et
1787 1307 1819 1362 ti-

101 1404 151 1473 do,
168 1409 197 1460 et
206 1403 319 1461 veritati
328 1405 528 1460 consentaneo
541 1401 753 1458 existimemus.
766 1397 930 1457 sicutenim
983 1415 1054 1456 nem
1070 1399 1133 1456 sola
1146 1400 1240 1471 gratia
1267 1403 1295 1456 ct
1321 1398 1534 1467 misericordia,
1550 1402 1583 1454 ut
1594 1413 1649 1454 nos
1663 1397 1703 1454 ad
1729 1411 1817 1453 suam

102 1492 163 1548 duo
177 1496 256 1561 sunt,
272 1492 374 1547 lumen
384 1495 413 1546 et
425 1491 510 1564 quod
520 1491 642 1562 suscipit
653 1489 872 1562 lumencorpus
884 1504 890 1543 :
903 1490 932 1542 et
985 1489 1186 1559 cognitionem
1199 1493 1358 1555 revinceret,
1372 1492 1400 1545 et
1419 1487 1642 1545 similitudinem
1673 1486 1818 1543 reforma·

102 1581 199 1637 arrhis
214 1579 334 1636 duobus
349 1593 443 1634 unum
459 1578 583 1634 efficitur
595 1579 708 1646 lucens,
724 1581 753 1633 ct
766 1577 865 1651 ipsum
889 1575 932 1631 lu·
950 1585 1029 1644 Bret
1040 1599 1046 1636 :
1059 1601 1073 1631 a
1086 1578 1279 1636 manifestans
1293 1577 1381 1635 nobis
1391 1578 1524 1635 scelestes
1547 1576 1743 1644 hierarchias,
1762 1599 1777 1627 n
1788 1576 1816 1631 id

103 1683 173 1723 cens
187 1668 289 1737 imago
303 1666 531 1738 quodammodo
544 1671 597 1736 cst,
618 1671 646 1723 ct
660 1665 820 1722 similitudo
844 1665 931 1721 lumi·
985 1673 1029 1727 est
1039 1669 1190 1741 angelicas
1205 1673 1381 1743 potestates;
1398 1690 1412 1719 a
1424 1672 1452 1726 et
1461 1667 1618 1741 perficiens
1633 1667 1724 1723 etiam
1750 1681 1818 1723 nos-

102 1756 159 1824 nis,
171 1755 201 1812 in
216 1770 252 1812 eo
266 1755 349 1827 quod
364 1754 442 1811 lucet
468 1755 543 1813 sicut
573 1756 673 1829 ipsum
699 1754 820 1810 lumen:
835 1754 876 1811 ita
904 1758 932 1810 et
985 1764 1063 1816 tram
1074 1759 1272 1815 hierarchiam
1287 1757 1522 1815 comministram
1544 1771 1659 1825 carunr,
1676 1777 1691 1806 n
1706 1755 1820 1811 scilicet

104 1849 181 1902 Deus
195 1848 296 1902 noster
310 1843 412 1900 lumen
432 1849 486 1913 est,
502 1849 531 1901 et
543 1861 648 1901 verum
662 1843 765 1899 lmuen
779 1846 831 1911 est,
848 1846 876 1899 et
888 1841 931 1915 ip·
985 1847 1150 1904 coelestium
1160 1847 1405 1916 hierarchiarum,
1416 1850 1449 1903 ut
1459 1846 1496 1902 sit
1509 1845 1565 1902 illis
1580 1850 1608 1902 et
1626 1845 1657 1901 in
1671 1842 1819 1913 dignitate

104 1951 172 1991 sum
186 1933 288 1992 lumen
301 1933 461 1991 rationales
482 1934 573 1991 animi
586 1933 692 1989 mundi
711 1937 739 1990 et
752 1933 821 2006 puri
833 1931 932 1988 eonci-
960 1935 961 1939 ’
986 1936 1157 2006 conformis,
1173 1941 1202 1994 et
1215 1937 1245 1993 in
1273 1936 1437 1993 ministerio
1452 1936 1553 1993 divino
1566 1933 1742 2003 consimilis,
1760 1948 1819 1989 ser·

104 2023 208 2098 piunt:
223 2028 252 2081 ⁰¹
264 2038 301 2080 0¹
315 2037 351 2078 ⁰0
365 2022 496 2079 1110111113
505 2021 591 2091 fiunt,
602 2026 631 2078 11
641 2037 703 2078 11011
718 2019 932 2093 11111111111111·
985 2031 1056 2084 vata
1067 2025 1098 2083 in
1112 2025 1201 2082 nobis
1215 2025 1407 2082 similitudine
1422 2025 1574 2082 deiformis
1587 2039 1693 2080 earum
1709 2022 1818 2079 sancti-

105 2128 143 2183 go
157 2113 278 2170 luminis
288 2112 318 2169 in
331 2128 367 2168 eo
379 2111 461 2186 quod
477 2115 546 2170 sunt
557 2129 564 2169 :
577 2111 630 2169 sed
641 2111 717 2169 ineo
731 2109 815 2185 quod
833 2110 933 2168 lucent
985 2116 1141 2186 licationis,
1152 2122 1187 2172 ut
1202 2116 1295 2172 simus
1319 2115 1429 2171 similes
1461 2113 1687 2172 sanctificationi
1710 2128 1819 2169 earum

104 2219 141 2260 ex
154 2203 277 2272 lumina,
292 2203 368 2260 sicut
379 2203 480 2276 ipsum
501 2202 603 2259 lumen
617 2203 713 2272 lucet3
729 2206 757 2259 et
771 2204 842 2258 sunt
867 2201 933 2274 ipsa
987 2222 1055 2279 quar
1071 2203 1307 2262 becconiormes
1317 2208 1395 2271 sunt,
1409 2228 1423 2255 a
1439 2203 1478 2260 ad
1491 2203 1629 2260 virtutem
1643 2206 1795 2269 nostram,
1806 2222 1820 2250 n

104 2292 233 2350 lucentia
246 2290 934 2366 theophanialuminis,inquibuslumenvide·
988 2294 1252 2352 idcstsecundum
1280 2292 1506 2367 possibilitatem
1528 2296 1672 2360 nosnam,
1702 2291 1762 2348 hoc
1777 2295 1823 2346 cst

104 2388 162 2452 tur,
178 2385 355 2459 quoniame
368 2384 563 2442 nullolumen
577 2383 736 2452 videretur,
751 2383 775 2439 si
800 2381 934 2439 nullusa
987 2390 1136 2459 quantum
1149 2383 1260 2440 similes
1282 2398 1346 2438 esse
1361 2398 1533 2456 possumus,
1548 2381 1598 2456 qui
1623 2381 1777 2448 homines,
1794 2382 1823 2437 et

104 2472 218 2530 lumine
233 2473 459 2532 illuminaretur.
475 2477 549 2530 Nam
563 2477 591 2530 et
611 2473 664 2546 qui
690 2472 721 2529 in
736 2487 768 2528 se
777 2471 879 2529 lumen
893 2470 934 2527 vi·
989 2473 1139 2543 mortales,
1155 2477 1184 2530 et
1197 2477 1319 2546 peccato
1332 2473 1431 2529 adhuc
1445 2471 1568 2528 obnoxii
1580 2487 1686 2528 sumus
1699 2489 1706 2541 ;
1721 2493 1735 2520 α
1753 2470 1822 2526 des-

105 2561 164 2630 det,
178 2563 327 2621 lucentem
344 2578 375 2618 se
387 2562 482 2631 videt;
493 2560 688 2636 quiproiecto
703 2560 896 2628 nonviderol,
910 2559 934 2614 si
989 2563 1089 2635 cripsii
1104 2562 1327 2637 supereoelestes
1351 2561 1525 2629 intellectus,
1543 2583 1558 2611 u
1582 2559 1748 2616 invisibiles
1764 2556 1825 2632 spi·

104 2667 167 2707 non
182 2652 302 2718 luceret,
318 2655 348 2706 et
362 2667 393 2707 se
407 2651 557 2708 lucentem
572 2665 633 2707 non
650 2651 772 2707 videret.
790 2651 835 2708 Sic
863 2665 933 2720 crgo
988 2653 1072 2721 ritus,
1087 2652 1140 2725 qui
1163 2650 1250 2707 nobis
1265 2650 1406 2720 incogniti
1430 2655 1524 2718 erant,
1540 2647 1733 2706 sensibilibus
1746 2647 1824 2704 ima-

104 2753 166 2794 non
182 2737 389 2794 constituimus
417 2739 509 2794 alium
535 2739 610 2795 iuter
635 2742 729 2795 Deum
756 2744 892 2797 nostrum
907 2743 935 2794 et
990 2741 1120 2813 ginibus,
1132 2745 1165 2797 ut
1175 2755 1230 2813 per
1240 2743 1311 2796 noia
1324 2740 1475 2809 incognita
1488 2739 1681 2795 disceremus.
1693 2740 1728 2793 Et
1741 2737 1823 2793 hanc

104 2843 171 2895 nos,
183 2827 237 2882 scd
251 2827 420 2883 immediate
434 2827 516 2883 viam
544 2827 669 2883 iacimus
684 2833 712 2884 ct
724 2828 812 2883 nobis
839 2829 878 2888 ad
892 2828 935 2900 ip
989 2830 1220 2903 descripdonem
1234 2828 1302 2885 iecit
1316 2851 1330 2879 a
1342 2829 1372 2884 in
1388 2828 1480 2885 saeris
1490 2827 1677 2901 eloquiorum
1699 2840 1825 2899 compo

106 2931 184 2983 sum,
200 2919 229 2971 et
242 2914 299 2987 ipsi
312 2915 455 2987 usquead
469 2930 534 2983 nos,
550 2919 584 2971 ut
593 2915 688 2989 simus,
701 2916 730 2971 in
746 2916 821 2988 ipso,
833 2919 862 2972 et
871 2916 934 2989 ipsc
953 2941 974 2997 ς
989 2919 1155 2990 u'tionibus,
1169 2917 1225 2973 »id
1237 2922 1280 2974 cst
1294 2917 1325 2973 in
1338 2917 1414 2975 sacri
1427 2917 1536 2991 eloquii
1550 2914 1822 2988 descriptionibus:

106 3003 136 3060 in
151 3003 259 3060 nobis:
276 3007 310 3059 ut
321 3017 383 3060 non
399 3002 612 3061 sitaliudextra
626 3004 736 3077 ipsum,
752 3005 783 3060 in
794 3021 856 3078 quo
866 3005 936 3061 bea·
989 3026 1057 3083 quae
1073 3007 1314 3081 compositiones,
1329 3008 1487 3077 etiiguras,
1499 3010 1528 3063 et
1535 3004 1745 3063 similitudines
1752 3021 1822 3078 pro-

106 3090 263 3162 tiilocmur,
277 3093 353 3150 sicut
372 3093 455 3150 aliud
467 3093 702 3167 essenonpotuit
711 3095 933 3167 prmteripsum,
988 3103 1106 3173 ponunt
1118 3097 1206 3154 nobis
1219 3097 1258 3155 ad
1268 3096 1462 3154 invisibilium
1475 3094 1775 3152 demonstrationem.
1790 3096 1824 3149 iit

106 3199 195 3256 aquo
210 3199 388 3241 crearemur.
416 3186 537 3257 Propter
550 3185 608 3242 hoc
636 3200 707 3256 ergo
731 3185 936 3258 supradictam
988 3190 1046 3246 hoc
1060 3187 1127 3244 ideo
1141 3186 1217 3255 iecit,
1231 3207 1245 3237 c
1262 3190 1294 3242 ut
1307 3202 1363 3243 nos
1376 3185 1531 3241 reduceret
1544 3199 1597 3257 per
1611 3182 1767 3240 sensibilia
1782 3181 1821 3239 ad

107 3273 284 3331 sententiam
299 3273 455 3345 theologie
471 3273 510 3330 ad
525 3275 761 3332 commodiorem
774 3275 936 3347 intelligen-
988 3276 1206 3345 intellectualia,
1225 3298 1239 3328 n
1252 3275 1311 3332 hoc
1325 3279 1369 3332 est
1383 3291 1437 3348 per
1450 3273 1577 3330 visibiha
1589 3271 1627 3329 ad
1646 3271 1820 3329 invisibilia.

107 3361 178 3419 tiam
191 3362 428 3436 interpretemur.
446 3363 521 3429 Quia
539 3364 620 3420 enim
647 3363 764 3422 dixerat
777 3364 936 3422 invisibilia
989 3370 1023 3425 Et
1036 3372 1070 3424 ut
1082 3383 1138 3423 nos
1150 3365 1240 3423 etiem
1262 3364 1416 3421 reduceret
1443 3367 1471 3420 et
1486 3385 1499 3414 a
1515 3379 1552 3419 ex
1572 3377 1655 3419 sacre
1681 3361 1822 3432 figuratis

106 3451 248 3523 quiedam
263 3468 317 3524 per
331 3468 382 3509 eas
393 3469 461 3525 qum
483 3452 686 3510 detcnninatae
713 3459 782 3511 sunt
803 3454 935 3512 visibiles
989 3457 1145 3532 symbolis,
1160 3476 1174 3506 n
1189 3455 1220 3511 id
1233 3458 1277 3510 est
1289 3453 1327 3510 de
1337 3453 1441 3525 liguris
1456 3452 1547 3509 sacris
1565 3456 1592 3508 et
1606 3466 1764 3508 sacrarum
1777 3467 1822 3508 re-

106 3539 264 3608 imagines,
287 3540 496 3606 demonstrari,
511 3556 593 3598 nune
615 3542 785 3612 generalem
799 3543 836 3599 de
863 3544 936 3617 ipsis
989 3562 1057 3603 rum
1071 3545 1192 3616 figuris;
1207 3566 1221 3596 a
1233 3543 1264 3600 in
1288 3542 1412 3615 simplas
1427 3541 1622 3610 summitates,
1640 3563 1654 3590 »
1669 3540 1701 3597 id
1716 3544 1762 3598 est
1789 3541 1820 3597 in

106 3624 305 3682 invisibilibus
330 3628 507 3683 sententiam
535 3629 698 3699 subjungit,
725 3630 846 3686 dicens:
868 3653 882 3682 «
903 3635 936 3689 Et
990 3634 1138 3706 simpHces
1160 3637 1188 3690 et
1203 3631 1349 3705 spiritales
1375 3630 1564 3687 excellentias
1591 3629 1821 3701 cogurosoendas

107 3730 296 3788 quaeeunque
306 3714 436 3783 alia,etc.
453 3738 467 3765 ε
479 3720 519 3771 Ac
533 3716 557 3771 si
567 3717 693 3774 diceret:
706 3722 770 3774 Non
780 3718 936 3777 solumilla
990 3746 1004 3775 «
1020 3723 1185 3780 coelestium
1212 3721 1459 3789 hierarchiarum,
1473 3742 1486 3770 a
1502 3721 1532 3777 id
1545 3723 1589 3776 est
1611 3719 1820 3791 angelicarum

107 3802 276 3872 invisibilia,
285 3803 487 3876 quorumhoec
495 3803 741 3876 signaproposila
749 3810 827 3873 sunt,
837 3806 937 3864 inma-
989 3814 1179 3886 potestatum.
1209 3813 1366 3883 Propterea
1393 3811 1474 3866 enim
1488 3809 1555 3867 illas
1581 3808 1756 3866 visibilibus
1785 3812 1822 3864 si-

108 3891 497 3960 niiestationemvenerunt;
513 3891 566 3946 sed
581 3891 936 3967 etiamqurecunquealia
990 3901 1057 3970 gnis
1078 3899 1167 3954 nobis
1189 3897 1356 3971 descripsit,
1383 3902 1416 3954 ut
1430 3913 1481 3954 eas
1506 3897 1595 3954 nohis
1617 3896 1822 3966 intelligibiles

109 3977 351 4050 invisibilisque
372 3978 460 4035 nohis
473 3979 606 4051 quidem,
636 3979 745 4038 scilicet
763 3983 936 4040 hominibus
990 3987 1108 4054 iaceret,
1124 3991 1153 4043 et
1166 3987 1204 4044 ad
1228 4002 1333 4044 earum
1354 4003 1411 4042 nos
1425 3987 1622 4043 imitationem
1651 3985 1824 4042 conforma-

109 4064 284 4138 symbolice,
292 4065 323 4121 id
333 4071 377 4124 est
385 4066 541 4137 figurative
551 4073 641 4142 etper
650 4070 803 4128 sensibiles
813 4073 936 4130 demon·
989 4081 1042 4134 ret.

109 4154 264 4211 suahoaes
271 4146 465 4228 sunttradita,
474 4158 504 4215 id
513 4163 556 4215 est
566 4160 720 4233 proposita
727 4163 934 4234 etmanifesta;

665 4422 884 4546 LIBER
926 4423 1256 4546 TERTIUS.

726 4663 908 4729 TITULUS
928 4665 1125 4730 CAPITULI
1139 4665 1191 4727 ll:

328 4762 415 4829 Quod
422 4767 554 4833 putetur
567 4768 670 4824 diuina
685 4772 712 4824 et
723 4771 853 4829 calestia
866 4774 954 4831 eliam
962 4788 1020 4844 per
1032 4771 1188 4828 dissimilia
1203 4770 1337 4840 symbola
1358 4770 1601 4840 recrederemus.

445 4899 600 4956 mmm·
931 4937 941 4950 ν
954 4868 1110 4930 Bardines
1119 4867 1305 4937 eloquiorum
1317 4881 1413 4924 sacrae
1426 4866 1647 4939 descriptiones,
1659 4873 1688 4924 et
1697 4868 1741 4924 ad
1750 4884 1825 4941 qua-

297 4995 300 4998 -
992 4954 1692 5026 lemcportetasccndcrcpcrsormusueritatem.
1712 4957 1825 5014 utnon

145 5039 266 5109 Oportet
287 5054 368 5110 erqo,
392 5044 426 5096 ut
458 5042 605 5107 existimo,
628 5043 762 5111 primum
789 5057 939 5114 eaponcre
990 5050 1082 5101 einos
1095 5044 1193 5101 eodem
1207 5044 1295 5100 modo
1309 5045 1413 5101 multis
1439 5040 1591 5101 immunde
1618 5044 1825 5102 existimemus

108 5143 200 5199 quam
224 5129 342 5201 quidem
366 5144 427 5188 esse
448 5131 679 5201 speculationem
704 5133 800 5188 earnis
823 5133 938 5190 trierar-
992 5135 1131 5200 celestes,
1155 5138 1183 5191 ct
1212 5134 1370 5205 deiformes
1393 5135 1518 5205 animos,
1543 5134 1719 5204 multipedes
1747 5150 1827 5192 essse

109 5217 186 5276 obice
199 5221 414 5292 sublimamus,
437 5221 551 5292 etquid
577 5222 670 5291 ipsius
694 5234 880 5293 ursaquoequc
894 5223 937 5277 di·
991 5223 1145 5295 quosdam,
1161 5227 1189 5278 ct
1200 5224 1361 5279 mullorum
1374 5224 1521 5290 vultuum,
1537 5229 1565 5281 et
1576 5224 1616 5281 ad
1630 5223 1717 5282 ioum
1734 5231 1826 5295 etpe-

109 5307 186 5362 cinis
212 5310 329 5380 prefuit
354 5310 572 5368 laudatoribus.
596 5311 710 5367 Deinde
724 5310 853 5366 certesies
880 5309 938 5366 itic-
991 5313 1186 5369 curialitatem
1201 5313 1442 5385 [pecuinitateml
1457 5315 1520 5370 arrd
1533 5315 1699 5371 odleonum
1716 5314 1825 5373 bestia·

109 5396 248 5453 rareltt'as
275 5400 578 5456 laudarcsccundum
592 5401 727 5469 ipsarum
755 5400 787 5455 tn
814 5400 937 5470 eloquiis
993 5386 1747 5474 lemimaqinatr'onenrsormatos,autadaquilamtm
1756 5419 1826 5460 cccr-

110 5484 379 5550 manisestalionem
421 5489 723 5563 consequentibusque
747 5489 793 5546 his
829 5488 937 5558 dicere,
991 5494 1139 5546 cerostro
1158 5488 1419 5560 incameratae
1444 5493 1613 5549 volatilium
1636 5493 1824 5562 tripertitam

110 5568 250 5671 qualibus
263 5572 372 5656 diuinis
396 5577 630 5649 formationibus
650 5580 779 5639 coelcdes
801 5580 938 5656 tiqurant
991 5579 1824 5665 alarumconunotionemcsfiquratosmtrotasquuedam
