3832 6044
70 105 122 159 733
488 106 697 166 miracuta
719 112 755 166 lN
776 111 887 169 VETUS
906 113 1169 173 TESTAMENTUN.
1189 146 1224 157 --
1243 119 1307 176 tie.
1327 121 1371 176 tx.

1733 128 1785 185 734

69 242 131 282 non
144 225 242 281 solum
256 226 357 283 morlia
369 243 440 301 pars
456 229 602 302 juvenum
617 231 745 290 faciebat
768 250 855 307 opus,
872 239 901 293 et
918 238 1061 295 nfuturae
1077 239 1189 310 gloriae.
1203 241 1259 298 Sed
1273 248 1412 316 quaerunt
1423 245 1785 320 populiteiraeprofenare

69 331 140 388 pars
154 315 254 373 media
279 321 384 390 parata
398 321 461 374 erat
485 319 523 375 ad
538 319 673 390 bellum;
697 322 749 377 scd
762 323 899 394 juvenes,-
958 328 1133 397 Sabbatum,
1158 331 1275 388 verialia
1299 332 1453 390 inferendo
1478 334 1509 390 in
1530 335 1578 391 dic
1607 336 1783 410 santificata,

67 404 121 478 qui
146 404 295 462 faciebant
320 423 406 478 opus,
435 407 536 476 gladio
551 413 636 465 erant
659 410 793 469 accincti.
809 416 901 472 Tanta
955 418 1078 489 quando
1097 418 1247 476 immundi
1272 421 1392 494 spiritus
1406 423 1586 480 munditiam
1610 424 1709 481 cordis
1722 441 1786 484 ma·

68 497 132 553 erat
145 495 276 553 versutia
290 495 383 553 bostis
399 495 523 570 antiqui,
541 502 639 555 tentus
663 504 706 557 θεῖ
720 500 803 559 furor
816 504 901 561 mali·
955 506 1055 564 culare
1069 507 1213 580 nitimtur,
1234 514 1263 566 et
1271 509 1405 580 ingerere
1419 511 1575 570 illecebras
1587 512 1729 571 vitiorum
1738 530 1786 573 eo·

67 585 115 641 tire
126 586 303 658 ejuscontra
317 586 488 657 Ecclesiam,
501 593 533 644 ui
546 589 714 648 nonsolum
727 593 900 666 praedicato
955 601 1041 670 cepto
1053 598 1148 670 pretio
1162 598 1254 655 nostri
1275 615 1439 656 consensus
1452 620 1459 658 ι
1475 602 1630 674 quodiam
1643 603 1785 661 maximas

67 691 114 730 res
129 675 270 744 veritatis,
283 675 335 732 sed
348 675 411 749 ipse
433 677 564 751 populus
587 679 638 735 Dei
661 697 780 756 semper
791 684 901 744 debeat
955 686 1196 744 sanctificationis
1210 687 1375 760 inquinent,
1397 689 1429 745 id
1443 696 1486 746 est
1505 691 1603 748 lucem
1624 691 1682 765 piae
1696 692 1785 751 actio-
1871 730 1874 734 -

67 764 316 836 contrurigilerc,
342 769 370 822 et
397 766 484 840 quasi
505 767 567 824 acie
596 773 682 826 stare.
711 771 899 831 AEilificantes
954 774 1010 842 niS,
1024 775 1071 832 vel
1084 776 1270 845 cogitationis
1285 776 1435 833 erroribus
1450 778 1637 839 obnubilent.
1651 781 1709 838 Sed
1721 796 1784 838 non

66 853 147 910 enim
175 853 275 925 gladio
297 854 457 927 accingunt
484 873 580 927 renes,
605 875 675 916 cum
696 859 715 916 ii
738 860 791 934 qui
811 861 899 921 bonis
952 864 1128 935 hujusmodi
1137 868 1313 934 mercatum,
1327 865 1437 922 clausis
1451 869 1545 924 muris
1555 874 1663 926 nosuae
1688 869 1783 939 urbis,

65 943 207 1017 operibus
222 943 366 1014 insistere,
383 948 411 1001 ct
426 945 480 1002 sibi
494 947 671 1005 commissos
682 955 789 1007 curant
812 968 898 1023 regu·
953 951 1039 1009 idest
1052 953 1187 1010 custodia
1201 953 1268 1010 vitre
1283 954 1475 1028 perfectioris,
1491 971 1614 1030 prorsus
1627 957 1720 1015 vitare
1733 960 1789 1015 de··

63 1032 245 1090 laniatione
270 1033 428 1107 disponere
456 1035 524 1108 (hoc
549 1040 594 1092 est
611 1037 692 1094 enim
719 1038 804 1096 vivos
823 1040 897 1114 lapi·
951 1041 1070 1098 bemus.

64 1122 119 1178 des
133 1123 164 1178 in
181 1121 307 1179 oedfficto
323 1126 432 1180 sanctoe
446 1124 593 1182 Trinitatis
607 1132 809 1200 competenter
820 1129 898 1187 loca·
1018 1134 1084 1188 Cir.
1099 1134 1165 1190 xvi.
1182 1134 1226 1189 De
1241 1132 1354 1202 bifario
1371 1133 1557 1191 dedicatione
1577 1136 1716 1191 civitatis.

64 1216 119 1281 rc),
135 1211 217 1268 fluxa
227 1211 352 1269 luxrniae
365 1211 396 1268 in
410 1229 440 1268 se
452 1214 590 1271 acumine
600 1216 743 1275 verbiDei
758 1223 898 1290 satagunt
986 1216 1082 1275 Facta
1094 1220 1199 1276 civitas
1216 1225 1321 1278 sancto
1345 1221 1783 1295 dedicatnrtIEsdr.x11)‚oum

64 1300 253 1373 restringere.
919 1340 923 1346 ,
951 1305 1073 1380 impleto
1088 1309 1119 1366 in
1131 1309 1190 1367 fine
1206 1311 1307 1367 saculi
1329 1328 1456 1369 numero
1471 1311 1634 1370 electorum
1652 1313 1784 1371 Ecclesia

133 1394 198 1448 Cer.
212 1394 265 1449 XV.
279 1392 428 1461 Quomodo
442 1393 604 1454 Sabbatum
620 1397 826 1456 observabant.
952 1396 1157 1456 universaliter
1170 1399 1200 1455 in
1211 1400 1320 1456 coelum
1345 1401 1384 1457 ed
1393 1400 1540 1458 visionem
1556 1402 1721 1460 Conditoris
1735 1401 1782 1460 sui

100 1481 214 1552 Populi
228 1468 325 1553 terna,
341 1484 564 1554 quiimportcnt
578 1487 708 1560 venalia,
722 1488 896 1546 ctadnsnm
950 1484 1165 1545 introducitur:
1181 1490 1267 1561 cujus
1291 1489 1356 1546 ritae
1382 1489 1535 1560 desideriis
1550 1491 1665 1564 quoties
1678 1490 1709 1548 in
1723 1491 1781 1547 hac

63 1572 165 1627 orrrrria
176 1586 234 1642 per
243 1570 318 1627 diem
327 1571 455 1630 Sublati
462 1579 494 1627 nt
505 1573 708 1643 cendant,non
719 1578 896 1647 accipiemus
915 1597 936 1650 B
950 1575 1011 1633 vita
1027 1578 1220 1647 sustollimur,
1234 1579 1321 1652 quasi
1346 1579 1384 1635 de
1398 1579 1498 1637 futura
1524 1581 1648 1638 civitatis
1671 1584 1781 1638 nostres

63 1659 102 1716 ob
113 1660 152 1716 cis
168 1660 199 1716 in
213 1659 343 1716 saccaro
359 1659 500 1732 (fIEsdr.
516 1665 556 1730 x).
573 1662 662 1719 Nobis
678 1680 800 1737 quoque
825 1666 896 1723 Sab-
950 1665 1137 1724 dedicatione
1147 1668 1294 1725 laetamur.
1308 1669 1390 1726 Unde
1405 1674 1434 1726 et
1444 1669 1552 1728 bifaria
1567 1670 1714 1729 dedicatio
1728 1686 1782 1744 po·

63 1747 170 1804 batum
193 1746 344 1820 spirituale
360 1765 479 1822 semper
493 1751 646 1821 agendum
661 1757 723 1808 est:
743 1769 861 1828 semper
877 1771 896 1811 a
950 1757 1006 1811 test
1017 1755 1112 1830 accipi
1127 1756 1253 1826 interim,
1270 1757 1379 1815 scilicet
1398 1758 1428 1814 in
1441 1776 1493 1832 spe
1507 1759 1742 1817 desiderantium
1751 1762 1782 1815 ct

64 1835 163 1892 servili
177 1853 277 1910 opere,
293 1837 324 1894 id
338 1842 410 1896 csta
425 1843 547 1912 peccato
562 1840 732 1898 feriandum
742 1848 803 1912 est;
820 1859 896 1901 scm·
949 1843 1162 1901 mundantium
1177 1846 1280 1902 oculos
1294 1846 1401 1914 cordia,
1417 1847 1529 1920 quibus
1538 1851 1633 1904 Deum
1646 1847 1778 1915 rideant,

63 1942 119 1999 per
145 1925 316 1983 vacandum
342 1931 370 1984 ct
398 1929 572 2000 videndum,
600 1930 746 2004 qnoniam
769 1931 832 2006 ipse
851 1938 896 1991 est
949 1936 977 1988 et
992 1936 1061 1988 tunc
1074 1932 1104 1988 in
1118 1950 1149 1990 re
1162 1934 1228 2007 ipsa
1252 1934 1414 1991 fruentium
1428 1935 1530 1991 divina
1552 1936 1664 1992 visione
1678 1935 1779 1991 beato

63 2018 142 2071 lteus
163 2016 257 2090 (Psoi.
272 2021 383 2087 xxxin),
400 2022 433 2074 ut
444 2025 512 2092 post
527 2020 584 2078 tale
601 2019 766 2078 Sabbatum
778 2022 894 2079 liberati
947 2038 1015 2078 rum
1043 2023 1072 2078 in
1104 2024 1279 2097 corporibus
1308 2023 1510 2098 spiritualibus
1541 2022 1617 2080 inter
1644 2023 1780 2094 angelica

62 2105 280 2162 aconscientiae
294 2107 434 2180 peccatis,
450 2108 660 2182 perveniamus
674 2111 713 2167 ad
729 2110 894 2169 Sabbatum
949 2112 1081 2181 agmina.

716 2473 888 2564 LIBER
918 2475 1114 2564 NONUS.

441 2676 474 2730 lN
490 2674 614 2731 LlBROS
627 2675 773 2742 isurun,
785 2675 907 2744 TOBIAE,
922 2676 1044 2731 JUDlTH
1057 2676 1099 2731 ET
1113 2675 1400 2733 MACHABAEORUN.

97 2989 163 3043 Cir.
180 2989 200 3043 1.
218 2989 261 3044 De
275 2987 425 3057 ascysteriis
438 3003 504 3058 qna
518 2988 712 3044 continent-nr
729 2989 761 3044 in
779 2987 855 3044 libro
911 2988 1030 3059 qunta
1045 2987 1146 3044 dicbus
1159 2986 1279 3061 (Esther
1292 2984 1312 3058 r)
1330 3004 1336 3056 ;
1353 2991 1472 3042 centum
1487 2989 1609 3059 propter
1632 2991 1776 3042 aternam

414 3076 534 3134 Esther.

98 3167 133 3223 In
148 3166 248 3223 diebus
262 3167 395 3236 Assneri,
409 3168 463 3239 qni
476 3169 612 3238 regnavit
637 3167 674 3224 ab
689 3167 776 3224 India
799 3183 891 3239 nsque

59 3256 238 3326 AEtlriopiaen
253 3261 466 3326 stipercentunr
480 3258 590 3328 viginti
596 3263 705 3327 septem
716 3257 890 3328 provincias

58 3346 182 3414 (Esther
195 3350 228 3418 l),
241 3350 295 3402 θῖθ.
309 3350 454 3402 Assuerus
467 3363 518 3402 rex
530 3351 635 3419 potens
646 3351 675 3403 ct
687 3345 780 3413 (livea,
796 3349 824 3402 ct
837 3361 890 3401 no·

58 3434 148 3491 minis
161 3434 412 3507 interpretatione,
428 3439 457 3491 et
467 3435 606 3508 potentie
616 3434 796 3491 subtimitate
809 3439 838 3491 et
847 3433 890 3490 di-

58 3523 196 3579 uitiarum
209 3523 415 3593 magnitudine
438 3524 586 3581 Christum
613 3522 769 3592 significat.
791 3523 890 3580 Nomi-

57 3612 104 3667 nis
117 3611 368 3685 interpretatione,
379 3612 452 3686 quia
464 3612 672 3686 interpretatur
687 3611 890 3684 ostiam,tlhri·

59 3705 123 3756 stus
137 3699 225 3757 dixit:
242 3702 307 3772 Epo
320 3717 384 3757 sum
400 3703 506 3758 ostium
518 3703 615 3771 (toan.
628 3701 656 3774 x)
669 3719 676 3770 3
691 3700 830 3774 potentiae
843 3717 889 3756 su·

944 3077 1046 3146 vitam,
1061 3077 1133 3151 quia
1146 3075 1333 3133 centenarius
1358 3075 1506 3148 perfectus
1520 3081 1565 3131 est
1577 3089 1732 3144 numerus,
1747 3079 1777 3132 ot

945 3166 1051 3224 aliave
1074 3163 1222 3223 transitin
1247 3164 1402 3232 dextram;
1428 3163 1588 3233 octoginta,
1615 3162 1687 3235 quia
1707 3166 1775 3220 octo

945 3259 1013 3310 sunt
1026 3252 1234 3320 beatitudines,
1251 3252 1291 3308 ad
1302 3267 1379 3324 quas
1394 3251 1565 3307 convivium
1578 3249 1658 3306 istud
1667 3249 1776 3322 perdu-

944 3347 1001 3400 cat.
1028 3345 1145 3416 Septem
1172 3342 1245 3410 dies,
1261 3340 1372 3415 quibus
1393 3338 1563 3396 convivium
1577 3343 1774 3413 praeparatur,

944 3448 1077 3505 praesens
1101 3435 1220 3503 tempus
1238 3428 1385 3500 designat,
1408 3428 1490 3503 quod
1515 3431 1630 3501 septem
1657 3427 1775 3484 dierum

944 3537 1071 3577 numero
1086 3519 1220 3576 volvitur.
1242 3517 1427 3574 Vestibulum
1442 3517 1529 3586 horti,
1553 3517 1584 3574 in
1599 3533 1661 3591 quo
1675 3515 1774 3575 couvi-

943 3609 1027 3666 vium
1042 3607 1279 3683 properabatur,
1295 3610 1473 3682 presentem
1488 3606 1649 3664 Ecclesiam
1664 3605 1774 3677 signiti-

944 3703 1000 3767 cat,
1014 3698 1118 3771 inqua
1132 3697 1171 3754 ed
1186 3696 1293 3754 futurae
1308 3695 1409 3767 gloria
1422 3696 1624 3768 jucunditates
1631 3694 1774 3769 justifica·
1844 3724 1846 3729 v

57 3788 212 3855 blimitate‚
234 3789 305 3862 quia
320 3791 393 3847 datu
417 3796 460 3847 est
475 3789 588 3847 Christo
609 3791 704 3846 omnis
714 3795 847 3860 potestas
862 3796 890 3846 et
943 3805 1021 3846 mair.
1038 3790 1164 3845 Ornatus
1176 3786 1314 3844 vestibuli
1328 3786 1465 3857 designat
1482 3790 1621 3843 ornatum
1637 3784 1772 3842 Ecclesia

58 3879 91 3932 in
106 3879 179 3934 coeto
194 3881 263 3934 etin
280 3878 628 3951 terratlfattlr.xxvu1);
643 3878 814 3935 divitiarum
826 3894 889 3934 ma·
943 3880 973 3935 in
985 3882 1063 3936 statu
1077 3877 1230 3952 praesentis
1244 3875 1353 3933 saeculi.
1375 3879 1460 3945 Vasa,
1475 3875 1585 3949 quibus
1599 3879 1688 3949 potus
1703 3873 1774 3930 infe·

58 3965 224 4035 gnitudinc,
241 3967 313 4039 quia
327 3982 512 4040 quaecunque
527 3967 614 4024 natet
628 3967 731 4036 Pater,
747 3967 889 4039 ejussnnt
943 3968 1074 4035 robatur,
1096 3971 1165 4024 sunt
1179 3966 1273 4023 sancti
1286 3965 1507 4040 praedicatores
1521 3981 1575 4040 per
1595 3976 1673 4039 quos
1685 3963 1774 4021 nobis

59 4057 159 4123 (doun.
172 4057 250 4128 xvii).
267 4056 361 4113 Tertio
384 4072 465 4113 anno
483 4057 601 4130 imperii
615 4056 661 4113 sui
686 4056 754 4114 fecit
775 4055 889 4127 grande
944 4055 1039 4129 gratia
1051 4055 1177 4112 coelestis
1188 4054 1421 4111 administratur.
1441 4055 1503 4113 Nec
1517 4060 1593 4128 θναῖ,
1608 4055 1661 4126 qni
1671 4053 1772 4111 nolen-

58 4142 230 4200 convivium
257 4143 442 4218 principibus
455 4144 516 4201 suis
543 4148 571 4201 et
585 4144 695 4217 pueris.
712 4146 805 4217 liujus
819 4159 889 4201 con·
945 4150 986 4201 tes
1001 4149 1128 4215 cogeret,
1139 4143 1210 4214 qnia
1224 4157 1280 4199 rear
1292 4147 1440 4199 statuerat
1465 4148 1497 4198 nt
1512 4147 1638 4200 snrneiat
1649 4143 1773 4214 quisque

56 4232 128 4288 vivii
142 4232 267 4289 historia
277 4232 447 4290 divitiarum
460 4249 606 4307 pompam
617 4238 645 4290 et
657 4232 773 4304 regium
783 4232 888 4288 luxum
944 4232 1024 4304 qnod
1038 4231 1137 4288 vellet.
1155 4228 1200 4286 Sic
1212 4245 1344 4302 namque
1358 4230 1553 4301 temperanda
1565 4234 1608 4285 cst
1628 4229 1772 4302 praedica·

57 4323 204 4389 ostentat;
219 4320 273 4376 sed
281 4321 385 4377 Christi
401 4321 568 4394 spirituales
582 4320 708 4390 divitias,
733 4336 810 4393 ques
825 4320 889 4376 uni·
907 4323 994 4398 Dtio,
1009 4327 1042 4378 ut
1053 4320 1194 4377 omnihus
1214 4318 1291 4375 utilis
1311 4318 1373 4386 frat,
1386 4317 1461 4374 nulli
1473 4323 1589 4386 noceat,
1601 4323 1630 4374 et
1642 4319 1718 4374 inter
1730 4317 1772 4375 vi-

57 4407 166 4480 cuique
181 4408 335 4481 dispensat
348 4409 379 4465 in
394 4410 451 4466 hoc
470 4409 537 4466 loco
560 4409 718 4480 allegorice
731 4408 887 4479 significat.
943 4412 983 4470 tia
995 4409 1083 4486 quasi
1104 4409 1222 4481 gladius
1245 4423 1355 4480 anceps
1370 4410 1510 4463 transeat.
1539 4406 1583 4462 Sic
1599 4402 1772 4477 superbiam

58 4497 191 4554 Christus
220 4513 353 4572 namque
369 4499 453 4557 tertio
475 4515 556 4557 anno
575 4497 692 4572 imperii
711 4497 767 4566 sui,
791 4498 822 4554 id
846 4502 890 4555 est
943 4501 1078 4558 recidens
1093 4498 1217 4566 auferat,
1244 4499 1350 4552 utnon
1371 4497 1481 4566 augeat
1506 4492 1692 4550 timiditatem
1707 4510 1714 4561 ;
1729 4493 1772 4551 sic

57 4586 142 4642 tertio
165 4591 299 4660 tempore
314 4589 405 4660 hujus
417 4588 517 4645 saeculi
543 4586 754 4645 incarnationis
769 4603 831 4643 eum
844 4603 889 4643 sa·
943 4588 1044 4646 otiosis
1059 4591 1088 4644 et
1113 4584 1299 4658 torpentibus
1327 4583 1463 4656 imponat
1484 4579 1723 4652 sollicitudinem,
1739 4586 1774 4640 ut

57 4678 211 4732 eramenta
237 4676 384 4750 patefecit,
409 4682 439 4734 et
461 4677 627 4751 spirituales
654 4676 758 4748 epulas
784 4675 889 4749 praedi·
943 4675 1081 4749 inquietis
1108 4679 1137 4730 ct
1151 4672 1274 4730 curiosis
1300 4687 1361 4729 non
1376 4675 1485 4742 augeat
1506 4671 1710 4744 importunam
1724 4686 1773 4728 ec·

57 4764 191 4833 cationis,
221 4770 250 4822 et
276 4766 420 4839 corporis,
445 4771 473 4823 et
487 4765 641 4837 sanguinis
664 4766 710 4821 sui
733 4765 889 4822 abundan-
942 4766 1064 4822 tionem.
1080 4764 1195 4835 Regina
1211 4762 1315 4820 Vastlii
1321 4763 1395 4834 fecit
1405 4763 1492 4819 conci
1499 4763 1574 4818 >inin
1586 4761 1770 4833 feninorum

56 4853 170 4910 tissime
200 4854 412 4912 manifestavit.
447 4855 578 4912 Primum
607 4862 725 4929 tempus
754 4861 822 4912 ante
848 4855 889 4910 le·
941 4839 1114 4927 inquietatio,
1131 4854 1181 4909 nbi
1206 4868 1261 4910 rea
1287 4867 1408 4910 mancia
1432 4856 1634 4911 consueverat.
1659 4851 1772 4924 Regina

57 4958 137 5012 gem,
165 4945 333 5002 seeundum
361 4945 418 5002 sub
448 4945 523 5016 lege,
551 4946 669 5003 tertium
693 4945 750 5002 sub
783 4944 887 5017 gratia.
942 4942 1042 5001 vasthi
1054 4942 1195 5018 superba,
1210 4941 1296 5015 plebs
1311 4946 1354 4999 θεῖ
1376 4941 1509 5012 iudaice,
1534 4958 1602 5015 qure
1625 4940 1773 5012 regnabat

56 5033 136 5088 Fecit
149 5034 207 5090 hoc
222 5034 395 5092 convivium
417 5034 602 5108 principibus
617 5036 678 5092 suis
692 5040 721 5092 et
734 5034 844 5109 pueris,
858 5034 889 5091 id
942 5032 1078 5108 quandiu
1096 5031 1177 5088 cultu
1191 5030 1243 5088 Dei
1256 5030 1368 5089 coeteris
1392 5030 1608 5106 praeeminebat
1621 5027 1769 5101 gentibus.

56 5125 101 5179 est
116 5124 258 5196 apostolis
273 5130 302 5182 et
323 5125 465 5182 omnibus
489 5141 507 5181 a
521 5129 644 5198 peccato
658 5124 821 5199 purificatis
839 5115 890 5194 ;'ct
944 5123 1019 5182 Fecit
1040 5121 1210 5180 convivium
1234 5119 1424 5189 feminarum,
1440 5119 1564 5194 quando
1583 5115 1652 5173 fecit
1664 5130 1718 5189 pcr
1732 5114 1771 5171 le·

56 5204 235 5282 fortissimis,
251 5213 307 5270 illis
323 5214 497 5289 scilicetqui
511 5214 643 5271 vicerant
656 5213 845 5284 malignum3
862 5220 890 5270 ct
943 5231 1022 5287 gem,
1047 5213 1238 5270 refectionem
1261 5215 1432 5267 sanctarum
1456 5209 1635 5264 animarum.
1666 5208 1698 5260 ln
1718 5219 1770 5278 pa-

56 5301 186 5374 inclytis,
195 5301 226 5357 id
238 5306 283 5358 est
295 5302 351 5359 illis
365 5304 418 5377 qui
428 5303 480 5361 frlii
491 5303 542 5361 Dei
556 5303 746 5360 vocabamtur
757 5320 764 5371 3
776 5308 805 5360 θῖ
814 5319 888 5376 prae·
943 5305 1022 5373 latio,
1039 5303 1091 5360 ubi
1103 5318 1155 5358 rex
1168 5314 1289 5356 manere
1304 5299 1510 5362 consueverat,
1526 5293 1556 5350 id
1570 5291 1658 5348 estin
1672 5291 1771 5350 Hieru-

55 5390 140 5447 fcctis
170 5391 394 5464 provinciarum
405 5436 414 5466 ,
445 5395 475 5450 id
507 5399 552 5451 est
585 5393 714 5467 praelatis
747 5392 889 5449 Ecclesia·
943 5391 1047 5462 salem,
1063 5393 1166 5464 inqua
1182 5391 1257 5442 ocus
1270 5383 1408 5458 potentiae
1429 5399 1490 5438 suec
1515 5380 1650 5438 notitiam
1663 5382 1772 5441 tribue-

55 5497 126 5538 rum
142 5497 149 5549 3
167 5481 308 5538 omnibus
325 5482 393 5540 feeit
408 5484 577 5541 convivium
591 5482 704 5560 quibus
729 5481 889 5557 spiritualis
942 5487 997 5541 rat.
1013 5481 1143 5551 Septimo
1165 5477 1266 5545 itaque
1284 5473 1341 5540 die,
1357 5486 1423 5529 cnm
1434 5486 1489 5529 νθθ
1501 5477 1574 5528 essct
1589 5470 1727 5547 hilarior,
1742 5478 1771 5530 ct

56 5570 160 5642 gratia
173 5569 276 5631 tribuit
285 5573 410 5630 donum.
425 5571 512 5630 Ntrlto
527 5577 671 5647 tempore,
683 5578 800 5631 centnm
812 5576 888 5631 octo
938 5577 1008 5652 poet
1018 5567 1203 5649 potationem
1217 5563 1390 5635 incaluisset
1400 5576 1491 5632 mero,
1503 5563 1648 5653 pracepit
1660 5567 1770 5655 septen
