3832 6044
568 120 601 175 IN
622 118 876 178 anctasrnstat
896 120 1051 180 HOMILIAE
1070 123 1134 181 xix.
1573 170 1580 181 ,
1652 131 1701 185 150

79 242 222 316 tur,quod
231 257 268 300 ea
283 241 418 300 solumin
428 258 554 300 nmncro
567 260 671 301 eorum
685 261 814 301 commc-
833 249 856 302 Α
870 246 1026 320 adaperire
1041 262 1108 305 eam
1123 251 1151 303 et
1166 246 1366 314 manifestare,
1390 252 1422 304 nt
1445 247 1540 304 sciant
1553 248 1700 318 homines,

79 349 106 389 re
123 331 225 400 voluit,
241 349 310 407 quie
325 332 389 389 sola
418 349 522 389 sensus
549 334 646 392 carnis
661 335 818 408 praesentia
872 334 1017 407 quoniam
1031 334 1062 391 in
1086 335 1152 407 ipsa
1175 339 1219 391 est
1233 334 1301 392 vita.
1320 335 1377 392 Sed
1400 350 1456 392 nos
1477 333 1551 409 quid
1570 338 1701 391 smnus‘t

79 420 551 495 rehenditquasiillasolumnon
564 424 817 497 essevideatqure
873 424 1002 480 tenebrae
1025 424 1065 480 ad
1088 424 1186 479 lucem
1212 427 1243 480 ut
1266 424 1519 497 comprehendere
1537 423 1701 494 cogitemus

79 527 127 568 sse
135 511 283 578 videntur,
294 517 325 569 ut
335 528 373 568 nc
384 512 482 569 dicere
496 513 620 585 quidem
629 513 818 587 possit,qu0d
872 512 955 587 quod
973 511 1132 570 abscondit
1145 514 1223 568 Deus
1238 511 1277 569 ab
1291 511 1385 569 oculis
1399 511 1567 580 hominum,
1598 510 1701 569 amicis

79 601 148 657 >nod
162 605 215 671 est,
232 602 372 669 damasi,
388 602 551 674 pencnihit
566 609 629 661 est:
659 620 730 662 narn
745 619 819 676 pue-
873 602 934 658 suis
958 601 1089 659 revelare
1114 604 1260 657 secretum
1276 600 1427 673 sapientiae
1444 617 1516 657 sure.
1533 600 1609 667 Quid
1632 599 1701 657 faci-

79 707 120 748 tm
134 690 340 747 momentaita
350 707 440 748 cursu
450 691 556 748 festino
569 696 597 749 et
610 692 705 749 veloci
714 692 819 766 elapsu
873 708 942 748 mus
964 693 1044 749 nost
1069 693 1145 763 Ergo
1173 706 1235 746 non
1262 689 1475 746 meditabimur
1494 691 1523 747 in
1551 690 1700 748 mandatis

79 784 116 850 rt,
131 781 269 838 utetimn
285 780 321 838 de
339 797 370 837 se
394 781 582 854 loquentium
603 799 755 839 sermones
770 799 818 840 θιι-
873 782 1057 853 ejus,nequc
1072 777 1321 848 investigabimus
1351 778 1471 835 semitas
1499 777 1585 847 illius,
1615 783 1700 836 etre-

79 887 123 928 rre
138 887 199 927 non
216 871 340 944 possint.
350 874 424 928 Nam
435 871 490 928 etsi
502 871 664 945 aliquando
679 873 718 929 ab
732 873 819 930 inter·
872 871 1024 943 quiescere
1050 867 1157 943 poterit
1171 884 1222 925 cor
1243 870 1379 923 nostrum
1407 867 1502 923 donec
1523 867 1654 925 iuveniat
1669 870 1700 927 il-

80 965 112 1018 te
127 961 297 1017 secundum
316 960 391 1034 quid
414 963 491 1017 recte
515 960 574 1017 dici
601 961 704 1034 possit,
731 966 819 1032 θεῖα
873 961 944 1017 lam.
968 963 1094 1016 Tantum
1117 957 1189 1031 ipsis
1213 955 1401 1012 sermonibus
1424 972 1642 1028 persequamur
1667 959 1699 1014 il-

79 1050 186 1106 ndento
203 1055 304 1107 tamen
323 1065 441 1123 semper
458 1049 556 1106 verius
570 1050 686 1119 dicitnr,
712 1051 776 1120 fuit,
790 1056 819 1109 et
872 1050 934 1107 lam
949 1068 956 1105 ι
973 1052 1001 1105 et
1020 1048 1044 1103 si
1063 1047 1137 1104 iorte
1151 1044 1282 1102 inventio
1294 1044 1448 1101 ‹litieratm
1467 1049 1571 1117 pascat
1583 1044 1699 1103 interim

79 1144 110 1197 ιῖ.
124 1140 170 1196 Sic
180 1139 247 1212 ipsa
257 1139 448 1209 interrogatio
458 1139 685 1211 responsionem
695 1140 818 1214 quidem
872 1156 928 1196 nos
942 1136 1094 1212 inquisitio
1108 1135 1186 1192 illius
1201 1150 1291 1208 super
1305 1133 1425 1191 omnia:
1442 1132 1466 1189 si
1476 1133 1628 1190 inventam
1639 1151 1699 1191 non

82 1233 103 1298 t,
130 1245 197 1302 quar
212 1229 350 1285 nondum
366 1233 418 1285 θεῖ.
445 1229 503 1285 Sed
517 1229 672 1302 responsio
696 1230 818 1288 veniens
872 1243 1044 1303 possumus,
1061 1232 1161 1284 tamen
1182 1223 1339 1298 quaesitam
1363 1223 1536 1279 doceamus,
1563 1225 1635 1279 Eece
1650 1226 1700 1280 Ec-

80 1318 250 1389 ogationem
265 1335 326 1374 non
340 1317 461 1386 invenit,
477 1334 546 1391 quae
563 1319 628 1391 jam
639 1334 701 1375 non
716 1325 769 1378 cst.
786 1325 818 1378 ln
872 1318 1021 1376 clesiastes
1035 1321 1136 1373 noster
1148 1315 1304 1387 hucusque
1317 1313 1354 1369 de
1373 1328 1473 1368 rerum
1487 1311 1698 1368 multabilb'mn

80 1407 154 1477 gitur
163 1407 400 1464 consideratione
411 1407 468 1463 hoc
479 1407 576 1465 solum
587 1408 742 1481 quasinon
753 1426 817 1467 esse
872 1408 1001 1466 vanitate
1015 1405 1171 1479 disputans
1185 1402 1269 1459 brevi
1285 1416 1421 1458 sermone
1437 1405 1496 1457 tam
1510 1400 1604 1457 multa
1619 1417 1698 1456 com-

83 1496 170 1570 qnod
185 1496 284 1554 solum
298 1513 363 1553 csse
378 1496 503 1554 videtur.
516 1497 590 1564 Quia
600 1498 675 1554 dum
687 1498 776 1555 simul
790 1505 818 1557 et
872 1498 977 1573 plexus
991 1499 1045 1562 est,
1065 1493 1142 1551 utin
1156 1491 1212 1548 illis
1228 1491 1292 1563 ejus
1308 1489 1405 1547 verbis
1428 1490 1485 1546 hoc
1504 1488 1592 1546 nobis
1611 1488 1698 1546 mira-

80 1585 169 1660 ncipit
183 1603 220 1643 θιι
235 1603 270 1643 θθ
281 1588 364 1660 quod
375 1588 573 1656 nondumest,
586 1593 614 1645 ct
623 1605 688 1645 esse
702 1588 818 1646 desinet
836 1598 856 1652 Β
871 1589 929 1644 bile
944 1589 1098 1659 appareat,
1108 1585 1265 1656 quopecto
1279 1584 1373 1637 totum
1386 1583 1414 1636 θῖ
1428 1578 1465 1635 dc
1480 1581 1541 1635 toto
1550 1579 1698 1647 totum,ite

80 1676 163 1750 quod
176 1677 240 1748 jam
260 1681 377 1734 nonest
392 1695 398 1744 ;
413 1693 490 1751 pene
504 1677 643 1747 nihilest,
664 1679 748 1752 quod
762 1683 815 1737 est.
870 1679 984 1735 dictum
998 1676 1044 1743 sit,
1059 1677 1090 1730 ut
1100 1673 1140 1730 ad
1153 1671 1328 1729 brevitatem
1340 1669 1464 1743 quidem
1485 1667 1559 1725 nihil
1571 1667 1672 1725 minus
1689 1688 1696 1738 ;

80 1765 145 1824 irco
157 1767 596 1842 nequaquaminterroga,quid
611 1769 647 1826 sit
656 1768 740 1842 quod
750 1769 817 1826 est?
871 1769 910 1825 nd
924 1764 1104 1824 evidentiam
1116 1777 1187 1820 vcro
1197 1759 1271 1817 nihil
1278 1759 1407 1833 amptius
1421 1757 1583 1815 dicendum
1597 1758 1698 1816 videa·

80 1860 102 1913 et
118 1856 219 1928 ipsum
238 1857 446 1927 interrogantis
462 1864 505 1914 est
518 1859 710 1933 respondenti
722 1874 817 1933 qnan-
870 1865 927 1915 tur.
945 1855 1001 1915 Sed
1015 1855 1073 1912 hoc
1087 1851 1233 1925 sapientia
1247 1849 1313 1906 tecit
1327 1865 1395 1922 quoe
1405 1848 1437 1905 in
1451 1852 1512 1906 toto
1532 1851 1592 1906 tota
1604 1851 1657 1917 est,
1669 1852 1698 1905 et

80 1962 96 2000 s
115 1945 265 2018 proximo,
289 1946 344 2002 init
355 1947 429 2017 jam,
450 1950 479 2003 et
496 1951 625 2004 nonest.
644 1950 730 2005 Recte
744 1963 816 2019 ergo
870 1950 901 2006 in
916 1945 1040 2018 singulis
1062 1948 1132 2001 tota.
1148 1945 1206 1999 Nec
1230 1941 1261 1997 in
1284 1939 1407 2010 singulis
1423 1942 1483 1995 tota
1502 1938 1695 2007 contrahitm·,

80 2051 111 2090 r:
131 2033 209 2100 Quid
223 2038 266 2091 est
280 2034 364 2108 quod
378 2034 455 2092 fuit?
470 2039 571 2109 ipsum
585 2037 668 2110 quod
682 2037 816 2095 futurum
869 2036 977 2094 necin
998 2036 1133 2092 totototo
1154 2029 1310 2095 dilatatur,
1339 2027 1392 2083 scd
1417 2030 1499 2083 tanta
1523 2025 1554 2082 in
1572 2025 1697 2096 singuiis

80 2123 132 2180 uid
147 2124 408 2197 estquodiactnm
421 2126 485 2181 est?
500 2128 600 2198 ipsum
614 2126 815 2198 quodiacicn·
870 2128 985 2200 quanta
1006 2121 1038 2180 in
1051 2125 1123 2189 toto,
1139 2119 1211 2176 etin
1227 2121 1287 2174 toto
1303 2114 1367 2173 telis
1386 2113 1484 2189 qualis
1498 2117 1560 2171 tota
1582 2113 1613 2169 in
1638 2112 1697 2169 sin-

80 2216 127 2270 ιεῖ.
141 2216 182 2269 Αθ
197 2213 221 2268 si
235 2213 367 2271 diceret:
391 2216 433 2270 Ex
446 2214 663 2287 preteritorum
681 2217 816 2273 conside·
871 2214 957 2288 gulis,
972 2212 1045 2287 quia
1063 2225 1118 2267 nec
1141 2206 1240 2265 unitas
1254 2205 1353 2263 minor
1371 2219 1402 2261 se
1424 2220 1488 2260 osse
1512 2204 1618 2276 potest,
1640 2219 1696 2259 nec

81 2302 570 2376 eperpendite,quiddebeatisde
584 2305 815 2378 supervenienti·
869 2302 1055 2363 immensitas
1081 2299 1188 2372 major.
1217 2301 1285 2370 ipsa
1316 2309 1387 2365 ergo
1414 2292 1560 2368 sapientia
1584 2293 1615 2349 in
1637 2293 1695 2350 hoc

80 2395 222 2464 spectare,
238 2392 320 2448 idem
334 2392 415 2449 enim
429 2397 473 2450 θεῖ
488 2397 657 2466 utrumque.
683 2395 815 2468 nequod
867 2394 952 2453 brevi
973 2390 1120 2450 sermonis
1144 2402 1268 2460 corpore
1291 2387 1384 2442 totam
1412 2381 1608 2441 universitatis
1633 2381 1694 2438 eiti-

80 2481 184 2554 tquod
196 2481 331 2538 futurum
346 2487 399 2538 est.
412 2482 498 2549 Quod
508 2481 620 2538 iactum
630 2487 684 2552 est,
693 2487 721 2540 et
731 2484 814 2557 quod
868 2486 948 2558 giem
957 2479 1110 2555 expressit,
1125 2481 1157 2534 ut
1172 2475 1257 2551 parvi
1270 2474 1302 2531 in
1317 2488 1409 2547 parvo
1427 2487 1573 2543 magnum
1595 2470 1695 2529 videa-

81 2567 155 2625 dum
166 2575 219 2625 est.
230 2569 373 2638 idemest,
384 2586 446 2626 non
461 2571 814 2645 peressentinm,sedper
868 2590 946 2640 mus,
973 2569 1045 2644 quia
1065 2568 1096 2624 in
1111 2565 1209 2639 seipso
1229 2567 1324 2620 totum
1338 2577 1400 2619 non
1414 2576 1586 2634 possumus.
1607 2563 1640 2619 Et
1654 2561 1695 2618 vi·

81 2656 169 2715 rilem
183 2663 333 2716 naturam.
346 2659 431 2726 Quod
446 2659 526 2716 enim
540 2659 813 2734 inittquentumad
867 2663 967 2720 dimus
991 2658 1048 2716 illic
1072 2661 1168 2713 totum
1191 2652 1352 2720 mundum,
1374 2654 1403 2708 et
1424 2646 1602 2720 agnovimus
1625 2667 1694 2708 vere

81 2752 92 2804 t
113 2748 199 2820 quod
223 2748 336 2806 iactum
360 2753 403 2806 est
426 2749 585 2822 (quantum
607 2750 647 2805 ad
670 2750 811 2823 actiones)
866 2751 1073 2809 universorum
1087 2743 1161 2802 nihil
1179 2757 1243 2800 esse
1264 2740 1348 2814 quod
1371 2743 1502 2811 maneat,
1527 2738 1579 2797 sed
1601 2738 1694 2796 fluere

81 2852 142 2911 que
154 2837 332 2910 pertransiit.
350 2841 455 2894 Etnon
466 2839 586 2910 estjam
599 2838 646 2896 vel
658 2840 742 2912 quod
753 2840 812 2897 iac·
866 2860 901 2901 ae
914 2837 1092 2915 pertransire
1114 2832 1217 2890 omnia
1231 2847 1299 2905 quae
1323 2829 1380 2885 sub
1402 2828 1463 2886 solo
1483 2831 1561 2897 sunt,
1578 2844 1692 2887 veram·

81 2929 112 2983 ιῖ.
131 2926 270 2983 Similiter
293 2928 374 3001 quod
398 2926 532 2984 futurum
555 2932 599 2984 cst
617 2928 648 2985 in
662 2928 762 2998 robus,
784 2934 813 2987 et
831 2949 924 3007 eque
938 2918 1693 2994 constaresententiam,quodomniavanitas.Nunc

81 3014 248 3074 iaciendum
262 3021 306 3073 est
319 3016 350 3072 in
362 3017 637 3086 actionibus,totum
651 3018 809 3090 pertransi·
864 3038 935 3094 ergo
948 3023 1110 3094 postquam
1133 3011 1221 3071 nobis
1241 3008 1457 3067 demonstravit
1471 3008 1571 3082 qualia
1586 3008 1643 3065 sint
1658 3025 1693 3066 ea

91 3120 155 3162 non
170 3105 224 3162 erit
238 3105 352 3178 aliquid
374 3106 430 3163 sub
445 3105 506 3163 sole
521 3111 710 3180 perpetuum.
727 3108 809 3165 Unde
864 3127 932 3185 qum
953 3107 1113 3166 nobiscum
1132 3103 1210 3160 iacta
1231 3104 1310 3168 smrt,
1335 3099 1439 3155 transit
1460 3103 1491 3154 ut
1509 3099 1615 3156 doceat
1636 3115 1691 3155 nos

81 3195 147 3261 luia
161 3194 268 3251 eadem
279 3199 322 3252 cst
337 3195 467 3253 conditio
477 3196 704 3269 preteritorum,
720 3202 748 3254 et
762 3213 810 3254 eo·
863 3199 938 3275 quid
952 3196 1060 3255 sentire
1082 3192 1258 3258 debeamus,
1273 3193 1325 3245 aut
1338 3191 1509 3261 exspectare
1525 3186 1562 3242 de
1575 3188 1610 3242 iis
1622 3203 1690 3260 quie

81 3299 134 3355 noe
149 3282 250 3341 tuturo
264 3290 342 3352 sunt,
367 3290 396 3342 et
414 3291 522 3342 natura
541 3285 712 3343 consimilis.
733 3286 810 3343 Nihil
863 3287 984 3348 anobis
1006 3286 1092 3342 fiunt.
1117 3280 1192 3348 Quia
1206 3279 1230 3335 si
1242 3278 1273 3335 id
1287 3293 1409 3351 quoque
1433 3276 1556 3334 vanitati
1576 3277 1691 3347 subjec-

81 3387 188 3430 torum
201 3377 246 3429 cst
259 3374 316 3430 sub
336 3374 407 3441 sole,
424 3391 479 3430 nec
499 3374 576 3431 valet
590 3375 752 3448 quisquam
767 3375 809 3431 di·
862 3384 927 3437 tum
942 3372 1081 3449 estquod
1094 3375 1171 3429 Deus
1185 3368 1262 3437 tecit,
1282 3367 1414 3424 dubitari
1426 3381 1489 3423 non
1510 3371 1607 3441 potest
1627 3384 1690 3424 om·

81 3465 152 3520 Ecce
174 3464 232 3520 hoc
248 3468 419 3532 recensest,
434 3464 594 3521 tamenim
614 3464 764 3538 praecessit
776 3465 808 3522 in
863 3469 934 3525 nino
953 3480 1066 3524 vanum
1088 3477 1161 3529 esse,
1178 3462 1207 3516 ct
1219 3457 1314 3516 multo
1340 3456 1438 3529 magis
1460 3472 1582 3526 vanum,
1607 3457 1690 3532 quod

81 3568 179 3626 equae
190 3552 310 3611 inerunt
325 3558 392 3611 ante
405 3570 470 3611 nos.
487 3556 519 3610 Et
533 3554 604 3627 quia
620 3553 722 3610 similis
739 3570 808 3611 con·
862 3559 955 3616 homo
978 3554 1095 3613 vanitas
1121 3551 1199 3609 iacit.
1216 3552 1274 3605 lloc
1290 3552 1333 3605 est
1347 3547 1430 3622 quod
1444 3546 1537 3605 modo
1561 3547 1689 3621 ingredi-

81 3645 121 3711 st;
138 3657 210 3711 ergo
220 3642 295 3699 sicut
308 3643 465 3715 praeterita,
478 3643 520 3699 sic
534 3642 678 3700 etfutura.
691 3646 724 3700 Et
735 3659 808 3716 qua·
862 3647 941 3704 ditur
954 3646 1160 3703 demonstrare
1170 3638 1272 3697 omnia
1282 3637 1418 3695 videlicet
1427 3652 1520 3712 opera
1530 3638 1688 3695 homnium

82 3731 665 3805 tputasipsapraetcrita‘trtudiqualia:
679 3735 805 3802 Nouest,
861 3753 930 3810 qum
958 3735 1015 3792 suh
1040 3732 1101 3791 sole
1123 3731 1199 3788 fiunt
1222 3744 1302 3787 vana
1323 3744 1397 3797 csse,
1418 3731 1447 3786 et
1464 3727 1538 3785 nihii
1559 3728 1688 3802 amplius

92 3819 232 3893 priorum
241 3820 396 3878 memoria.
411 3824 487 3892 Ergo
497 3835 558 3877 non
570 3821 667 3878 solum
678 3837 807 3894 presen—
860 3825 972 3884 hebere
993 3823 1147 3881 hominem
1160 3821 1198 3877 de
1217 3819 1358 3877 universo
1379 3817 1482 3876 labore
1506 3833 1634 3891 suoque
1648 3819 1688 3876 la·

82 3924 139 3967 um
155 3908 274 3966 interitu
288 3909 405 3966 sublata
428 3914 481 3978 est,
498 3909 550 3966 sed
568 3909 715 3967 memoria
732 3927 807 3984 qno·
859 3916 947 3974 horat
960 3914 1018 3972 sub
1033 3914 1104 3971 soie.
1122 3915 1156 3970 Ut
1174 3914 1274 3968 autam
1289 3926 1351 3967 suae
1366 3908 1520 3967 assertioni
1541 3907 1633 3965 fidem
1647 3908 1660 3964 f
1675 3941 1688 3951 -

82 3997 200 4056 divione
215 3999 312 4057 deleta
330 4003 383 4056 est.
404 4003 509 4070 Magna
532 4000 628 4058 ruina.
643 3999 723 4058 Tolia
738 4005 807 4058 sunt
861 4005 927 4072 ciat,
939 4003 1072 4076 seipsum
1083 4002 1114 4059 in
1129 3999 1301 4074 exemplum
1314 3999 1456 4074 proponit
1468 3999 1605 4056 omnium
1618 4015 1687 4074 quae

82 4105 179 4162 ,quae
201 4088 301 4146 sutura
314 4094 392 4146 sunt.
410 4093 485 4147 dam
504 4093 532 4146 et
550 4105 654 4146 eorum
669 4089 721 4163 qui
739 4096 807 4164 post
859 4093 993 4151 dicturus
1012 4096 1065 4160 est,
1081 4106 1217 4148 asserens
1232 4106 1264 4147 se
1279 4091 1386 4147 cuncta
1404 4105 1472 4163 quta
1494 4088 1625 4163 loquitm
1638 4107 1687 4149 ex·

82 4177 134 4234 ’,ιιιῖ
148 4183 227 4246 ειιιιῖ,
250 4194 311 4235 non
334 4178 387 4235 erit
407 4177 573 4236 recordatio
586 4178 668 4252 apud
681 4195 732 4235 cos
753 4179 806 4253 qui
859 4181 1026 4256 parimento
1045 4178 1184 4237 didicisse
1199 4194 1234 4236 ac
1246 4178 1392 4253 probasse
1414 4193 1496 4235 vera.
1520 4180 1554 4237 Et
1576 4178 1687 4237 idcirco

82 4266 200 4324 suntin
222 4267 397 4325 novissimo.
420 4270 553 4341 veraque
569 4267 713 4325 sententia
736 4272 780 4325 est
796 4287 802 4324 :
822 4311 846 4366 D
859 4271 950 4329 talam
963 4269 1105 4344 proponit
1115 4283 1202 4325 suam
1214 4282 1385 4341 personam,
1400 4271 1432 4323 ut
1443 4282 1505 4323 non
1514 4265 1686 4326 incredibile

82 4355 284 4427 svanitatmn,
308 4356 425 4417 vanitas
440 4357 616 4427 vanitatum,
645 4361 675 4416 et
700 4356 803 4417 omnia
858 4361 995 4418 videatur
1008 4360 1117 4417 harum
1138 4372 1239 4414 rerum
1265 4356 1401 4413 omnium
1417 4371 1487 4412 cum
1503 4357 1687 4428 experimen·

857 4455 922 4508 tum
949 4448 1061 4507 habere
1084 4446 1226 4521 potuisse.
1250 4448 1408 4518 Propterea
1435 4444 1567 4518 potentia
1592 4450 1620 4501 et
1643 4445 1685 4501 di-

282 4546 426 4602 HOtttth
444 4549 489 4603 til.
857 4540 1002 4613 gnitatem
1025 4553 1112 4596 suam
1135 4537 1321 4593 demonstrat
1346 4549 1396 4590 rex
1419 4535 1508 4592 israel
1530 4535 1562 4591 in
1587 4535 1686 4593 Hieru-

82 4632 123 4690 do
137 4633 331 4691 Ecctestostes
344 4634 449 4703 probet
460 4648 518 4704 per
531 4649 585 4690 suo
601 4649 691 4704 (picra
703 4635 802 4692 ornato
857 4629 961 4686 salem.
977 4622 1161 4700 Sapientiam
1184 4640 1306 4698 qnoque
1327 4623 1464 4683 ostendit.
1489 4627 1522 4683 Et
1545 4628 1684 4699 praecessi

82 4719 422 4776 'rumperavffltbwm
432 4706 782 4778 predictorumepitopo.
857 4716 1003 4791 sapientia
1025 4730 1131 4772 omnes
1156 4713 1208 4787 qui
1231 4713 1352 4771 inerunt
1375 4718 1443 4772 ante
1464 4731 1512 4772 me
1534 4715 1564 4772 in
1584 4717 1684 4774 Hieru-

84 4803 287 4861 Ecctesiostes
303 4804 355 4875 sui
372 4819 428 4861 rea
440 4803 537 4862 lsroet
550 4810 578 4860 et
592 4805 781 4862 Hierusalem
790 4821 802 4862 .·
857 4807 961 4865 salem.
983 4805 1104 4865 Divitias
1125 4807 1290 4872 enumerat,
1309 4802 1427 4874 domos,
1442 4804 1555 4875 vimas,
1570 4807 1682 4878 hortos,

82 4894 172 4964 posui
181 4893 212 4950 ιἰι
226 4893 325 4951 animo
339 4909 403 4951 meo
425 4909 558 4966 querere
571 4900 598 4950 θῖ
624 4895 803 4965 investigare
856 4895 1003 4971 pomaria,
1020 4894 1159 4969 piscinas,
1176 4909 1288 4963 servos,
1304 4894 1435 4964 ancillas,
1452 4902 1597 4969 armenta,
1620 4914 1684 4969 grc-

83 4998 122 5040 er
135 4983 173 5040 de
195 4983 329 5039 omnibus
352 4999 417 5055 qua
441 4985 518 5054 fiunt
546 4985 616 5041 sote.
645 4984 802 5042 Sermones
857 5004 918 5059 ges,
935 5003 1053 5055 aurum,
1068 4989 1236 5058 argentum.
1252 4987 1403 5043 Postremo
1417 4988 1540 5061 nequid
1555 4990 1684 5048 defuisse

83 5070 153 5129 ium
194 5076 224 5130 ct
254 5072 415 5142 enigmata
455 5089 558 5131 eorum
599 5074 731 5143 scrutari,
773 5073 802 5131 ot
855 5081 984 5152 putetur,
1008 5077 1113 5134 luxum
1136 5090 1260 5150 quoqne
1286 5079 1315 5132 et
1337 5075 1521 5149 voluptatem
1536 5079 1681 5149 adjungit.

83 5178 122 5219 ne
136 5161 316 5220 intrinsecus
330 5163 507 5221 abscondita
521 5168 549 5220 et
570 5163 722 5237 sapientire
736 5163 801 5220 dul-
855 5170 1005 5237 cantores,
1019 5166 1193 5225 cantatrices
1207 5165 1681 5224 etdeliciasfiliorumhominum:

83 5268 104 5309 ιι
120 5250 162 5308 ad
185 5257 305 5322 gustum
326 5253 439 5322 elicere,
465 5253 654 5327 speciemque
681 5255 746 5326 ejus
768 5255 800 5311 in
855 5262 883 5314 et
906 5257 1017 5326 omnia,
1042 5257 1148 5331 inquit,
1172 5273 1242 5330 quae
1262 5254 1508 5313 desideraverunt
1523 5253 1601 5309 oculi
1623 5256 1682 5312 mci

89 5341 226 5416 proferre
238 5343 306 5415 quis
320 5347 426 5416 potens
440 5344 507 5401 est?
533 5344 633 5402 Scribo
648 5344 755 5402 doctus
768 5344 799 5403 in
853 5363 915 5404 non
938 5348 1047 5420 negavi
1075 5348 1132 5418 eis,
1158 5360 1214 5405 noc
1238 5343 1379 5417 prohibui
1402 5360 1454 5400 cor
1479 5360 1581 5400 meum
1609 5346 1682 5418 quin

83 5430 218 5489 italorum
235 5434 288 5504 qai
305 5434 427 5504 profert
450 5434 487 5491 de
500 5434 640 5492 tbesotuu
653 5451 707 5492 suo
721 5451 799 5494 nouo
853 5437 936 5494 omni
960 5437 1113 5495 voluntate
1142 5451 1197 5492 sua
1224 5434 1370 5490 frueretur
1394 5433 1424 5488 iu
1447 5433 1482 5489 iis
1505 5450 1573 5507 quae
1596 5451 1682 5508 para·

83 5536 121 5580 ro
150 5522 270 5590 (Μαῖῖῖι.
294 5528 366 5591 ιιιιι),
392 5523 417 5578 si
441 5524 529 5582 nohis
553 5524 701 5593 adveniat,
730 5541 799 5584 ecce
852 5543 966 5585 veram.
983 5529 1017 5586 Et
1030 5527 1062 5584 in
1077 5527 1112 5584 iis
1122 5523 1264 5582 omnibus
1276 5522 1442 5598 peremnia
1454 5540 1556 5584 rerum
1569 5528 1682 5600 experi-

83 5611 94 5673 i
116 5610 203 5673 dedit
216 5614 295 5671 [teus
317 5612 495 5687 sapientiem
520 5618 550 5676 et
572 5613 799 5690 intelligentiam
852 5616 1156 5687 menteomcurrisee,
1170 5612 1305 5691 nihilque
1319 5628 1351 5673 se
1365 5616 1683 5691 protervamtatcmet
