3832 6044
57 110 127 163 {105

398 106 575 163 Exeasma
596 109 628 163 tu
649 107 834 163 HIERARCH.
855 105 1012 162 COELEST.
1034 106 1062 162 S.
1084 107 1244 163 ntoutsu.
1265 137 1300 146 —
1319 107 1383 161 ΗΒ.
1400 107 1441 161 lx.
1488 170 1491 175 ,

1696 105 1766 159 libb

54 229 169 284 scrnrtis
184 229 317 285 essentiis
343 230 473 287 scelestes
493 232 617 293 uirtutes
632 234 787 287 uocantur.
809 227 888 282 Dici·
902 250 925 302 Α
944 229 1225 301 n10d0.›l)ignum‚
1240 233 1345 305 inquit,
1365 228 1587 298 estintclligere
1610 228 1705 300 cujus,
1722 242 1771 282 su·

56 322 234 374 messaniam
260 318 341 390 qrtod
362 322 559 377 eorrtmuniter
583 318 759 375 inomnibus
775 321 889 372 retentes

55 408 220 463 celestium
231 409 435 466 nominatione
448 411 603 479 virtutum,
617 424 676 465 reon
688 407 889 477 consissionem

54 496 220 566 quanedom
242 498 477 568 uniuscujusque
499 497 699 566 dispositionis
721 494 890 566 proprieta-

56 589 120 639 tum
136 583 380 656 introducimus;
404 586 464 657 sed,
480 592 551 656 qesta
567 587 598 641 in
623 586 683 642 tria
711 585 891 642 diuiduntur

56 674 219 730 recaredum
235 688 265 730 se
278 676 523 744 supermundana
552 677 670 732 ratione
683 689 782 732 omnies
796 674 893 730 dicuni

56 764 238 835 intellectus,
254 765 285 819 in
300 769 465 837 essentiam,
482 771 509 821 et
534 766 684 832 virtutem,
704 772 732 820 et
747 763 891 834 operatio-

57 869 136 925 nem,
150 868 216 909 eune
240 854 331 909 simut
345 869 454 921 onrnes,
471 860 524 910 aret
539 869 639 910 eorum
655 854 798 926 quasdam
809 851 890 908 inob-

57 949 174 1000 servate
188 943 318 1000 eoebstes
342 944 495 1015 essentias,
517 949 571 1000 aut
595 945 725 1000 certesies
753 957 890 998 coeamus

58 1036 194 1100 virtutes,
200 1031 447 1102 periphrasticos,
460 1033 613 1104 dequibus
628 1048 722 1089 sermo
736 1035 788 1098 est,
799 1030 891 1101 siqni-

56 1124 153 1193 fieare
167 1138 220 1178 nos
243 1122 484 1190 aestimandum,
501 1138 539 1179 ea
552 1138 597 1191 ea,
609 1137 676 1194 quta
686 1137 744 1191 per
758 1121 891 1191 sinputos

59 1228 162 1268 eorum
177 1216 229 1279 est,
245 1213 370 1268 essentia
394 1215 442 1269 cet
456 1213 575 1269 uirtute.
591 1212 781 1283 Nequeenim
792 1224 893 1279 super·

56 1302 187 1370 positam
213 1302 426 1371 proprietatem
440 1301 535 1371 sorite
550 1307 592 1357 est
611 1302 677 1371 jam
693 1317 712 1358 a
736 1299 819 1356 nobis
834 1299 892 1354 des-

60 1396 213 1446 cretarum
226 1395 400 1446 sanctarum
415 1391 561 1446 virtutum
589 1389 753 1445 ruinoribus
772 1388 892 1444 ornnina

59 1486 220 1536 annectere
233 1481 364 1536 essentiis
376 1480 408 1535 in
424 1481 614 1536 conversione
623 1479 791 1548 inconfusae
805 1493 893 1548 aripe-

943 317 1085 376 bauditur
1099 323 1150 389 rei,
1164 323 1259 390 gratia
1270 338 1374 377 ‹imnes
1386 320 1480 375 diuini
1493 317 1657 374 intellectus
1668 315 1768 371 eoeles-

944 411 985 462 tes
1000 411 1121 465 virtutes
1140 412 1344 478 nominantur,
1372 426 1441 466 eum
1460 407 1542 464 nullo
1561 405 1653 464 modo
1673 406 1770 462 nomi·

943 502 1051 553 nentm·
1059 500 1220 572 seraphim,
1237 504 1265 555 et
1279 501 1387 568 throni,
1403 502 1431 554 et
1445 498 1769 562 alamannicarum,

943 587 1025 659 quod
1039 587 1137 658 angeli
1160 591 1362 657 nominantur,
1378 590 1490 645 mirum
1503 603 1565 643 non
1580 590 1624 642 cst
1635 585 1707 658 quia
1720 598 1772 640 an·

944 676 1001 746 geli
1016 677 1113 734 ultimi
1126 685 1204 751 sunt,
1220 685 1249 737 et
1273 697 1376 736 eorum
1390 681 1555 754 proprietas
1577 693 1595 734 a
1614 673 1772 750 superiori-

943 766 1001 822 bus
1016 769 1435 843 participaturuniversaliter.
1448 773 1507 825 Hoc
1520 772 1573 833 est,
1587 765 1670 839 quod
1681 764 1769 830 dicit:

944 878 957 905 «
974 859 1116 914 Extrema
1131 860 1253 927 anim,›
1278 859 1456 915 subauditur
1477 858 1623 923 essentiae,
1650 859 1683 912 ut
1704 855 1773 908 sunt

943 945 1052 1015 angeli,
1064 965 1080 998 e
1096 948 1279 1020 participatae
1294 952 1364 1003 scint
1382 948 1420 1002 ah
1440 945 1650 1002 excelsissimis
1659 942 1773 1020 virtuti-

943 1033 1000 1108 bus
1017 1057 1030 1084 »
1045 1036 1077 1090 in
1103 1037 1244 1092 omnihus
1267 1036 1499 1110 proprietatibus
1528 1036 1605 1101 suis;
1630 1032 1682 1088 sed
1710 1047 1772 1088 non

944 1125 1025 1178 enim
1039 1123 1167 1193 diversa,
1182 1127 1370 1198 superiorum
1385 1125 1580 1197 proprietates
1600 1119 1639 1176 ad
1654 1118 1773 1175 infcrio-

944 1227 1012 1269 rum
1027 1213 1285 1287 participationem
1307 1212 1512 1270 universaliter
1537 1212 1671 1267 veniunt.
1685 1211 1775 1280 Prop-
1847 1277 1850 1281 .

946 1304 1024 1358 terea
1039 1306 1150 1359 mirum
1163 1310 1207 1361 est
1230 1305 1384 1377 quomodo
1397 1302 1504 1372 angeli,
1534 1305 1562 1358 et
1575 1302 1628 1373 qui
1642 1303 1710 1356 ante
1722 1313 1775 1354 an·

946 1389 1027 1460 gelos
1043 1396 1121 1459 sunt,
1145 1392 1328 1463 archangeli,
1345 1396 1374 1449 et
1394 1392 1590 1464 principatus,
1606 1392 1634 1444 et
1646 1389 1775 1460 potesta·

945 1483 989 1535 tes
1002 1496 1113 1538 nomen
1127 1483 1271 1539 virtutum
1297 1485 1462 1550 assumunt,
1482 1496 1551 1535 eum
1572 1493 1633 1534 non
1656 1475 1776 1550 partiei-

61 1570 188 1626 tieorum
205 1575 367 1625 ornatuum
382 1570 591 1626 ordinationis.
614 1571 710 1625 dante
725 1569 802 1624 enim
817 1581 928 1652 sapeB
946 1573 1018 1641 pent
1032 1572 1243 1643 proprietatem
1260 1590 1267 1639 ;
1294 1572 1365 1644 quia
1380 1597 1393 1622 u
1409 1574 1477 1644 post
1504 1571 1626 1625 virtutes
1645 1565 1684 1622 ab
1708 1567 1777 1638 ipsa

60 1673 81 1714 a
95 1657 178 1713 nobis
193 1662 272 1714 recte
295 1657 442 1714 redditam
457 1659 602 1714 rationem
619 1659 691 1727 ipsa
714 1656 832 1728 quidem
846 1670 893 1710 su·
947 1659 1097 1729 theologia
1112 1661 1241 1717 ordinati
1255 1666 1333 1729 sunt,
1346 1681 1361 1714 s
1375 1661 1404 1717 id
1419 1665 1462 1716 est
1477 1676 1494 1716 a
1507 1659 1611 1714 diviua
1625 1657 1776 1734 Scriptura

54 1747 245 1817 perfirmata
258 1746 463 1816 dispositionis
477 1746 669 1803 abundanter
680 1745 788 1802 babent
801 1745 893 1800 mino-
946 1751 1014 1818 post
1032 1749 1151 1804 virtutes
1166 1749 1296 1805 ordinati
1311 1749 1487 1805 referuntur.
1504 1751 1536 1803 Et
1549 1751 1649 1802 tumen
1664 1764 1679 1797 α
1695 1743 1777 1800 simi-

60 1852 130 1891 rum
141 1835 230 1892 etiam
245 1850 348 1891 saeros
358 1837 561 1906 proprietates
571 1851 583 1906 ,·
598 1836 710 1891 ultima
725 1835 893 1903 oerorrtajo
945 1834 1011 1891 liter
1025 1853 1094 1893 eum
1110 1836 1175 1893 aliis
1191 1841 1301 1895 sanetis
1318 1840 1452 1895 essentiis
1479 1839 1623 1892 uocantur
1647 1850 1665 1891 a
1686 1833 1776 1890 nobis

60 1941 130 1981 rum
144 1926 347 1994 superpositas
358 1926 566 1982 universitates
583 1940 641 1980 non
658 1923 778 1994 babent,
796 1923 894 1992 parti·
947 1925 1079 1981 scelestes
1094 1928 1227 1984 virtutes.
1247 1949 1256 1978 ι

59 2013 210 2069 culariter
232 2014 263 2067 in
278 2027 326 2069 eus
337 2015 437 2082 prima
461 2012 679 2083 apparentibus
697 2011 893 2067 illuminatio-

59 2101 149 2156 nibus
159 2115 218 2170 per
232 2101 350 2169 primus
366 2101 638 2170 proportionaliter
659 2101 699 2155 cis
712 2098 891 2155 distributis.

384 2191 572 2247 nieustria.

100 2276 253 2335 Undecimi
263 2276 368 2350 eapitis
383 2277 484 2334 titilius
499 2282 543 2334 est
559 2297 565 2334 :
582 2280 677 2344 Quare
688 2292 793 2333 omnes
809 2276 894 2332 cerle-

61 2375 122 2426 stes
136 2367 270 2424 essentiae
300 2367 500 2424 communiter
523 2369 645 2424 virtutes
658 2371 812 2424 vocantur.
829 2368 893 2422 llaec

61 2463 107 2515 est
120 2457 244 2531 quaestio
258 2475 265 2512 :
283 2460 357 2513 Cum
371 2472 451 2513 unus
466 2461 581 2514 tantum
596 2458 670 2513 ordo
683 2457 712 2512 in
724 2454 893 2513 caelestibus

61 2545 215 2620 spiritibus
237 2545 360 2602 virtutes
380 2549 513 2613 vocetur,
529 2562 622 2618 quare
638 2546 695 2602 hoc
710 2544 892 2602 vocabulum

61 2633 204 2690 omnibus
215 2635 413 2691 communiter
424 2634 579 2691 tribuatur.
592 2634 665 2691 Dicit
679 2639 779 2691 autem
794 2652 801 2690 :

984 2018 1143 2087 Sequitur:
1161 2018 1320 2072 «Dicimus
1340 2021 1451 2087 numm,
1480 2014 1564 2088 qtrod
1578 2013 1777 2070 communiter

947 2105 978 2158 in
992 2105 1135 2161 omnibus
1152 2110 1266 2163 utentes
1290 2105 1454 2162 caelestium
1469 2104 1675 2160 nominatione
1687 2101 1778 2156 virtu·

948 2196 1022 2260 tum,
1039 2209 1099 2249 non
1125 2194 1332 2250 contusionem
1352 2194 1518 2267 quamdam
1540 2191 1778 2262 uniuscujusque

948 2280 1154 2354 dispositionis
1167 2285 1384 2355 proprietatum
1409 2283 1668 2338 introducimus.»
1692 2276 1778 2336 blodo

948 2368 1034 2425 solvit
1047 2373 1244 2441 quaestionem
1260 2371 1623 2442 quarenomenvirtutum
1633 2365 1778 2422 inferiori·

947 2457 1005 2513 bus
1032 2458 1189 2515 ordinibus
1204 2459 1362 2515 tribuatur.
1390 2459 1563 2525 «Dicimus,
1583 2457 1691 2530 inquit,
1705 2454 1780 2527 quia

947 2560 1003 2601 nos
1013 2551 1127 2604 utentes
1140 2548 1345 2605 nominatione
1356 2548 1520 2604 scelestium
1527 2548 1680 2612 virtutum,
1697 2556 1778 2598 com·

905 2681 909 2687 ,
948 2637 1077 2691 muniter
1092 2637 1183 2692 etiam
1197 2634 1350 2703 omnibus,
1361 2650 1423 2690 non
1431 2635 1613 2701 inducimus,
1630 2630 1779 2688 conlusio

100 2747 113 2773 u
130 2721 176 2778 llis
200 2727 300 2779 autem
315 2722 454 2792 delinitis,
481 2722 555 2779 illud
581 2723 707 2793 dignum
730 2721 891 2791 intelligere
947 2736 1016 2780 nem
1028 2724 1162 2797 aliquam
1188 2726 1404 2798 proprietatum
1428 2723 1665 2796 uniuscujusque
1678 2719 1780 2791 dispo·

61 2815 187 2879 opertet,
203 2811 242 2867 ob
262 2827 354 2885 quam
369 2827 493 2869 calisam
517 2827 621 2867 omues
637 2811 768 2868 similiter
781 2809 891 2879 angeli·
946 2815 1073 2886 sitionis,
1088 2833 1103 2867 ›
1119 2814 1210 2869 idest
1227 2830 1281 2888 per
1294 2814 1351 2870 hoe
1379 2812 1462 2886 quod
1484 2828 1595 2869 nomen
1616 2821 1777 2867 commune

61 2917 114 2956 cas
135 2900 278 2956 essentias
304 2901 426 2957 virtutes
450 2899 584 2957 scelestes
611 2916 718 2957 vocare
738 2898 892 2956 consucvi-
947 2901 1083 2969 iacimus,
1110 2903 1298 2959 discretionis
1322 2905 1535 2976 proprietatem
1546 2916 1608 2956 non
1623 2895 1779 2955 conlundi·

61 3006 142 3045 mus.
159 3008 174 3040 ›
191 2991 249 3044 liae
263 2988 374 3061 quippe
388 2988 514 3058 dignum
529 2988 719 3062 inquisitione
731 2992 793 3055 est;
819 2987 892 3060 quia
946 3007 1024 3047 mus.
1041 2991 1097 3047 Sed
1107 2992 1208 3063 potius
1220 2991 1343 3064 quando
1354 2990 1508 3046 inferiores
1523 2988 1644 3044 ordines
1656 2988 1778 3042 uirtutes

62 3093 126 3132 non
141 3093 209 3132 eam
219 3093 343 3132 eausam
355 3077 402 3134 hie
417 3093 481 3133 esse
494 3081 619 3145 constat,
630 3093 722 3150 quiam
737 3075 891 3133 reddimus
945 3082 1150 3148 nominamus,
1166 3095 1227 3135 non
1247 3078 1327 3136 illius
1349 3079 1462 3134 ordinis
1476 3078 1698 3150 proprietatem,
1721 3070 1775 3127 sed

61 3165 188 3238 quando
209 3180 314 3220 omnes
331 3165 463 3222 antestes
484 3167 636 3233 essentias,
659 3153 782 3236 angelos
806 3180 892 3221 roca·
947 3183 1140 3224 communem
1155 3169 1269 3223 eunctis
1283 3165 1649 3235 virtutemsigmlienmus.
1665 3164 1776 3218 Omnes

62 3272 132 3310 inus
149 3273 155 3310 :
171 3254 255 3327 quod
277 3253 386 3312 scilicet
408 3255 483 3312 ordo
504 3255 680 3326 angelorum
696 3255 816 3311 ultimus
831 3257 890 3309 est:
946 3259 1028 3312 enim
1042 3255 1307 3312 diviniintellcetus
1321 3257 1353 3311 in
1369 3253 1616 3319 triadividuntur,
1627 3251 1777 3306 noninter

62 3349 92 3400 ct
109 3344 176 3400 ideo
191 3353 303 3399 nomen
315 3344 380 3416 ejus
394 3345 433 3401 ad
448 3345 615 3420 superiores
636 3345 756 3401 ordines
768 3342 892 3402 assumi·
947 3363 988 3414 se,
1000 3345 1077 3402 alius
1093 3344 1206 3400 scilieet
1218 3344 1257 3399 ad
1271 3343 1375 3411 alium,
1389 3343 1441 3398 sed
1455 3341 1662 3415 unusquisque
1672 3350 1777 3394 seeun-

63 3439 119 3501 tur,
133 3434 206 3507 quia
221 3433 260 3489 ab
274 3433 316 3489 eis
330 3435 496 3508 proprietas
511 3435 575 3506 ejus
590 3435 784 3508 participatur
799 3453 805 3502 ;
819 3450 892 3506 quo
947 3437 1020 3492 dum
1034 3452 1075 3501 se,
1090 3434 1150 3489 sive
1175 3433 1205 3487 in
1221 3449 1262 3501 se,
1277 3431 1553 3505 «supermundana
1569 3430 1693 3495 ratione,
1714 3444 1729 3476 s
1744 3424 1777 3481 id

61 3523 145 3579 niam
164 3539 268 3580 omnes
294 3524 462 3597 superiores
483 3525 558 3581 sieut
572 3542 677 3583 amnes
699 3525 893 3599 proprietates
947 3522 1160 3597 estspirituali.
1188 3523 1273 3588 Quod
1298 3524 1379 3577 enim
1404 3520 1580 3577 dividuntur
1605 3534 1667 3574 non
1694 3515 1778 3572 fitex

62 3610 236 3667 interiorum
249 3611 439 3684 participant,
450 3612 490 3669 ita
503 3613 591 3670 etiam
614 3613 822 3670 convenienter
840 3612 893 3668 ali·
947 3614 1184 3671 consideratione
1196 3612 1338 3683 partium,
1352 3610 1403 3666 ubi
1413 3626 1475 3666 non
1490 3608 1666 3682 simplicitas
1679 3619 1779 3663 essen·

62 3700 187 3773 quaudo
202 3715 313 3757 nomen
326 3716 431 3758 eorum
446 3707 613 3759 assumunt.
630 3701 687 3760 Sed
702 3702 749 3758 hie
762 3701 894 3759 similiter
947 3707 1004 3771 tim,
1019 3703 1071 3758 sed
1096 3700 1258 3775 spiritualis
1272 3706 1316 3757 est
1330 3700 1477 3766 dzsneno,
1494 3699 1547 3754 ubi
1561 3714 1623 3754 non
1636 3701 1732 3753 totum
1746 3696 1778 3750 in

62 3790 161 3845 dicere
174 3805 236 3845 non
249 3806 420 3863 possumus.
434 3792 559 3864 quando
574 3807 679 3847 omnes
689 3791 822 3848 coelestes
838 3787 894 3861 spi·
947 3799 1056 3868 partes,
1073 3792 1125 3848 sed
1140 3795 1247 3848 natura
1260 3792 1438 3848 discernitur
1448 3791 1479 3844 in
1494 3789 1699 3862 proprietates.
1710 3787 1779 3839 Pos-

64 3877 138 3932 ritus
150 3877 270 3934 virtutes
291 3879 484 3935 nominamus
501 3898 508 3948 3
529 3879 612 3951 quia,
628 3897 697 3935 cum
711 3879 837 3952 quidum
848 3894 895 3933 or·
949 3888 996 3939 tea
1010 3881 1175 3953 subjungit,
1191 3880 1220 3936 in
1235 3897 1304 3954 quae
1319 3881 1374 3937 tria
1393 3879 1602 3951 unusquisque
1617 3875 1738 3948 spiritus
1748 3872 1780 3926 in

64 3965 151 4021 dines
165 3964 316 4024 inferiores
333 3968 390 4024 sint
413 3968 485 4042 ipsis
499 3967 667 4036 virtutibus,
683 3968 722 4022 illi
735 3968 811 4024 sieut
833 3982 896 4023 non
951 3989 981 4028 se
995 3971 1157 4038 dividatur,
1174 3993 1187 4019 α
1204 3971 1316 4028 seilicet
1328 3973 1357 4026 in
1369 3971 1540 4035 essentiam,
1554 3966 1741 4034 etvirtutem,
1751 3963 1781 4018 et

64 4054 245 4128 participant
266 4057 298 4113 in
315 4057 495 4131 proprietate
520 4056 718 4129 superiorum,
743 4056 783 4113 ita
807 4055 896 4112 etiam
951 4059 1166 4130 operationem.
1183 4075 1198 4108 s
1213 4060 1425 4113 inomnienim
1442 4058 1548 4129 spiritu
1563 4053 1781 4110 hactuasunt.

63 4139 192 4210 videtur,
207 4144 289 4217 quod
301 4144 331 4201 in
343 4145 491 4201 vocabulo
502 4144 679 4219 participare
687 4160 749 4200 non
757 4143 896 4200 debeant.
951 4147 1084 4201 Primum
1098 4144 1237 4211 essentia,
1253 4145 1358 4216 inqua
1373 4145 1506 4199 subsistit
1522 4162 1528 4210 ;
1553 4141 1662 4197 deinde
1676 4141 1781 4206 virtus,

65 4233 127 4287 lloc
142 4235 194 4299 est,
209 4234 292 4306 quod
303 4234 397 4291 dicit:
426 4257 439 4283 «
457 4234 614 4291 nonenim
634 4234 899 4291 cstdicendumut
953 4233 1120 4290 seeundum
1138 4248 1232 4305 quam
1247 4231 1337 4299 ralct;
1353 4231 1784 4302 ‹leindeoperatioperquam
1813 4241 1824 4256 ·

64 4320 97 4376 in
113 4320 237 4389 angelis,
253 4323 362 4379 seilicet
380 4323 463 4395 quod
483 4323 549 4396 ipsa
563 4328 734 4380 sanctarum
756 4322 898 4380 virtutum
915 4299 937 4353 D
953 4323 1052 4379 efficit.
1069 4326 1169 4380 «tium
1181 4321 1384 4390 igituromnes
1397 4318 1486 4375 simul
1498 4343 1511 4367 ι
1528 4316 1640 4372 seilicet
1650 4315 1782 4386 spiritus,

64 4409 223 4483 dispositio
242 4412 407 4469 novissima
436 4411 472 4468 sit
497 4412 671 4469 omnium.»
687 4415 747 4468 lloc
771 4411 852 4468 enim
876 4405 901 4465 si

65 4518 173 4557 verum
188 4507 275 4574 esset,
298 4519 361 4559 nou
385 4508 462 4560 esset
485 4503 605 4568 mirmn,
621 4501 645 4558 si
666 4518 777 4558 nomen
796 4518 900 4558 earum

66 4607 174 4646 omnes
189 4591 238 4647 alii
264 4591 384 4648 ordines
407 4592 628 4665 participarent,
644 4590 716 4664 quia
738 4591 901 4664 proprieta-

68 4685 128 4736 tem
143 4680 278 4754 ipsarum
293 4685 395 4754 utpote
415 4682 583 4755 superiores
597 4679 818 4753 participarent.
843 4684 902 4737 lioe

67 4774 123 4835 est,
152 4769 235 4843 quod
262 4770 419 4843 sequitur:
441 4791 457 4824 e
473 4774 506 4827 Et
519 4769 642 4844 quidem
669 4767 902 4826 novissimarum

68 4859 277 4927 essentiarum,
294 4880 308 4912 i
323 4860 422 4926 idest,
447 4860 619 4916 ultimorum
632 4858 790 4932 spirituum
805 4877 821 4910 s
837 4875 903 4915 san-

68 4951 160 5015 ctam,
176 4951 204 5003 et
218 4948 360 5004 decoram
381 4948 628 5004 illuminationem
653 4947 832 5021 participant
845 4948 903 5003 dis·

68 5035 233 5111 positiones
262 5037 518 5110 superpositarum
542 5036 762 5102 essentiarum
792 5036 902 5092 rdtinrue

68 5142 152 5192 vero,
170 5147 184 5175 »
207 5125 385 5183 subauditur
408 5124 627 5198 dispositiones,
645 5123 755 5181 ‹nullo
769 5124 902 5192 m0d0,›

70 5214 182 5270 scilieet
195 5215 377 5288 participant
401 5214 651 5271 illuminationem
675 5214 844 5287 primarum
859 5231 903 5269 es-

71 5305 247 5361 sentiarum.
802 5369 807 5375 ,

111 5394 249 5467 Sequitur
263 5413 270 5451 ε
287 5417 301 5444 κ
320 5397 353 5450 Et
365 5394 450 5465 eujus
462 5394 558 5463 gratia
572 5393 704 5450 coelestes
715 5393 838 5466 quidem
847 5394 904 5449 vir-

72 5487 151 5539 tutes
164 5498 270 5540 omnes
284 5482 379 5539 divini
395 5479 559 5538 intellectus
582 5484 798 5548 nominantm·;
827 5495 902 5537 sera·

72 5573 160 5646 phim
184 5577 295 5642 autem,
317 5576 346 5629 et
372 5571 482 5639 throni,
510 5573 539 5627 et
569 5571 789 5629 dominationes
820 5567 903 5625 nullo

955 4434 970 4467 e
986 4417 1038 4469 aut
1050 4413 1200 4486 quosdam
1215 4426 1330 4479 eorum,
1346 4409 1544 4474 inobservate,
1560 4426 1576 4458 ›
1592 4405 1622 4462 id
1636 4407 1682 4460 est
1693 4401 1786 4460 indis-

955 4506 1031 4559 crete
1043 4503 1102 4558 sive
1124 4501 1332 4565 communiter,
1350 4516 1366 4550 ‹
1378 4512 1521 4554 vocamus
1533 4500 1585 4551 aut
1595 4493 1728 4550 eoelestes
1740 4507 1786 4548 es·

956 4593 1076 4664 sentias,
1091 4594 1143 4647 aut
1155 4590 1287 4646 coelestes
1299 4582 1671 4654 uirtutesexistimandum
1679 4586 1787 4639 estuos

956 4698 1017 4749 eos,
1031 4680 1068 4737 de
1092 4667 1204 4753 quibus
1220 4694 1318 4734 sermo
1339 4682 1392 4744 est,
1415 4675 1583 4746 significare
1595 4672 1788 4748 periphrasti-

957 4786 1017 4834 cos
1032 4788 1047 4820 »
1063 4768 1160 4834 idest,
1176 4764 1546 4838 percireumloeutionem,
1562 4784 1578 4817 e
1593 4778 1677 4820 exea
1690 4776 1787 4819 essen-

957 4861 1008 4925 tia,
1024 4857 1069 4912 vel
1081 4860 1186 4913 virtute
1196 4872 1264 4926 qum
1277 4871 1330 4927 per
1340 4853 1474 4925 singulos
1488 4869 1593 4910 eorum
1607 4857 1685 4923 est,s
1703 4852 1789 4908 idest

956 4963 1024 5019 quae
1040 4945 1210 5000 eommunis
1226 4943 1432 5011 fescenninus,
1449 4960 1509 5000 non
1530 4959 1565 4999 ex
1579 4960 1625 5009 ea,
1641 4957 1708 5014 qma
1722 4952 1790 5010 pro·

957 5037 1020 5107 prie
1035 5028 1205 5102 singularis,
1223 5033 1308 5104 eujus
1324 5032 1438 5088 ordinis
1449 5032 1626 5102 dignitatem
1637 5025 1789 5083 discernit.

958 5125 1054 5189 Quare
1070 5126 1169 5178 autem
1185 5121 1368 5191 singularem
1383 5121 1596 5193 proprietatem
1611 5116 1701 5190 unius
1712 5112 1791 5169 orai-

957 5215 1004 5269 nis
1016 5211 1082 5268 aliis
1091 5211 1232 5283 sulijectis
1245 5208 1402 5264 ordinibus
1411 5205 1570 5262 attribuere
1578 5202 1683 5269 noluit,
1695 5205 1792 5258 osten·

958 5304 1011 5371 dit,
1027 5302 1130 5358 dicens
1147 5319 1153 5356 z
1172 5324 1184 5348 u
1203 5303 1303 5369 Neque
1319 5296 1410 5357 enim,
1426 5295 1536 5367 inquit,
1548 5292 1634 5349 laeile
1648 5290 1738 5347 nobis
1749 5295 1795 5350 est

959 5394 1180 5468 superpositam
1205 5389 1417 5459 proprietatem
1448 5389 1622 5439 sanctarum
1649 5383 1794 5440 uirtutum

957 5484 1021 5557 jam
1036 5479 1156 5538 anobis
1172 5477 1343 5542 discretam,
1357 5497 1370 5522 »
1387 5473 1472 5528 idest
1485 5473 1606 5546 proprie
1620 5475 1649 5530 et
1663 5471 1795 5543 singula·

960 5571 1032 5626 riter
1056 5570 1098 5624 eis
1113 5564 1299 5637 attributam,
1321 5586 1335 5615 ι(
1347 5562 1514 5619 minoribus
1534 5562 1669 5620 essentiis
1688 5575 1796 5619 annea·
