3832 6044
178 113 229 165 875
501 111 652 165 Dueouls
673 110 717 164 DE
738 110 766 164 S.
787 109 935 165 VlGTORE
955 109 1029 163 OPP.
1050 108 1138 165 PARS
1159 108 1436 165 1.-uxudurtcn
1455 108 1570 163 Diluta,
1850 111 1895 163 ert

178 231 250 307 quia
266 230 342 298 fecit,
364 229 507 304 peccavit.
535 231 644 287 Deinde
667 231 810 304 quaeritur
825 249 862 287 au
879 236 1009 305 potestas
1025 235 1047 288 ,t
1066 232 1127 287 imo
1137 232 1295 289 dolonnne
1310 231 1367 287 hoe
1382 230 1452 286 dicit
1467 229 1542 285 sieut
1556 232 1584 285 et
1597 232 1701 303 postea
1716 229 1757 285 ad
1768 228 1896 303 discipu
1914 227 1916 295 ἶ

178 319 262 378 Pilati
276 323 364 378 aDeo
379 323 465 389 esset,
481 323 510 377 et
525 324 625 376 utrum
636 338 671 378 cu
686 320 715 377 in
729 338 801 378 nece
813 320 929 378 Domini
938 338 1010 377 usus
1064 321 1128 377 luur
1154 320 1224 377 dicit
1240 341 1246 376 :
1260 323 1338 378 Eece
1364 326 1461 377 mater
1475 325 1528 375 tuo
1540 333 1553 391 ;
1567 319 1653 392 quasi
1676 317 1726 375 eui
1747 322 1782 374 tu
1797 335 1896 376 curan
1915 335 1916 384 l

178 416 231 468 est.
249 412 283 467 Et
296 414 340 466 est
354 409 556 478 manifestum,
585 415 618 466 ut
639 410 710 467 dicit
730 411 898 483 Apostolus,
927 409 1010 483 quod
1064 410 1220 484 impendes
1236 416 1269 468 ut
1292 409 1390 467 matri.
1412 412 1579 467 Vasautem
1594 415 1660 466 eret
1671 411 1897 479 positreuaeete

178 501 276 558 omnis
290 505 407 575 potesta
421 516 439 558 a
454 504 513 558 Deo
536 504 589 581 est,
616 501 677 557 sive
692 502 852 569 bonorum,
870 500 929 558 sive
949 517 1011 557 ma·
1061 503 1196 569 plenum,
1213 505 1266 557 ete.
1284 504 1341 556 Aut
1354 517 1427 556 casu
1439 499 1550 572 alique,
1565 502 1616 555 aut
1631 497 1707 555 forte
1717 498 1825 555 divine
1837 515 1899 573 pro

177 591 298 648 lorum:
315 606 409 664 quare
423 594 452 648 et
470 594 602 663 potestas
618 590 699 647 Pilati
718 590 855 662 desuper,
881 590 971 645 idest
993 606 1011 645 a
1064 589 1195 646 videntia
1207 589 1247 645 ibi
1260 594 1323 647 erat
1336 607 1390 646 vas
1406 606 1475 645 oum
1491 591 1584 645 noete.

178 684 238 738 Deo
253 680 324 738 data
341 699 348 738 ε
364 696 458 754 quare
473 683 501 736 et
514 680 606 737 bona.
626 680 655 738 Si
669 696 740 751 ergo
755 696 791 736 ea
805 697 878 736 usus
891 683 935 736 est
947 694 1010 735 cru·
1100 680 1241 736 [tondum
1257 681 1333 736 errice
1359 680 1489 736 sciebant
1509 679 1713 748 Scriptorum,
1728 679 1806 750 pecie
1818 694 1897 749 oper

178 770 326 842 niligendo
341 769 513 838 Dominum,
528 784 563 825 ex
578 785 614 825 eo
626 769 692 842 ipso
705 785 767 825 non
783 768 924 842 peccavit.
939 768 1012 825 Diei.
1066 769 1121 824 terit
1135 784 1201 825 eum
1216 785 1234 826 e
1252 770 1376 825 urorteu's
1403 784 1558 839 reserpere
1575 769 1673 836 (deae.
1700 768 1761 840 xx).
1791 771 1834 824 Ex
1845 770 1898 826 hoc

177 877 246 918 mus
260 865 361 917 autem
371 859 454 932 quod
468 862 645 933 potestatem
659 875 677 914 a
692 862 751 915 Deo
762 859 867 914 babuit
879 859 1010 926 bonam;
1064 856 1141 926 loeo,
1157 861 1185 915 et
1198 873 1234 914 ex
1249 873 1284 915 eo
1299 858 1381 931 (laod
1395 861 1495 914 Petrus
1507 857 1578 913 dicit
1591 857 1718 914 Domino
1729 875 1821 914 suam
1838 874 1898 931 pas

178 949 231 1006 sed
257 949 423 1007 occidendo
451 947 612 1005 Dominum
641 965 701 1005 nou
731 964 767 1005 ea
795 965 867 1003 usus
889 953 942 1016 est,
959 949 1011 1004 sed
1065 945 1180 1002 sionem
1195 946 1389 1019 praedicenti:
1410 947 1529 1003 Absito
1559 952 1596 1018 tc,
1611 947 1738 1003 Domine
1754 950 1764 1002 .'
1780 946 1896 1018 (Mdttlt.

178 1038 301 1095 abusus.
318 1041 358 1093 Ex
381 1041 525 1110 potestate
552 1042 652 1094 tamen
676 1036 790 1105 habuit,
819 1037 859 1092 sie
873 1054 908 1093 ea
922 1053 1010 1110 posse
1064 1035 1121 1107 xu)
1150 1034 1266 1092 videtur
1288 1036 1371 1109 quod
1385 1036 1518 1108 Apostoli
1532 1035 1670 1091 nondum
1685 1034 1784 1091 tidem
1799 1035 1898 1093 mortis

178 1126 271 1184 abuti.
288 1125 369 1184 Sicut
380 1143 433 1182 rex
445 1125 554 1199 aliquis
579 1126 768 1199 tyrannidem
784 1142 935 1195 exercens,
949 1142 1011 1183 non
1064 1127 1092 1181 et
1115 1125 1337 1182 resurrectionis
1359 1125 1465 1182 Christi
1492 1124 1647 1191 haberent,
1676 1124 1742 1180 sine
1770 1141 1897 1198 quanee

177 1215 368 1274 hoesaeitex
387 1216 469 1287 regia
492 1218 648 1288 potestate,
673 1214 745 1289 quia
769 1215 820 1271 illa
841 1220 957 1271 tantum
972 1215 1010 1272 ad
1064 1213 1237 1270 charitatem
1261 1213 1371 1270 babere
1387 1218 1525 1288 poterant
1552 1218 1581 1269 et
1604 1213 1735 1269 dicimus
1763 1213 1896 1287 quodie

176 1305 258 1375 justa
272 1304 449 1362 extenditur,
466 1307 508 1362 Ex
523 1319 558 1361 eo
574 1308 684 1372 tamen,
697 1304 777 1376 quod
794 1304 907 1375 regiam
920 1304 1011 1361 habet
1029 1329 1043 1341 ·
1063 1308 1158 1359 morte
1174 1303 1278 1359 Christi
1291 1304 1466 1360 charitatem
1487 1303 1562 1359 sicut
1575 1306 1603 1359 et
1615 1302 1708 1358 tidem
1723 1303 1894 1372 amiserunt

177 1397 364 1468 potestatem,
378 1394 568 1467 tyrannidem
599 1411 735 1450 exercere
749 1399 855 1468 potest.
882 1397 1010 1451 Potestas
1064 1392 1188 1462 quando
1202 1392 1303 1448 relicto
1317 1409 1352 1448 eo
1368 1392 1516 1463 fugerunt,
1543 1392 1600 1448 Sed
1615 1396 1683 1447 aute
1706 1394 1843 1448 mortem
1857 1394 1895 1447 Pe·

177 1483 374 1558 enim,quam
387 1483 488 1552 hebet,
504 1483 745 1556 licerelacitipsa
758 1483 840 1540 abuti
854 1487 1008 1555 potestate.
1067 1485 1128 1536 trus
1152 1481 1241 1537 etiam
1256 1482 1313 1538 hoe
1337 1481 1474 1549 dicendo,
1496 1481 1573 1537 absit
1598 1497 1617 1537 a
1639 1486 1675 1550 te,
1700 1480 1852 1537 Domine!
1875 1486 1894 1537 et

179 1574 225 1632 Sic
240 1590 311 1647 ergo
325 1573 434 1631 Pilatus
448 1589 510 1631 non
524 1573 648 1630 haberet
671 1576 857 1646 potestatem,
873 1573 945 1646 quia
959 1590 1011 1647 po·
1027 1594 1047 1647 B
1067 1569 1250 1638 charitatem,
1267 1576 1295 1626 ot
1316 1571 1408 1627 tidem
1423 1569 1563 1627 babebat.
1584 1572 1625 1625 Er
1639 1568 1736 1625 nimio
1758 1569 1842 1626 enirn
1859 1586 1894 1626 ar·

179 1663 234 1720 tuit
247 1663 329 1722 abuti
344 1663 375 1720 in
390 1663 561 1731 Dominum,
581 1662 639 1719 uisi
662 1665 739 1718 esset
751 1661 808 1717 sibi
832 1662 902 1718 data
924 1662 1010 1718 desu·
1066 1658 1139 1714 dore
1163 1658 1328 1716 dilectionis
1344 1661 1400 1716 lroe
1416 1660 1499 1716 dixit.
1516 1663 1558 1716 Ex
1573 1659 1679 1715 ardore
1703 1658 1789 1716 enim
1817 1659 1894 1716 dilee

178 1768 242 1826 per,
257 1752 289 1810 id
303 1757 424 1810 estnon
439 1756 541 1826 posset
566 1751 643 1808 banc
669 1751 832 1823 nequitiam
860 1751 889 1806 iu
913 1751 1009 1807 Domi·
1065 1746 1152 1804 tionis
1166 1764 1228 1805 uon
1243 1749 1410 1806 sustinebat
1435 1748 1537 1806 audire
1557 1753 1686 1805 mortem
1713 1749 1794 1820 ejus,
1818 1749 1893 1821 eujus

177 1858 412 1912 numeremus,
428 1843 484 1899 nisi
508 1845 684 1915 potestatem
698 1842 791 1911 illam,
811 1858 905 1915 quam
918 1843 1010 1900 hahe-
1063 1836 1257 1892 aeternitatem
1277 1837 1432 1893 confessus
1458 1841 1521 1893 erat
1535 1836 1662 1893 dicendo
1680 1856 1686 1892 z
1709 1839 1754 1892 Tu
1769 1854 1802 1894 es
1818 1837 1893 1894 Cleri

178 1931 239 2001 bat,
255 1950 274 1989 a
296 1936 356 1989 Deo
372 1931 544 2004 accepisset.
559 1931 609 1986 Vel
622 1947 683 1987 nou
699 1931 822 1987 baberet
837 1931 944 1986 Pilatus
957 1948 1009 2005 po·
1063 1929 1120 1994 tus,
1134 1926 1230 1981 Filt'us
1244 1927 1300 1982 Dei
1314 1928 1374 1983 ieet
1383 1928 1481 1995 (doun.
1495 1930 1544 1994 ru).
1563 1925 1696 1981 lindesie
1708 1925 1893 1999 prohibendo

178 2022 314 2078 testatem
329 2019 408 2076 hane
422 2018 453 2074 in
464 2017 634 2087 Dominum,
649 2018 731 2092 quod
744 2018 807 2092 ipse
822 2019 848 2076 ei
865 2024 1009 2093 tanquam
1063 2016 1190 2069 amorte
1205 2014 1314 2071 erravit
1327 2015 1450 2088 quidem
1466 2031 1501 2071 ex
1516 2015 1633 2088 pietate,
1651 2014 1703 2070 sed
1719 2031 1784 2071 non
1800 2031 1893 2088 pecus

177 2122 246 2166 reus
267 2107 503 2175 constitueretur,
525 2106 583 2163 nisi
608 2106 691 2163 illam
719 2108 842 2166 liaberet
869 2110 1007 2183 desuper.
1064 2102 1113 2160 vit.
1140 2103 1268 2160 Credidit
1288 2121 1410 2177 quoque
1434 2109 1463 2161 et
1476 2104 1568 2162 iidem
1586 2103 1729 2173 babebat,
1755 2104 1893 2161 sedani

180 2197 237 2255 Sed
249 2196 322 2271 quia
349 2195 459 2252 Pilatus
482 2196 561 2253 banc
586 2200 762 2269 potestatem
791 2197 893 2267 ullarn,
909 2198 940 2254 id
966 2202 1010 2255 est
1063 2197 1162 2262 gmate
1187 2197 1215 2249 et
1251 2194 1430 2251 obscuritate
1461 2195 1595 2268 quadam
1626 2199 1893 2252 sacramentorum.

177 2286 487 2360 quantulamcunque,
503 2284 575 2359 quia
584 2285 641 2342 sub
656 2285 775 2343 alterius
788 2287 948 2361 superioris
957 2304 1009 2361 po·
1064 2282 1193 2338 Credidit
1203 2283 1284 2339 euim
1305 2300 1376 2340 vera
1399 2300 1463 2340 esse
1478 2301 1546 2358 quae
1562 2284 1705 2340 Dominus
1721 2283 1848 2341 dicebat
1864 2283 1894 2340 de

178 2378 281 2432 testate
296 2373 437 2443 habebat,
454 2378 555 2447 utpote
578 2374 634 2430 sub
650 2378 774 2443 Caesare,
794 2376 904 2433 idcirco
918 2377 1008 2448 subji-
1063 2376 1157 2429 morte
1173 2389 1248 2440 sua;
1266 2373 1328 2442 sed,
1353 2373 1426 2447 quia
1440 2373 1471 2429 in
1487 2373 1639 2447 parabolis
1664 2373 1706 2429 eis
1722 2373 1812 2448 loqui
1832 2390 1894 2430 con·

177 2464 216 2522 eit
229 2463 395 2522 Dominus:
1063 2466 1209 2532 sueverat,
1236 2463 1347 2519 ideireo
1376 2463 1456 2520 eliud
1482 2480 1552 2520 eum
1577 2462 1675 2520 dicere
1697 2464 1832 2537 putabat
1848 2463 1894 2520 :in

211 2557 377 2627 Propterea
390 2555 443 2628 qui
464 2553 590 2612 tradidit
604 2571 650 2611 me
665 2554 727 2629 rtet,
741 2559 840 2627 ruojas
850 2566 1006 2628 peecatum
1063 2551 1145 2609 nullo
1161 2557 1260 2609 tamen
1277 2554 1460 2622 discredens,
1477 2555 1560 2628 quod
1582 2553 1728 2610 Dominus
1753 2553 1893 2611 dicebat:

178 2642 276 2702 habet.
300 2647 385 2713 Nam,
401 2643 474 2719 quin
494 2644 600 2702 timore
615 2645 776 2719 superioris
793 2647 946 2720 potestatis
961 2663 1007 2703 eo·
1061 2643 1145 2699 Sicut
1159 2644 1248 2713 fidem
1262 2644 1349 2701 lebet
1373 2644 1501 2714 simplex
1516 2649 1542 2701 et
1566 2645 1657 2702 idiote
1673 2644 1801 2702 credens
1816 2645 1896 2718 qnid

176 2735 270 2791 actus.
286 2730 395 2790 Pilatus
417 2732 475 2789 hoe
490 2731 580 2798 feeit;
600 2733 692 2788 ludaei
716 2749 785 2790 vero
799 2751 835 2790 ex
850 2734 914 2791 sola
937 2734 1008 2790 iuvi·
1062 2733 1136 2804 qaid
1145 2735 1294 2803 prelatas
1308 2735 1373 2804 ejus
1388 2735 1493 2805 eredit,
1511 2751 1576 2791 euru
1593 2741 1691 2792 temen
1717 2735 1783 2804 ipse
1794 2735 1896 2792 distin·

175 2821 247 2879 dia:
272 2821 370 2893 magis
395 2825 497 2878 autem
516 2824 630 2894 peceat,
653 2820 725 2894 quia
740 2839 776 2878 ex
785 2821 877 2879 invidi
892 2827 1005 2896 peccat,
1061 2835 1152 2890 ruere
1166 2823 1409 2879 reseraturum
1432 2825 1513 2879 enim
1528 2839 1592 2878 esse
1616 2822 1725 2879 latetur
1746 2822 1896 2896 quidquid

175 2925 270 2984 quam
282 2909 384 2984 quiex
396 2909 522 2966 timore:
546 2909 657 2966 ideireo
671 2910 742 2967 dicit
754 2911 907 2980 Dominus,
924 2913 1042 3005 quodC
1061 2907 1091 2963 in
1117 2909 1277 2979 Erarrgelio
1305 2910 1422 2978 dieitur,
1448 2916 1476 2967 et
1498 2914 1597 2967 tamen
1621 2909 1693 2983 quid
1719 2910 1839 2967 (lictum
1864 2910 1897 2965 sit

174 2999 306 3072 populus
321 2999 472 3070 ludoicus,
488 2998 540 3073 qui
550 2999 671 3057 tradidit
684 2998 768 3056 illum
783 2999 884 3069 Pilat0,
907 3001 1006 3074 majus
1061 2995 1163 3054 nescit.
1644 3067 1649 3076 .
1725 3062 1729 3067 .

173 3093 331 3163 peceatum
357 3089 448 3147 habet
469 3088 625 3160 tradendo,
653 3105 746 3165 quam
770 3090 817 3147 ille
846 3089 1003 3147 faciendo:
1097 3087 1227 3154 (laceram
1244 3089 1416 3146 remiseritis
1437 3094 1572 3159 peecata,
1597 3093 1650 3146 etc.
1667 3092 1736 3145 Post
1762 3088 1894 3145 insuffla·

173 3178 238 3252 ipse
267 3183 408 3237 tamena
435 3184 558 3253 peccato
588 3194 650 3236 non
685 3184 729 3237 est
756 3180 909 3248 immunis,
939 3179 1005 3236 lieet
1059 3175 1181 3245 tionem,
1199 3181 1228 3232 et
1253 3177 1377 3250 Spiritus
1399 3178 1551 3235 dationem
1567 3177 1683 3252 inquit:
1700 3179 1841 3244 Quorum
1855 3196 1893 3234 re

173 3268 274 3326 minus
302 3269 468 3343 peccaverit
497 3285 533 3325 ex
562 3269 683 3336 timore,
711 3285 804 3341 quam
833 3269 872 3325 illi
899 3286 935 3326 ex
962 3268 1004 3325 in·
1058 3265 1196 3322 miseritis
1218 3271 1351 3340 peecata,
1367 3267 1557 3325 remittuntur
1571 3267 1622 3336 eis,
1639 3272 1694 3324 ete.
1712 3268 1800 3325 Unde
1815 3285 1893 3343 qua·

173 3357 264 3415 vidia.
1057 3356 1130 3413 ritm·
1144 3374 1211 3430 quae
1224 3363 1348 3430 peecata
1358 3374 1446 3431 posse
1462 3357 1610 3416 remittere
1625 3357 1666 3415 eis
1682 3359 1833 3415 Dominus
1848 3359 1894 3415 de·

208 3446 287 3502 Erat
301 3452 399 3503 autem
408 3446 698 3517 perasceeepeselra‘
710 3447 794 3516 liora,
806 3450 894 3520 quasi
905 3455 1000 3507 screto.
1057 3447 1140 3504 derit.
1158 3449 1270 3505 Demsi
1286 3449 1411 3519 dicatur,
1426 3453 1459 3506 ut
1469 3449 1595 3523 quidum
1605 3449 1719 3521 dicunt,
1731 3450 1819 3524 qued
1834 3466 1894 3523 pee-

172 3535 286 3590 llarous
303 3533 374 3591 dicit
399 3534 481 3607 quod
504 3535 579 3590 hora
594 3534 677 3590 tertia
700 3536 999 3594 crucifixerunteuru.
1055 3554 1127 3593 nam
1139 3538 1253 3611 peccati
1277 3543 1392 3595 tantum
1419 3555 1508 3613 posse
1534 3539 1680 3596 remittere
1702 3543 1890 3613 receperunt,

173 3625 207 3679 Et
219 3621 267 3679 hie
289 3622 368 3692 dieit,
384 3622 468 3695 quod
482 3623 557 3679 hora
571 3628 654 3679 sexta
669 3628 741 3691 erat,
756 3627 879 3696 quando
893 3626 1001 3684 Pilatus
1054 3643 1163 3700 parum
1175 3628 1232 3684 hoe
1247 3627 1336 3684 luisse
1351 3628 1476 3686 videtur.
1505 3634 1580 3688 Nam
1604 3644 1665 3686 uon
1691 3628 1824 3686 multum
1850 3629 1891 3684 est

173 3712 292 3770 seditin
306 3711 456 3781 tribunali,
473 3711 593 3768 tradens
620 3713 780 3770 Dominum
803 3719 836 3770 ut
849 3716 1001 3786 crucifige·
1054 3715 1142 3772 istam
1157 3732 1280 3789 pernam
1301 3717 1497 3791 temporalem
1523 3735 1579 3793 pro
1593 3721 1716 3792 peceato
1745 3717 1888 3775 sustinen-

172 3805 261 3859 retur.
287 3805 366 3868 Quos
396 3801 593 3872 Hieronymus
624 3801 665 3856 sie
699 3802 870 3871 concordat,
899 3805 1001 3861 dicens
1055 3805 1137 3872 dam,
1160 3809 1213 3862 aut
1225 3806 1382 3877 remittere,
1399 3812 1451 3865 eut
1464 3808 1567 3866 vitare.
1592 3808 1704 3865 Dicitur
1727 3808 1820 3866 etiam
1841 3811 1886 3865 Pe·

171 3892 255 3966 quod
280 3890 445 3948 immolatio
461 3888 691 3948 Christianona
706 3892 780 3948 bora
804 3892 1001 3952 noetisincur-
1056 3897 1123 3950 tro:
1156 3894 1357 3968 Quoniamque
1381 3898 1522 3971 liqavera‘s
1536 3913 1626 3969 super
1642 3901 1769 3967 terrem,
1785 3898 1842 3956 erit
1856 3897 1884 3953 ti-

171 3979 224 4047 pit,
240 3979 364 4053 quando
375 3980 405 4035 iu
420 3980 512 4036 dome
523 3981 615 4035 Annae
626 3979 778 4051 judicatus
789 3985 910 4039 estrees
922 4000 1001 4039 mor·
1055 3989 1158 4055 petrem
1172 3990 1200 4041 et
1222 3986 1253 4042 in
1268 3988 1350 4044 eoetis
1365 4003 1376 4043 .·
1392 3994 1419 4044 et
1433 3988 1631 4060 quodcunque
1651 3989 1779 4046 soluens
1801 4003 1883 4059 reaper

171 4065 217 4137 tis,
233 4071 263 4125 ct
281 4067 320 4125 ab
331 4067 469 4126 illabere
491 4067 586 4126 noetis
601 4085 696 4143 usque
712 4070 752 4127 ad
763 4071 879 4130 tertiam
895 4074 1002 4131 horam
1056 4079 1178 4146 terrem,
1191 4075 1247 4131 erit
1262 4076 1392 4132 solatum
1405 4082 1434 4133 et
1449 4078 1480 4132 in
1496 4076 1707 4146 eoelbtlllattlt.
1723 4079 1796 4146 xri).
1804 4073 1882 4143 Quod

171 4154 230 4214 diei
244 4172 296 4213 sex
321 4157 403 4215 horre
428 4161 659 4231 computantur3
676 4163 705 4215 et
727 4158 820 4216 inilla
845 4161 920 4219 hora
944 4162 1003 4219 diei
1056 4163 1182 4235 quidam
1194 4164 1235 4220 sic
1249 4164 1411 4236 inteDigere
1426 4165 1541 4224 volunt.
1564 4166 1772 4240 Quodcunque
1792 4163 1879 4224 osten·

170 4245 264 4317 tertia,
273 4246 500 4321 praeparationis
515 4250 607 4316 sexta,
625 4248 783 4305 crucifixus
793 4255 838 4306 est
847 4250 1000 4309 Dominus.
1027 4265 1034 4280 ·
1056 4252 1134 4307 deris
1148 4268 1239 4327 super
1253 4257 1372 4327 terram,
1386 4254 1438 4311 ubi
1449 4254 1578 4312 Ecclesia
1589 4258 1706 4313 tantum
1726 4254 1821 4327 ligare
1833 4268 1878 4329 pe

169 4338 271 4412 Neque
289 4337 371 4395 enim
389 4337 447 4395 boe
460 4336 557 4412 potuit
571 4353 645 4407 esse,
665 4343 699 4396 ut
725 4338 789 4411 ipse
817 4339 896 4408 dicit,
919 4342 1002 4415 quod
1017 4308 1040 4365 Ι)
1056 4343 1119 4409 test,
1136 4357 1200 4398 esse
1223 4341 1359 4413 ligatum,
1382 4342 1436 4401 erit
1458 4343 1584 4415 ligatum
1605 4349 1634 4402 et
1646 4343 1677 4400 in
1693 4342 1788 4402 coelis.
1811 4345 1878 4401 Nam

168 4425 200 4483 in
227 4431 310 4486 sexta
330 4426 416 4496 hora,
442 4442 461 4483 a
483 4443 545 4501 qua
568 4426 727 4502 incipiente
758 4444 855 4502 usque
884 4429 923 4487 ad
950 4446 1002 4490 no·
1055 4431 1112 4487 hoe
1125 4447 1189 4488 esse
1213 4431 1345 4490 officium
1360 4434 1565 4508 apestolorum
1575 4437 1719 4492 eteorum
1733 4447 1879 4494 successo

168 4530 251 4585 nam,
279 4517 310 4574 id
338 4520 382 4574 ost
405 4516 497 4573 finem
525 4520 614 4573 sextae
643 4516 772 4574 tenebra
799 4523 884 4575 erant
911 4534 1001 4594 super
1054 4521 1245 4592 rumdicunt,
1259 4523 1545 4597 quodsaeerdotum
1558 4523 1588 4581 in
1603 4523 1884 4597 veterllege,osten·‘

168 4606 340 4662 universam
374 4609 500 4673 terram,
540 4604 591 4661 illa
624 4605 727 4663 omnia
762 4606 875 4677 fierent,
914 4625 998 4684 quor,
1054 4611 1124 4668 dere
1139 4610 1262 4680 solutos,
1279 4611 1354 4670 sicut
1372 4617 1401 4669 et
1417 4611 1536 4671 illorum
1546 4616 1609 4671 erat
1622 4614 1781 4672 ostendere
1799 4611 1887 4671 muu'

169 4693 295 4749 Domino
322 4693 352 4749 in
382 4708 468 4749 eruce
495 4691 602 4766 posito,
632 4694 709 4752 laeta
737 4700 828 4753 sunt:
858 4698 940 4772 quod
973 4697 1000 4754 ei
1053 4700 1148 4758 <latos
1176 4701 1232 4758 Sed
1247 4701 1304 4758 hoc
1319 4717 1428 4776 parum
1455 4702 1578 4776 quidem
1604 4707 1648 4761 est
1672 4704 1841 4775 ostendere,
1856 4707 1883 4761 et

168 4781 302 4839 videlicet
327 4782 495 4850 iDudcrcnt,
528 4785 556 4839 et
582 4785 665 4857 quod
691 4802 743 4842 ras
780 4787 854 4844 aceti
881 4788 906 4845 oi
931 4804 999 4863 por·
1053 4790 1169 4847 nullum
1184 4789 1322 4847 effectum
1335 4789 1365 4847 in
1381 4791 1535 4863 solvendo,
1551 4791 1598 4850 vel
1618 4793 1742 4864 ligando
1761 4792 1889 4852 habere'

167 4871 306 4941 rigerent,
334 4875 390 4928 ete.
429 4869 565 4927 videntes
602 4873 682 4930 enim
711 4879 794 4935 terre
822 4881 938 4935 motum
970 4883 998 4936 et
1054 4878 1135 4937 Unde
1149 4878 1278 4936 dicimus
1292 4880 1376 4954 quod
1391 4882 1534 4940 Dominus
1548 4882 1753 4958 principaliter
1766 4888 1882 4961 aposto

166 4960 316 5029 tenebras,
339 4958 539 5033 percutientes
572 4965 694 5033 pectora
723 4981 779 5022 sua
811 4967 998 5026 reverteban-
1051 4967 1087 5025 lis
1110 4967 1316 5027 remissionem
1330 4975 1532 5045 peecatorum,
1557 4987 1620 5031 non
1639 4972 1709 5030 dieo
1721 4988 1881 5049 paenarum

166 5056 224 5110 tur.
1052 5062 1178 5129 tantum,
1194 5059 1247 5116 sed
1268 5065 1297 5118 et
1311 5061 1468 5136 culparum
1483 5080 1490 5131 ;
1505 5078 1566 5119 non
1586 5079 1684 5136 poeuae
1696 5061 1879 5138 temporalis,

202 5141 242 5196 Et
256 5147 322 5198 erat
331 5142 477 5211 seraptem
488 5140 643 5209 Hebraico,
658 5147 712 5199 ete.
730 5147 792 5200 Nou
804 5150 917 5204 tereret
929 5149 997 5204 seri·
1052 5148 1104 5204 sed
1118 5153 1146 5205 et
1155 5154 1270 5207 aeternae
1286 5150 1381 5208 faeere
1395 5168 1482 5224 posse
1498 5151 1621 5209 eontulit
1635 5172 1641 5221 ;
1667 5154 1695 5209 et
1707 5169 1770 5210 non
1784 5152 1881 5211 solum

166 5232 235 5301 ptus
248 5229 359 5298 titulus,
372 5230 422 5285 scd
437 5229 467 5285 in
492 5229 627 5302 partibus
642 5230 720 5286 illius
736 5236 793 5287 tres
806 5232 913 5302 lingue
927 5251 996 5292 eon·
1050 5237 1106 5293 illis
1121 5239 1173 5293 sed
1186 5239 1328 5294 omnibus
1344 5241 1566 5297 suecessoribus
1583 5257 1697 5312 eorum,
1720 5242 1821 5300 vicem
1835 5260 1881 5299 eo·

165 5318 354 5376 tinebantur:
379 5324 411 5376 ut
424 5320 495 5377 dicit
518 5321 725 5393 Hieronymus,
743 5321 787 5377 Sie
806 5323 935 5380 ldalcbus
947 5329 994 5381 Ju·
1049 5342 1116 5381 rum
1130 5327 1160 5382 iu
1177 5328 1260 5383 terris
1285 5329 1465 5398 gerentibus.
1482 5334 1515 5387 Et
1530 5335 1629 5387 tamen
1651 5349 1758 5389 verum
1770 5336 1817 5389 est
1836 5349 1881 5388 so

165 5402 300 5464 decorum
314 5409 519 5466 exomoloson.
1049 5415 1112 5472 lum
1123 5420 1214 5473 Deum
1228 5423 1352 5490 peecata
1365 5420 1523 5489 remittere,
1540 5421 1614 5478 sicut
1630 5425 1657 5478 et
1670 5423 1765 5496 ipsius
1789 5423 1880 5481 solius

200 5493 322 5566 Mulier,
349 5515 415 5554 eece
433 5501 515 5568 filius
541 5504 620 5556 teres.
649 5501 752 5556 Nullus
772 5503 812 5559 sio
841 5502 991 5574 intelligat,
1049 5510 1092 5563 est
1111 5507 1283 5578 justilieare,
1309 5525 1378 5565 cum
1407 5514 1507 5567 tamen
1522 5510 1624 5568 fideles
1647 5512 1800 5583 justificet.
1817 5517 1878 5570 Non

164 5583 291 5653 quodse
318 5586 554 5646 demonstrando
580 5590 683 5648 dieat:
712 5596 785 5649 Ecce
805 5594 884 5652 tilius
898 5599 993 5666 tuus;
1049 5597 1130 5655 enim
1141 5597 1216 5656 alius
1226 5615 1320 5672 quam
1329 5598 1376 5658 ille
1386 5604 1536 5674 operatur,
1545 5601 1628 5675 quod
1636 5601 1718 5677 ipsos
1729 5619 1784 5675 per
1794 5602 1879 5661 mini-
