3832 6044
159 133 206 183 uu
463 128 614 181 tiano-ms
634 125 678 178 DE
699 129 727 178 S.
749 121 896 178 vuirunt:
916 119 991 173 OI'I‘.
1019 117 1107 171 PARS
1127 117 1147 170 I.
1169 144 1203 152 -
1224 110 1414 168 ainamma
1434 111 1548 164 nitunt.
1826 109 1876 161 tm

160 270 219 327 quc
250 252 325 308 sicui
357 249 396 304 ab
429 249 493 304 aliis
526 248 706 314 audirimus,
737 250 766 303 u.
797 244 989 316 Augustinus.
1006 244 1028 298 b
1049 244 1103 306 tus,
1121 240 1295 295 (lanionum
1309 235 1478 303 significant
1499 231 1720 288 universitatem
1738 249 1745 297 ;
1761 229 1819 302 qni
1833 246 1884 302 per

159 343 279 400 Nullum
302 344 459 413 paccatum
489 337 641 393 edmunde
664 337 738 392 dum
759 335 909 409 displicet3
926 332 990 388 nul-

159 431 223 487 lum
245 427 360 485 veniale
382 426 456 481 dum
484 425 591 498 piae-et.
623 425 801 481 Studeamus
821 424 909 493 igItur
930 436 991 477 nou

160 519 259 575 solnm
285 531 408 587 magna,
436 514 489 570 sed
504 519 532 569 ct
550 513 776 571 minimavitare
791 516 913 586 [serrata
929 529 935 565 :
954 523 992 564 ne

160 608 185 662 si
199 604 325 661 minIma
340 601 571 671 contemnimus,
585 603 731 676 paulatiin
745 602 775 658 iu
791 599 927 657 mortalia
942 597 992 652 de-

159 695 299 751 duamus.

180 798 259 860 Cae.
274 796 375 860 XVII.
394 795 437 856 Ile
452 798 583 856 transitu
599 795 812 877 {liserpidmum
823 813 880 874 per
893 801 971 851 sata.

195 909 321 965 Factrem
336 913 378 963 est
393 912 502 979 cirtem,
517 908 588 962 dim
610 907 836 978 perambularet
847 905 931 959 lesus
939 916 995 970 per

159 997 227 1050 sala
240 1007 252 1048 .·
266 991 409 1061 discipuli
431 994 495 1060 eJ'us
511 997 664 1062 caeperunt
675 990 827 1061 propredi,
844 994 870 1044 et
886 987 996 1043 cellere

160 1083 259 1152 spicas
274 1080 394 1152 (Mutila.
423 1081 706 1155 sn).llisci1iuIIper
729 1085 793 1136 satu
815 1078 969 1134 transcunt
987 1081 993 1119 :

162 1169 236 1225 dum
251 1168 365 1241 praelati
380 1168 515 1225 subditos
537 1169 587 1242 pia
600 1168 795 1226 sollieitudine
824 1162 995 1236 circumspi-

162 1257 254 1329 ciunt,
271 1261 299 1313 et
320 1256 447 1329 qualiter
466 1274 618 1331 quemque
643 1257 680 1314 ad
701 1273 827 1327 regnum
851 1254 995 1310 carlorum

163 1345 346 1419 pertrahant,
375 1345 479 1401 sedulo
508 1347 698 1420 perpendunt
714 1365 721 1414 ;
739 1350 767 1402 et
792 1346 866 1400 dum
881 1361 931 1399 eos
956 1343 995 1398 ad

163 1433 380 1491 beatitudiuem
395 1435 510 1491 trahere
525 1435 751 1509 concupiscunt,
768 1434 854 1508 quasi
869 1436 995 1490 salutern

165 1538 270 1579 eornm
286 1522 418 1579 esuriunt
436 1540 441 1578 :
460 1523 557 1596 spicas
583 1524 704 1591 vellunt,
728 1540 797 1579 cnm
816 1528 930 1579 mentes
944 1539 994 1578 au·

164 1611 320 1679 dientium,
337 1627 390 1684 por
410 1612 653 1684 predicationem
668 1612 707 1668 ab
721 1629 823 1669 amore
849 1613 1030 1685 tempora-tt
1050 1576 1141 1649 ΡΜ
1157 1575 1285 1632 ‘mrim'

165 1698 240 1756 Iium
261 1698 406 1756 dividant.
425 1701 527 1774 Spicas
541 1701 647 1757 fricant
668 1718 737 1756 cum
756 1717 807 1755 cos
821 1700 913 1773 paleis
927 1699 994 1755 ritae

165 1786 272 1844 vetoris
286 1787 471 1860 exspoliant:
489 1805 582 1860 grana
594 1788 789 1856 manducant,
798 1788 871 1843 dum
883 1804 933 1842 eos
948 1803 995 1842 su-

165 1876 341 1951 perfluitate,
358 1882 387 1934 et
409 1879 565 1950 asperitate
589 1882 731 1950 purgatos
753 1876 867 1933 ueritati
886 1879 995 1932 sauctae

167 1965 304 2023 Ecclesiae
329 1965 453 2033 sociant,
480 1971 508 2021 et
530 1964 627 2022 cidem
650 1965 850 2038 incorporant.
880 1968 912 2020 Et
938 1965 996 2020 hoc

168 2054 299 2112 Sabbata
314 2054 445 2111 faciunt:
462 2055 533 2126 quia
548 2054 698 2110 atcrrcnis
712 2053 828 2111 actibus
842 2054 996 2126 quiesean-

167 2148 220 2217 ieS,
236 2149 265 2200 et
278 2146 339 2201 lico
349 2147 499 2211 vacantes,
512 2143 646 2216 requiem
665 2144 814 2201 caelestem
829 2148 857 2200 et
871 2160 996 2216 operan-

166 2234 206 2291 do
228 2237 376 2308 quierunt,
405 2239 434 2289 et
459 2232 652 2305 praedicando
676 2233 869 2306 promittunt:
895 2234 993 2289 aliter.

165 2325 220 2380 Per
233 2327 298 2380 sata
312 2321 478 2387 ambrdant,
492 2321 563 2395 quia
579 2338 663 2379 saera
674 2323 792 2396 eloquia
806 2323 994 2395 insestIgant.

166 2410 315 2479 Esurinnt,
341 2410 415 2465 dum
440 2409 471 2464 in
486 2409 528 2465 eis
552 2412 712 2468 sententias
733 2411 870 2468 meliores
883 2412 996 2468 discere

166 2500 390 2574 concupiscant.
409 2499 511 2571 Spicas
528 2501 650 2570 vellunt,
673 2502 747 2558 dum
769 2519 804 2559 aa
823 2502 853 2558 in
869 2503 996 2576 Scriptu-

165 2591 216 2659 ris,
232 2606 300 2663 quat
316 2587 372 2645 sibi
385 2587 501 2645 utiliora
515 2589 663 2662 videntur,
686 2591 836 2662 colligunt.
854 2591 996 2649 collectas

164 2678 293 2735 fricant:
309 2677 383 2733 dum
407 2677 463 2733 sub
478 2678 572 2750 paleis
591 2677 692 2735 litterar
719 2680 875 2752 requirunt
902 2697 997 2751 grana

166 2765 326 2840 spiritualis
353 2766 561 2840 intelligentiae.
589 2771 687 2825 tiraua
699 2786 769 2826 vcro
789 2771 994 2839 mandnmnt3

164 2856 239 2913 dum
265 2871 319 2930 per
341 2857 524 2931 spiritualem
551 2858 787 2930 iutelligentiam,
811 2861 941 2925 virtutes,
967 2869 995 2919 et

1047 334 1161 400 septem
1177 328 1247 384 vitia
1262 324 1438 399 principalia
1452 323 1574 395 iniquos
1593 319 1774 385 iubabitaut,
1791 325 1822 374 et
1835 336 1883 374 ecs

1046 419 1168 474 trabunt
1182 418 1220 474 ad
1235 415 1472 472 damnationem.
1491 411 1667 468 humandus
1681 416 1786 466 antem
1802 409 1885 482 spiri·

1048 512 1095 562 tus
1110 523 1180 562 eum
1193 509 1307 578 septem
1322 502 1519 576 nequioribus
1532 517 1562 556 sc
1577 499 1739 573 spiritibus,
1754 498 1885 554 domum

1048 612 1135 651 suam
1149 600 1307 651 vacantem
1323 592 1421 666 scopis
1437 590 1625 656 mundatam,
1642 593 1669 644 et
1684 593 1828 644 ornatam
1842 603 1885 642 re-

1048 690 1167 740 uertens
1182 683 1348 740 inhabitat:
1365 683 1440 737 dum
1455 679 1593 736 diabolus
1607 695 1676 734 curn
1691 677 1883 733 mdvcrsitate

1047 774 1197 842 uitiorum,
1214 773 1347 828 animam
1374 770 1556 844 bapdzatam
1573 768 1730 841 quondam
1759 782 1850 822 suam
1867 784 1884 820 a

1048 863 1130 918 bono
1147 879 1237 937 opere
1248 862 1386 926 otiosam,
1398 859 1543 916 simulatis
1553 856 1881 929 uirtutibnspalliatrm,

1049 969 1103 1025 per
1131 952 1251 1025 culpam
1280 951 1385 1007 iterum
1413 949 1509 1006 intrat.
1540 947 1596 1014 Oui
1616 946 1784 1015 ingreditur
1809 945 1882 999 bene

1050 1056 1120 1096 cum
1136 1040 1286 1113 spidtibus
1302 1037 1496 1112 nequioribus
1507 1054 1537 1092 sc
1554 1054 1561 1105 ;
1588 1035 1662 1090 dum
1682 1033 1821 1090 animam
1833 1049 1884 1106 per

1050 1129 1236 1202 baptismum
1252 1127 1308 1184 sibi
1322 1126 1464 1194 ablatam,
1481 1131 1509 1183 ct
1522 1142 1575 1199 per
1590 1123 1710 1197 culpam
1727 1137 1883 1195 recupera·

1052 1223 1122 1283 tam,
1142 1219 1269 1291 nequius
1283 1235 1386 1290 quani,
1403 1221 1471 1273 ante
1483 1215 1668 1288 baptismum
1683 1217 1841 1279 retentare,
1857 1215 1883 1267 ct

1051 1308 1239 1379 grauioribus
1254 1306 1415 1363 sceleribus
1430 1303 1740 1361 [tarasconenses
1754 1306 1825 1358 sarit
1836 1317 1881 1355 uo

1051 1400 1171 1454 cissriuu
1187 1398 1314 1454 lroruim's
1333 1399 1415 1453 illius
1428 1398 1534 1467 pejoru
1554 1393 1709 1464 prioribus
1723 1407 1736 1462 ,·
1747 1391 1821 1465 quia
1833 1407 1882 1463 per

1050 1492 1256 1561 contemptum
1280 1486 1392 1557 gratia,
1418 1501 1512 1558 quam
1534 1483 1571 1538 cic
1594 1500 1624 1539 se
1647 1482 1726 1538 rnrrle
1755 1480 1881 1536 vivendo

1287 1592 1304 1631 a
1320 1574 1467 1649 supplicia
1482 1578 1620 1629 tueretur.

1182 1702 1260 1764 Can
1278 1700 1365 1763 XIX.
1384 1699 1427 1760 lle
1441 1700 1520 1779 sorti
1532 1710 1559 1758 et
1575 1700 1654 1758 aase's
1669 1698 1747 1777 ejas.

1085 1836 1177 1891 Nerua
1186 1840 1282 1905 potest
1293 1851 1365 1892 casa
1390 1836 1480 1904 t'crtis
1503 1832 1654 1904 ingressus
1672 1831 1796 1888 doricum
1822 1834 1881 1901 ejas

1050 1925 1190 1994 diripere,
1206 1925 1267 1980 uisi
1274 1926 1360 1994 pias
1374 1925 1485 1993 sortem
1502 1921 1881 1992 albget(.llcttb.x11}.i'or-

1050 2014 1096 2075 tis,
1110 2017 1154 2069 est
1175 2013 1337 2080 diabolus,
1364 2012 1466 2069 fortior
1488 2011 1712 2085 superveniens,
1730 2011 1880 2076 tllrristus;

1051 2101 1160 2158 domus
1173 2101 1266 2168 fortis,
1281 2101 1413 2157 mimdns
1436 2116 1518 2166 rasa,
1540 2099 1677 2156 homines
1694 2117 1702 2167 ;
1727 2099 1815 2155 fortis
1827 2099 1883 2155 alli-

1052 2190 1141 2260 gatio,
1158 2190 1270 2246 diaboii
1285 2190 1453 2256 refrenatio,
1475 2206 1512 2244 ne
1528 2192 1617 2244 tentet
1637 2204 1692 2244 uos
1717 2187 1797 2244 ultra
1812 2188 1884 2243 vires

1051 2285 1178 2336 nostras
1208 2279 1337 2353 llircptio
1362 2294 1515 2348 rasorum,
1545 2277 1697 2334 conversio
1727 2276 1883 2333 huminum

1051 2369 1089 2424 ad
1119 2369 1211 2424 fidem
1240 2368 1434 2425 uenientium.
1466 2367 1577 2423 Fortior
1608 2366 1727 2434 fortem,
1759 2367 1884 2422 ‹Iomnm

1051 2459 1116 2530 ejus
1149 2459 1273 2525 intrans,
1303 2456 1444 2527 alligauit,
1473 2461 1503 2513 ei
1528 2473 1601 2512 uasa
1635 2455 1713 2512 illius
1741 2456 1883 2529 diripuit:

1052 2564 1122 2603 cum
1145 2547 1276 2604 Christus
1302 2563 1355 2620 per
1379 2561 1500 2602 carnem
1523 2545 1554 2601 in
1575 2545 1726 2601 mundum
1751 2545 1884 2611 remens,

1051 2642 1079 2693 et
1106 2635 1262 2692 diabolum
1287 2653 1304 2691 a
1329 2634 1474 2690 sententia
1508 2634 1706 2691 tentationum
1730 2634 1884 2698 cohibens,

1050 2725 1188 2782 homines
1202 2742 1221 2781 a
1234 2725 1356 2781 dfabolo
1372 2740 1526 2796 possessos
1541 2724 1580 2779 ad
1596 2723 1687 2781 Iidem
1705 2740 1796 2780 suam
1820 2741 1886 2780 eon-

1050 2814 1144 2870 vertit.

164 2961 257 3020 opera
271 2946 424 3005 roborant.
443 2951 475 3004 ut
489 2949 546 3005 hoc
562 2947 693 3006 sabbato
709 2949 820 3007 faciunt
836 2969 842 3019 ;
858 2953 929 3024 quia
946 2970 996 3009 ra·
1013 2965 1033 3021 c
1171 2923 1251 2983 CAP·
1265 2920 1338 2982 XX·
1354 2919 1398 2980 He
1411 2921 1589 2981 immam&
1602 2930 1628 2980 θ’
1642 2921 1763 2981 mm·

163 3040 242 3107 cant,
258 3041 290 3095 ut
304 3037 441 3094 rideant:
464 3039 608 3111 qnoniam
622 3039 765 3096 Dominus
775 3040 838 3115 ipse
849 3047 893 3098 est
908 3045 994 3101 Deus.
1084 3039 1168 3095 Exiit
1182 3053 1234 3110 qm
1247 3038 1375 3096 seminat
1390 3039 1537 3095 sciniucre
1551 3052 1647 3093 semen
1663 3053 1749 3092 sirum
1760 3039 1879 3108 (ubaldi.

163 3129 223 3184 Hoc
234 3126 377 3184 Dominus
392 3127 510 3184 sabbati
525 3129 643 3202 probat,
660 3130 713 3185 scd
728 3130 808 3188 sttdti
822 3131 994 3189 defensores
1050 3131 1120 3196 xiii).
1135 3129 1240 3185 Samen
1253 3131 1297 3183 cst
1311 3126 1436 3183 verbum
1450 3126 1518 3193 [leh
1536 3125 1789 3196 8³¹01'‚Chfl'slu⁵3
1804 3144 1883 3199 autb

164 3217 286 3275 sabbati
301 3217 464 3290 reprobant
480 3237 486 3286 ;
499 3219 571 3291 quia
585 3218 681 3276 solam
695 3220 883 3293 superficiem
892 3222 994 3280 litterae
1050 3217 1183 3273 mundus
1200 3235 1206 3285 ;
1232 3218 1290 3284 ria,
1317 3221 1361 3272 est
1375 3233 1426 3272 eor
1442 3216 1588 3289 frequenti
1602 3215 1752 3272 malannu
1775 3218 1884 3286 cogita-

161 3306 311 3378 diligunt:
340 3307 447 3364 montis
466 3307 657 3365 refectionem
686 3311 831 3378 nesciunt,
861 3313 995 3387 requiem
1051 3307 1166 3363 tionum
1181 3306 1306 3363 transitu
1321 3307 1462 3373 attritam,
1491 3311 1519 3362 et
1542 3306 1716 3374 arefactum,
1742 3323 1780 3363 nc
1805 3308 1887 3367 verbi

161 3396 332 3454 animarum
347 3413 408 3453 uon
421 3403 541 3455 norunt.

203 3505 281 3566 Car.
297 3505 411 3568 XVIII.
426 3505 471 3566 Ile
487 3508 637 3568 eiurnuado
652 3511 763 3589 spiritu
778 3522 902 3574 eceaute
917 3513 954 3573 ab

514 3603 641 3665 loturae.

199 3716 272 3775 Cum
293 3719 464 3775 immundus
478 3719 602 3787 spiritus
619 3719 726 3775 exierit
741 3721 779 3776 ab
794 3722 921 3795 liciniae,
935 3741 995 3781 uui-

167 3807 252 3864 bulut
272 3823 330 3878 per
353 3809 397 3863 loe
411 3807 510 3874 arida,
527 3822 662 3878 quaereus
677 3811 818 3881 requiem,
836 3818 863 3868 et
878 3828 936 3869 uon
953 3818 996 3871 ia-

162 3898 242 3952 cem't
270 3895 390 3967 (Mallia.
408 3895 469 3964 su).
495 3893 619 3966 Spiritus
642 3894 828 3968 immundus,
858 3901 997 3959 diabolus

107 4011 112 4017 ·
162 3987 215 4039 est.
245 3982 379 4054 spiritus,
400 3998 455 4054 per
483 3987 640 4050 naturam;
667 3984 852 4058 Immundus,
871 4007 924 4064 per
938 3992 997 4048 cul-

162 4084 235 4145 pam
251 4087 258 4138 ;
275 4067 405 4141 spiritus,
422 4085 475 4143 per
501 4072 703 4130 conditionem
720 4094 727 4144 ;
744 4075 997 4154 immundus,pe1·

162 4157 359 4232 iniquitatem.
385 4159 449 4216 Exit
463 4159 582 4232 spiritus
605 4161 780 4221 immundas
795 4167 833 4223 ab
849 4170 971 4227 homine
989 4191 995 4240 ;

163 4263 233 4303 cum
245 4262 299 4320 per
322 4247 448 4317 gratiam
466 4249 506 4304 ab
530 4249 595 4322 ipso
616 4251 737 4322 fugatur
760 4254 790 4311 in
804 4256 995 4330 iraptismate.

163 4336 269 4395 Exiens
285 4337 324 4393 ab
352 4338 482 4408 bonnae,
497 4339 564 4396 loca
590 4341 675 4399 arida
702 4345 836 4418 requiem
858 4365 995 4421 quaerens

161 4425 370 4502 perambulam
386 4428 461 4484 dum
480 4429 519 4485 ab
534 4429 635 4504 aliquo
649 4448 703 4505 per
715 4434 927 4506 exorcismum,
944 4446 995 4497 ant

1050 3412 1153 3452 semen
1168 3395 1262 3468 possit
1276 3395 1410 3467 excipere
1436 3394 1484 3449 vel
1495 3394 1671 3465 germinare.
1698 3395 1851 3464 VolucreS,
1871 3412 1888 3452 a

1050 3483 1162 3557 quibus
1174 3500 1275 3540 semen
1289 3483 1403 3556 rapitur
1417 3483 1571 3539 ‹tiemoncs
1581 3488 1659 3551 snut,
1671 3499 1725 3556 per
1734 3501 1814 3557 quos
1827 3501 1886 3540 rer·

1050 3572 1135 3640 bum,
1164 3588 1202 3628 ue
1224 3571 1387 3638 fructificet,
1415 3571 1556 3628 aufertur.
1583 3571 1637 3637 Qui
1662 3570 1730 3627 ideo
1751 3572 1886 3629 volucres

1052 3661 1118 3716 carli
1133 3660 1282 3728 dicuntur,
1298 3661 1370 3733 quia
1383 3660 1509 3717 cmlestis
1532 3663 1559 3716 ei
1575 3660 1736 3733 spititualis
1752 3667 1824 3718 smrt
1837 3679 1885 3717 na-

1051 3753 1136 3818 inme,
1150 3750 1197 3805 vel
1209 3750 1281 3822 qnia
1294 3766 1348 3823 per
1363 3766 1432 3805 aera
1446 3749 1625 3807 discurrunt.
1652 3752 1736 3807 Petra
1747 3757 1792 3808 est
1805 3751 1883 3807 indo·

1051 3839 1158 3896 mitum
1174 3856 1234 3903 cor,
1252 3845 1280 3896 et
1295 3839 1415 3907 durum,
1430 3839 1512 3895 nullo
1528 3855 1648 3895 vomere
1661 3856 1740 3896 verae
1755 3840 1825 3897 fidei
1838 3857 1881 3914 pc

1051 3933 1202 3984 nctratum
1219 3946 1225 3995 ;
1242 3927 1345 4001 inquo
1360 3945 1422 3984 non
1445 3934 1489 3984 est
1502 3945 1590 3984 verus
1604 3944 1699 3996 amor,
1725 3933 1777 3985 aut
1790 3945 1880 4002 perse-

1050 4012 1183 4069 verentia
1207 4012 1332 4068 virtutis.
1362 4011 1470 4085 Spina,
1497 4017 1566 4068 suut
1590 4012 1710 4081 divitiae,
1741 4030 1810 4086 quar
1833 4029 1879 4086 per

1052 4102 1162 4158 multas
1174 4118 1262 4158 curas
1289 4117 1340 4157 cor
1354 4100 1495 4174 latuerant,
1520 4105 1548 4158 ct
1568 4118 1670 4157 semen
1690 4102 1774 4159 verbi
1797 4103 1878 4158 sulio

1051 4195 1129 4247 cant.
1153 4194 1240 4248 Terra
1264 4190 1356 4259 Irona,
1373 4208 1424 4248 eor
1446 4191 1515 4248 mile
1538 4196 1564 4248 ei
1586 4191 1681 4247 docile
1696 4210 1703 4258 ;
1718 4192 1803 4265 quod
1818 4207 1877 4248 sere

1051 4282 1181 4337 fructum
1197 4281 1282 4349 facit3
1298 4297 1367 4336 cum
1383 4279 1412 4337 in
1427 4281 1492 4354 ipso
1507 4282 1637 4353 perfecta
1651 4280 1804 4338 bonorum
1816 4298 1877 4354 ope·

1050 4386 1118 4426 rum
1134 4368 1287 4442 plenitudo
1299 4369 1411 4425 crescit.
1430 4373 1550 4425 fructus
1566 4369 1698 4438 seminis,
1711 4370 1878 4442 justificatio

1050 4458 1244 4516 cstbominis.

161 4515 349 4590 baptismum
363 4516 493 4588 fugatus,
519 4518 611 4576 corda
630 4522 833 4594 quorumlibet
859 4525 994 4586 fidelium

162 4621 182 4662 a
194 4604 316 4663 mollitie
331 4609 360 4662 et
374 4606 501 4663 humore
516 4606 604 4664 qum
619 4609 806 4680 cogitationis
814 4618 993 4687 purgatam
1032 4651 1039 4662 ‚
1104 4587 1184 4648 Gar.
1200 4584 1288 4647 XXI.
1303 4585 1349 4646 De
1364 4585 1495 4661 r'mim'eo,
1512 4587 1569 4666 qui
1579 4589 1827 4666 snpmsemrimm't

163 4691 394 4750 inhabitandum
407 4694 555 4767 explorat;
569 4698 621 4754 sed
631 4696 662 4754 in
674 4699 747 4756 Iocis
759 4701 849 4758 aridis
859 4706 994 4778 requiem
1397 4683 1526 4742 ῑῖῑθηῖα·

163 4779 221 4878 sibi
241 4781 365 4837 minime
389 4782 523 4855 iuventt3
546 4786 619 4860 quia
640 4805 691 4845 cor
717 4791 875 4862 cujuslibet
897 4795 993 4852 fidebs
1082 4798 1185 4855 Simile
1199 4802 1241 4855 est
1258 4813 1384 4867 aequum
1409 4798 1552 4853 cutoriam
1579 4797 1702 4865 borniui,
1720 4802 1776 4870 qai
1787 4817 1881 4858 semea

163 4883 271 4926 “mmm
298 4884 316 4927 ³
339 4869 420 4969 ΜΨ)
442 4873 619 4970 '1⁰08stflssd02
647 4876 809 4950 loquendo,
839 4885 994 4955 operando
1049 4886 1157 4943 bourem
1172 4888 1328 4942 suaiuaait
1336 4887 1365 4941 iu
1375 4886 1598 4956 aprcsucaam
1609 4893 1707 4943 aretem
1718 4889 1881 4947 dormirent

162 4971 322 5030 nunqnam
336 4964 554 5059 quiescitfnnc
567 4962 640 5020 dfxit
655 4968 811 5024 :Revertar
823 4970 854 5026 iu
867 4971 992 5030 domum
1048 4974 1424 5047 bomines,ceuitinimieus
1434 4977 1539 5046 ursel
1552 4977 1803 5044 namuelitarum!
1809 4981 1882 5036 :iza-

161 5046 444 5147 meamundecxru
460 5067 466 5104 :
483 5050 615 5119 circuit,
632 5056 661 5109 et
681 5053 993 5119 inveniteamvacan-
1048 5065 1100 5120 m‘a
1116 5063 1237 5137 (Mattlr.
1251 5067 1321 5133 xnr).
1336 5067 1367 5118 tn
1376 5063 1422 5119 his
1432 5062 1708 5130 verbisttominicis,
1717 5081 1789 5139 qna
1803 5074 1882 5124 caete-
1912 5058 1915 5073 '

161 5137 232 5204 “mv
249 5150 348 5210 ⁸00r1⁸
365 5136 554 5206 mundatam,
568 5143 596 5195 et
606 5142 764 5210 20rnatam.
780 5146 949 5218 vacantem,
961 5150 992 5208 id
1046 5150 1087 5207 ris
1106 5150 1239 5209 faciliora
1252 5156 1322 5207 sunt
1336 5156 1363 5209 ct
1377 5151 1474 5221 magis
1490 5151 1658 5220 manifesta,
1672 5169 1734 5209 non
1755 5156 1882 5213 maltum

161 5227 206 5280 est
218 5223 329 5281 abono
343 5241 433 5298 opere
449 5229 615 5283 cessantem
629 5245 636 5296 ;
650 5230 749 5302 scopis
761 5234 948 5305 mundatam,
962 5239 992 5295 id
1045 5239 1229 5295 morandum
1243 5256 1318 5308 csse,
1335 5239 1387 5295 sed
1403 5239 1553 5307 succincte
1573 5257 1637 5297 esse
1652 5244 1884 5317 transeundum,

161 5315 206 5369 ⁰⁸⁸
217 5311 248 5368 5¹¹
260 5313 438 5382 exorcismo,
453 5318 482 5370 ei
496 5330 577 5387 aqua
599 5316 741 5390 baptismi
756 5334 775 5375 a
792 5321 869 5378 vitiis
883 5340 992 5397 purga-
1046 5327 1244 5384 decernimus.
1263 5331 1357 5384 ttomo
1369 5328 1432 5395 istc,
1443 5327 1495 5400 qui
1507 5327 1622 5386 bonum
1638 5346 1740 5387 semen
1757 5332 1883 5389 semina·

161 5399 224 5452 tam
240 5417 247 5465 ;
263 5407 411 5471 ornatam,
435 5402 467 5459 id
481 5406 526 5459 est
540 5403 685 5462 stmtdatis
706 5406 862 5465 virtutibus
890 5414 993 5485 pallia·
1044 5413 1096 5481 vit,
1113 5413 1246 5471 Christus
1261 5420 1324 5483 est;
1346 5430 1426 5485 ager,
1443 5416 1576 5473 mundns
1594 5435 1600 5484 ;
1626 5433 1739 5490 semen,
1756 5422 1882 5478 verbnm

161 5484 234 5538 tam.
247 5486 336 5581 'Turre
351 5489 443 5558 cudit,
460 5496 487 5547 ct
502 5494 626 5550 assumit
650 5496 726 5552 alios
741 5503 850 5567 septem
868 5503 992 5571 spiritus
1046 5500 1106 5558 Dei.
1120 5501 1270 5570 inimicus,
1283 5502 1440 5572 diabolus3
1453 5504 1572 5573 zizania,
1585 5505 1797 5566 haereticorum
1812 5510 1882 5580 dog·
1915 5529 1916 5552 t

161 5581 315 5639 irequiores
329 5586 368 5644 se,
383 5583 411 5633 et
425 5579 552 5648 inpressi
563 5579 759 5640 balitautr'li.
774 5585 893 5658 Septem
908 5587 992 5662 spiri-
1045 5595 1136 5662 mata,
1152 5591 1213 5649 sive
1226 5592 1507 5667 qualibetpeccata.
1517 5596 1700 5652 Cumantem
1711 5597 1868 5656 dormiren
