3832 6044
164 141 231 197 {007

357 123 510 180 HUGONlS
529 122 574 177 illi
595 119 623 175 S.
643 115 791 173 victorie
810 114 861 168 PP.
881 114 970 169 Palas
990 115 1011 168 l.
1030 141 1065 153 -
1084 114 1285 176 exactrice.
1306 151 1340 160 -
1358 123 1391 177 ll.
1413 122 1446 176 nt
1465 121 1672 178 autoritati.

1806 126 1879 181 {008

161 250 382 339 perfectissimis
413 245 576 319 gratiarum
602 238 778 296 actionibus.
807 241 837 292 ln
861 237 928 310 ipsa
940 255 991 293 au-
1005 240 1028 292 Α
1043 236 1165 310 pissent,
1181 256 1241 296 non
1268 242 1477 317 incoepissent;
1494 248 1522 301 et
1537 244 1593 300 uisi
1606 244 1636 300 in
1650 244 1700 300 illa
1712 245 1877 302 essentiam

160 359 223 411 tem
236 341 407 405 laudatione
420 331 558 409 principii
569 329 663 386 nostri
673 327 770 402 primo
782 327 917 382 omnium
933 327 989 382 hoe

162 426 464 500 commemorandum
492 426 546 491 est,
575 418 702 493 qualiter
730 415 831 471 divina
861 415 989 483 bonitas,

161 546 230 607 quae
245 524 285 582 ad
306 516 408 578 omnia
432 509 618 577 ditiunditur,
643 506 775 581 primum
799 505 928 561 creanda
951 504 991 561 ad

161 634 226 680 esse
241 609 384 677 adduxit;
409 608 514 679 postea
537 596 736 671 gubernanda
760 594 816 650 sub
833 610 863 651 se
886 594 990 651 consti·

161 709 216 770 luit
227 709 256 762 et
269 695 429 760 nutrienda
448 692 532 749 adse
558 685 737 746 reformavit.
764 688 823 741 lloe
835 688 888 753 est,
909 683 992 756 quod

160 797 250 859 dicit:
267 815 281 845 a
297 789 429 847 Primum
443 779 532 837 simul
546 776 693 842 omnium,
707 797 720 823 a
741 772 771 828 id
795 777 839 829 cst
859 772 992 845 primum

161 893 230 949 ante
242 880 354 946 omnia,
370 874 486 948 oportet
513 891 527 919 «
543 865 617 924 illud
637 864 888 930 discretarum»
903 861 936 919 id
949 865 993 917 est

160 980 244 1038 illam
268 969 422 1028 veritatem
444 960 552 1025 dicere,
582 978 595 1006 θ
611 958 654 1026 ιιῖ,
672 976 686 1003 a
704 953 762 1008 hoc
783 956 828 1006 cst
854 949 989 1049 qualiter,

161 1066 272 1128 scilieet
283 1046 536 1132 superessentialis
556 1043 696 1102 diviuitas
711 1065 724 1092 θ
737 1039 895 1096 universali
907 1039 992 1096 bonr-

160 1161 219 1217 1ate
234 1165 291 1208 sna
313 1140 438 1203 adduxit
461 1137 500 1195 ad
529 1149 593 1192 esse
614 1131 756 1188 essentias
780 1144 895 1196 eornm,
923 1145 992 1200 quae

161 1250 232 1306 sunt
247 1261 254 1312 ;
270 1233 462 1300 substituens,
483 1229 552 1301 post
573 1221 763 1288 creationem,
786 1217 921 1274 sitlelicet
935 1217 992 1274 dis-

160 1348 277 1416 ponens
292 1331 321 1385 et
344 1321 498 1390 ordinans,
513 1314 561 1372 rel
583 1317 715 1369 statuens
739 1309 796 1365 sub
816 1324 857 1376 se,
873 1313 902 1365 et
915 1307 992 1364 ordi-

1043 326 1197 397 nabat-eut,
1213 329 1242 385 in
1255 347 1290 387 eo
1303 332 1386 404 quod
1402 337 1480 398 sunt,
1494 349 1556 388 non
1574 339 1796 405 permanerent.
1811 337 1878 390 Pro

1043 419 1144 489 pterea
1162 418 1228 490 ipsa
1241 421 1422 494 principium
1444 422 1581 477 onmium
1603 427 1655 489 cst,
1683 440 1779 496 quam
1796 439 1879 480 assu·

1043 505 1164 574 mande,
1187 511 1216 564 et
1229 509 1435 583 participando
1449 509 1612 583 ineipinnt;
1628 516 1657 568 et
1670 512 1802 569 essentia
1816 529 1878 568 om·

1044 594 1129 650 nium
1148 601 1201 665 cst,
1224 614 1317 670 quam
1332 599 1525 667 assumendo,
1542 604 1570 656 et
1583 599 1795 673 participando
1810 601 1878 657 sub

1045 682 1161 740 sistunt.

1082 773 1163 830 Unde
1178 776 1310 848 sequitur
1327 796 1363 833 :e
1385 777 1544 834 Existentia
1569 777 1657 849 igitur
1680 778 1786 835 omnia
1815 780 1876 851 ejus

1045 879 1109 918 esse
1132 865 1319 938 participant.
1337 887 1351 915 ι
1380 871 1420 922 Λθ
1449 867 1473 923 si
1500 867 1632 923 diceret:
1657 867 1733 934 Quia
1754 867 1821 924 sine
1843 885 1877 924 ee

1045 950 1118 1007 nihil
1146 953 1307 1012 subsistere
1338 959 1443 1028 potest,
1473 956 1665 1013 manifestum
1701 962 1755 1024 est,
1796 958 1876 1030 quod

1046 1056 1109 1097 essc
1126 1043 1191 1115 ejus
1201 1043 1381 1117 participant
1393 1044 1504 1114 omnia,
1527 1062 1595 1119 quae
1611 1045 1789 1103 subsistunt.
1815 1050 1877 1119 tpsa

1046 1146 1117 1201 ergo
1145 1147 1205 1188 una
1233 1138 1261 1190 et
1286 1134 1425 1190 eamdem
1446 1135 1574 1191 existens
1597 1135 1626 1190 in
1652 1152 1682 1190 se
1705 1135 1812 1192 divina
1830 1153 1877 1192 na-

1047 1223 1112 1277 tura
1136 1227 1283 1294 quantum
1305 1224 1344 1280 ad
1364 1223 1513 1291 effectum,
1537 1230 1566 1281 ct
1589 1224 1735 1293 virtutem,
1757 1229 1788 1281 et
1811 1242 1875 1299 ope·

1045 1310 1202 1380 rationem,
1230 1313 1372 1369 omnibus
1398 1314 1637 1381 subsistentibus,
1662 1320 1690 1370 et
1711 1330 1731 1371 a
1749 1332 1781 1372 se
1800 1333 1876 1371 erea-

160 1442 238 1487 nans
260 1413 511 1476 secunduma«
528 1408 576 1461 Εεῖ
602 1401 692 1459 enirn.
710 1424 722 1449 ε
738 1403 793 1455 ete.
810 1402 850 1452 rte
868 1397 891 1452 si
916 1397 992 1453 dice·
1048 1399 1082 1454 tis
1095 1401 1239 1471 essentiis,
1263 1407 1291 1460 et
1313 1402 1437 1471 naturis,
1456 1407 1484 1458 ct
1500 1403 1682 1476 principium
1704 1408 1758 1471 est,
1783 1421 1803 1460 a
1819 1421 1875 1478 quo

160 1520 223 1576 ret:
238 1511 361 1581 Propter
381 1502 439 1557 hoo
463 1494 565 1551 divina
585 1491 704 1548 bouitas
719 1505 764 1556 ea,
789 1486 990 1560 quaerentia
1047 1505 1110 1546 csse
1139 1491 1299 1564 accipiunt,
1323 1496 1352 1547 et
1372 1492 1500 1549 essentia
1519 1492 1656 1548 omnium
1683 1498 1737 1560 est,
1764 1493 1796 1550 in
1819 1510 1876 1566 qua

161 1607 246 1666 adse
260 1586 585 1656 revocatetrelcrmat,
599 1576 943 1655 quiapropriumilliest
957 1592 993 1632 ex
1008 1592 1028 1647 B
1047 1578 1222 1647 subsisttmt,
1239 1584 1267 1635 ct
1287 1580 1348 1636 rita
1363 1584 1408 1636 est
1430 1597 1490 1636 non
1508 1581 1644 1637 omnium
1659 1581 1785 1654 quidem
1800 1582 1877 1654 [quie

161 1693 250 1754 insita
262 1680 445 1755 benignitate
460 1675 519 1745 illa,
535 1689 604 1746 quae
618 1685 682 1726 esse
699 1669 879 1739 acceperunt
893 1667 931 1722 ab
946 1683 991 1735 ea,
1047 1683 1107 1723 uon
1137 1669 1239 1724 ormrin
1264 1668 1375 1733 virrmt)
1404 1669 1457 1725 sed
1484 1669 1645 1725 stt-emtum
1660 1670 1801 1726 omnium
1822 1670 1877 1727 uita

161 1788 195 1841 ut
220 1779 306 1837 beate
330 1786 394 1830 csse
415 1763 540 1840 possint,
567 1760 607 1816 ad
633 1773 719 1813 suani
749 1755 993 1811 ecmuurnionem

160 1882 291 1934 vocare;
319 1861 468 1935 quantum
496 1849 606 1907 seilicet
629 1843 868 1916 unumquodque
892 1858 995 1898 sccun-

161 1960 237 2018 dum
252 1951 389 2011 ordinem
403 1937 582 2000 conditionis
606 1952 678 2002 sure,
706 1931 872 1988 elmodam
898 1947 995 2030 capax

162 2063 226 2106 esse
239 2041 337 2117 potest
345 2025 580 2110 participationis
595 2023 683 2079 illius.
699 2045 712 2073 ι
731 2019 992 2120 Εεῖθιιίιιι,ιιιᾳιιιῖ,

161 2139 219 2196 ῖιθθ
233 2125 390 2207 proprium
409 2133 506 2176 causae
522 2113 668 2180 omnium,
685 2115 713 2166 ct
734 2110 883 2203 'borutrtrs
905 2126 995 2208 super

162 2222 276 2287 omnia,
293 2213 349 2271 »id
362 2213 406 2267 est
419 2202 571 2272 bonitatis
585 2217 654 2274 quae
674 2215 765 2256 eausa
780 2202 824 2254 est
846 2214 992 2298 omnium,

162 2314 234 2391 quia
247 2324 301 2384 per
316 2318 384 2363 eam
399 2299 476 2355 laetu
491 2296 561 2350 sunt
583 2289 694 2357 omnia,
720 2293 749 2344 et
775 2303 864 2386 super
892 2304 995 2344 omma

162 2408 218 2473 θεῖ,
236 2397 309 2474 quia
332 2385 470 2450 trahitad
495 2399 526 2439 se
539 2380 617 2438 facta
631 2396 649 2437 a
662 2396 692 2435 se
709 2397 715 2447 ;
732 2378 789 2434 hoc
804 2377 914 2433 scilicet
926 2393 994 2477 pro-

162 2493 262 2571 prium
273 2486 313 2544 illi
325 2487 379 2551 est,
394 2490 503 2535 vocare
513 2488 559 2540 ea,
575 2486 643 2544 quae
659 2471 738 2536 sunt,
755 2466 794 2524 ad
808 2482 993 2523 commumo-

161 2598 234 2643 nem
261 2589 359 2641 suam,
378 2573 412 2625 ut
433 2567 492 2623 hoc
523 2565 576 2628 est,
606 2558 681 2615 sicut
704 2555 865 2630 uuicuique
889 2571 993 2612 eormn

162 2689 231 2748 quae
256 2668 335 2737 sunt,
364 2656 505 2721 delinitur
531 2650 578 2706 rel
600 2649 790 2722 dispens-altu
814 2663 850 2703 ex
872 2645 994 2720 propria

162 2755 312 2827 analogia,
328 2751 360 2807 id
375 2752 419 2804 est
430 2755 582 2807 mensrua,
597 2736 736 2803 etmodo,
753 2741 781 2792 et
795 2735 993 2792 ordinabam

1047 1763 1101 1825 est,
1126 1774 1162 1814 cx
1175 1751 1254 1831 'qna,
1271 1763 1299 1814 et
1311 1775 1364 1832 per
1379 1759 1676 1831 quarnvirilieantur,
1699 1765 1728 1816 et
1754 1759 1876 1823 risuum

1048 1851 1076 1901 et
1103 1845 1248 1919 sapientia
1276 1851 1320 1902 est
1348 1862 1409 1903 nou
1433 1846 1570 1902 omnium
1601 1846 1804 1916 existentium,
1832 1853 1879 1904 aut

1047 1933 1220 2002 virentium,
1248 1934 1321 2007 quia
1353 1950 1414 1991 non
1436 1934 1538 1990 omnia
1564 1935 1729 2005 existentia,
1760 1942 1816 1993 aut
1842 1937 1879 1992 u·-

1047 2023 1145 2079 rcutia
1172 2023 1302 2096 sapiunt,
1327 2023 1380 2079 scd
1403 2023 1584 2095 sapientium
1604 2024 1742 2081 omnium
1765 2026 1879 2098 sapien·

1049 2111 1088 2167 tia
1103 2115 1146 2167 est
1162 2129 1169 2179 ;
1190 2117 1218 2167 et
1239 2110 1412 2180 intellectus,
1427 2116 1456 2167 et
1469 2111 1554 2181 ratio,
1570 2130 1587 2168 a
1602 2130 1663 2186 qua
1677 2118 1706 2169 ct
1719 2129 1774 2186 per
1789 2132 1879 2187 quam

1048 2199 1263 2268 illuminantur,
1289 2204 1317 2255 et
1340 2198 1470 2271 sapiunt,
1495 2206 1523 2255 et
1544 2199 1711 2271 intelligunt
1726 2206 1755 2256 et
1775 2201 1881 2257 discer-

1048 2293 1133 2346 nrmt.

1084 2381 1144 2434 lloc
1173 2382 1216 2433 est
1244 2377 1326 2450 quod
1348 2376 1439 2433 dicit:
1456 2380 1553 2433 ‹us-se
1568 2377 1649 2434 enirn
1673 2380 1815 2436 omnium
1841 2386 1881 2437 est

1049 2483 1204 2540 superesse
1218 2465 1416 2534 divinitatis»
1443 2465 1514 2539 quia
1538 2482 1592 2539 per
1620 2483 1683 2523 esse
1707 2469 1878 2534 divinitatis,

1048 2558 1130 2630 quod
1161 2572 1250 2629 super
1276 2571 1365 2612 omne
1391 2572 1455 2612 esse
1481 2561 1619 2624 estesse
1646 2557 1786 2616 habetet
1814 2559 1880 2615 sub

1049 2646 1123 2703 sistit
1143 2644 1292 2719 quidquid
1315 2649 1367 2712 est,
1398 2643 1554 2700 «virentia
1577 2649 1687 2712 autem,
1704 2665 1720 2701 ι
1737 2648 1878 2719 quaejam

1048 2752 1109 2792 non
1130 2734 1227 2789 solum
1243 2749 1307 2788 esse
1320 2733 1372 2787 sed
1388 2736 1416 2787 et
1430 2732 1526 2788 rivere
1542 2732 1581 2788 ab
1596 2749 1631 2789 ea
1642 2734 1806 2807 accipiunt,
1818 2752 1879 2809 par-

163 2853 194 2910 in
217 2849 275 2905 hoc
303 2843 368 2914 ipso
397 2827 588 2908 pulchritudo
612 2824 809 2881 universitatis
830 2823 991 2896 perticitur,
1048 2824 1200 2899 ticipando
1221 2823 1359 2879 eamdem
1375 2821 1477 2891 vitam,
1502 2840 1570 2895 quae
1590 2829 1634 2881 est
1649 2842 1740 2899 super
1759 2841 1879 2882 omnem

163 2935 248 3015 quod
259 2926 438 2990 nonunoet
453 2918 560 2976 codem
583 2911 994 2983 modoomnia,scdsingula
1009 2944 1029 3000 C
1047 2915 1150 2981 uitam,
1183 2917 1212 2968 et
1243 2911 1382 2968 eamdem
1420 2910 1568 2968 riritieam
1597 2913 1734 2970 virtutem
1766 2915 1879 2988 partici-

162 3037 292 3104 quoeque
311 3011 477 3074 secundum
492 3004 627 3062 ordinem
641 3006 670 3058 et
683 2999 810 3071 gradum
836 3017 924 3057 suum
942 3018 993 3058 va·
1048 3001 1161 3075 pando,
1178 2998 1373 3066 vivificantur,
1389 3003 1417 3054 et
1440 2998 1552 3057 vivunt.
1566 3021 1580 3053 ιι
1594 3000 1760 3060 Rationalia
1781 3009 1878 3059 ειιιῖθιιι

162 3118 204 3176 rie
231 3129 266 3172 ac
293 3099 486 3167 multifariam
501 3094 540 3152 ad
559 3091 802 3150 communionem
818 3089 926 3146 (livinae
940 3090 993 3148 bo·
1049 3095 1077 3148 et
1099 3087 1316 3184 intellectualia,
1334 3107 1348 3138 »
1376 3086 1584 3183 participando
1611 3090 1816 3147 ‹camdem›
1840 3091 1878 3162 ip

161 3158 262 3266 nitatis
276 3195 462 3257 revocantur,
479 3180 696 3254 utiueoquod
719 3196 778 3236 non
805 3179 1000 3247 deseruntur,
1049 3193 1112 3235 sain
1143 3174 1319 3272 sapientiam
1346 3176 1519 3231 existentem
1550 3195 1560 3228 t
1588 3193 1677 3249 super
1702 3195 1828 3236 omnem
1855 3184 1879 3234 rt

163 3290 349 3366 compleatur
378 3295 455 3354 opus
487 3270 650 3340 honitatis3
679 3269 709 3324 iu
739 3284 774 3324 co
807 3284 886 3340 sero,
911 3267 993 3341 quod
1049 3261 1204 3329 rationem,
1233 3266 1260 3317 et
1290 3260 1482 3359 intellectum,
1508 3279 1561 3334 per
1587 3279 1617 3319 sc
1648 3264 1826 3336 perlectam,
1855 3270 1878 3320 et

162 3382 244 3442 varie
270 3372 471 3439 disponuntur·
502 3361 541 3419 ad
572 3359 711 3415 decorem
743 3362 772 3412 ct
800 3355 994 3429 pulchritudi-
1049 3358 1117 3409 ante
1143 3351 1315 3424 perlectam,
1329 3370 1352 3449 ι.
1369 3350 1400 3406 rd
1422 3356 1466 3407 est
1488 3369 1579 3425 supra
1600 3353 1702 3409 omnia
1718 3355 1880 3428 perlectam

161 3485 233 3531 nem
255 3462 393 3522 omnium
414 3470 491 3523 opus
516 3447 668 3522 sapientire
695 3445 873 3518 pelliciatur.
895 3468 909 3494 a
926 3447 994 3501 Om·
1050 3440 1226 3514 sapieutiam
1250 3439 1468 3513 participando,
1498 3441 1722 3510 ratiocinantur,
1747 3448 1776 3499 et
1801 3442 1878 3499 intel·

162 3559 214 3617 nia
237 3552 336 3624 igitur,
365 3560 432 3618 quae
461 3543 540 3608 sunt,
569 3534 748 3610 participant
775 3532 993 3606 providentiam
1049 3529 1154 3599 ligurit,
1170 3533 1198 3584 et
1221 3527 1350 3600 sapiunt,
1374 3528 1594 3585 ttatiocinautur
1617 3530 1742 3603 quidem
1763 3531 1879 3587 investi·

163 3663 200 3706 ex
215 3629 463 3715 superessentiali,
486 3631 515 3682 et
536 3620 742 3680 causalissima
766 3620 917 3677 divinitate
932 3637 994 3677 ma·
1050 3617 1160 3688 gande,
1188 3615 1357 3686 intelligrmt
1382 3616 1591 3688 cognoscendo
1616 3619 1735 3684 sapiant
1762 3619 1878 3694 partiei-

162 3702 296 3792 nantem.
319 3747 333 3776 a
352 3713 613 3787 Quandoquidem,
635 3708 740 3781 inquit,
765 3708 822 3763 hoc
837 3708 995 3781 proprium
1048 3705 1150 3779 pando
1161 3709 1194 3760 ut
1208 3720 1268 3759 una
1281 3709 1309 3760 et
1330 3704 1437 3761 eadem
1465 3704 1565 3761 (lirina
1587 3705 1706 3763 bonitas
1719 3712 1749 3765 et
1768 3709 1878 3765 subsis-

163 3818 323 3881 estdivinoe
337 3804 487 3870 bonitatis
502 3804 535 3857 ut
548 3797 651 3855 omnia
661 3798 779 3851 revocet
794 3794 891 3851 adsui
907 3795 995 3868 parti·
1048 3793 1177 3851 tentibus
1192 3793 1320 3849 essentia
1335 3793 1380 3861 sit,
1396 3798 1425 3850 et
1439 3794 1605 3852 virentibus
1619 3797 1689 3869 uita,
1710 3802 1741 3854 et
1763 3798 1876 3871 sapien·

163 3907 354 3982 cipationem,
370 3900 402 3953 ut
418 3885 613 3949 eonversaad
638 3900 705 3941 eam
729 3880 901 3952 subsistant,
926 3901 994 3957 quar
1048 3882 1126 3938 tibus
1151 3881 1305 3955 sapientia.
1333 3885 1374 3938 Ex
1402 3899 1464 3956 quo
1490 3883 1588 3954 claret,
1616 3885 1698 3959 quod
1726 3885 1777 3943 illa
1801 3903 1875 3944 crea-

163 3997 203 4055 ab
218 4009 254 4050 ea
267 3983 485 4065 processerunt,
498 3980 529 4032 ut
540 3990 603 4031 esso
615 3970 792 4044 acciperent.
808 3973 883 4041 Ergo
906 3993 919 4020 «
932 3989 995 4028 om·
1048 3972 1077 4024 ta
1104 3969 1236 4026 creatrici
1256 3975 1369 4027 naturae
1389 3972 1590 4042 similitudine,
1605 3978 1634 4030 et
1647 3973 1769 4032 veritate
1783 3975 1874 4046 magis

161 4083 214 4143 nia
225 4095 294 4153 qnae
317 4075 395 4141 sunt,
411 4065 590 4143 participant
616 4057 843 4134 providentiam,
861 4076 876 4112 r
897 4059 928 4115 id
951 4065 1014 4117 est·
1048 4056 1219 4132 propinqua
1235 4064 1313 4129 sunt,
1328 4076 1396 4133 quoe
1412 4060 1451 4116 ab
1466 4060 1516 4118 illa
1530 4062 1626 4133 magis
1640 4062 1671 4118 in
1684 4062 1768 4120 dono
1782 4080 1873 4138 peree-

163 4167 317 4245 provisum
330 4163 458 4224 bonum,
474 4158 502 4211 ct
514 4149 664 4226 provisam
680 4147 806 4220 gratiam
820 4152 994 4206 manantem
1048 4150 1165 4217 pertint.

162 4275 200 4318 ex
213 4257 280 4331 ipsa
291 4248 451 4314 divinitate,
468 4241 553 4317 quasi
568 4239 605 4294 de
618 4238 708 4305 tonte,
734 4239 762 4292 ot
776 4235 874 4309 primo
888 4237 995 4310 prinei·
1085 4237 1143 4290 lloc
1159 4235 1298 4308 estquod
1313 4236 1446 4309 sequitur
1462 4257 1468 4295 :
1486 4237 1694 4312 «Clarumque
1709 4241 1874 4314 quodcirca

161 4347 214 4424 pio
243 4341 342 4401 omnis
373 4331 524 4400 bonitatis,
554 4345 622 4402 quae
653 4325 907 4400 superessentialis
939 4331 992 4395 est,
1010 4296 1032 4350 ὓ
1048 4338 1115 4379 cam
1142 4322 1197 4378 illae
1218 4324 1413 4381 essentiarum
1430 4330 1507 4395 sunt,
1532 4344 1600 4400 quae
1624 4328 1873 4386 innumerabiliter

162 4436 235 4512 quia
248 4434 280 4491 in
294 4445 356 4487 suoe
375 4429 490 4482 naturae
505 4415 679 4475 excellentia
692 4413 833 4470 omnibus
848 4414 991 4484 essentiis,
1048 4411 1087 4467 ab
1102 4427 1137 4469 ea
1159 4417 1347 4486 aeceperunt.
1365 4436 1379 4464 ι
1395 4414 1478 4472 Circa
1499 4432 1567 4472 cam
1581 4415 1717 4474 videlieet
1745 4417 1873 4476 divinam

162 4529 192 4583 ct
217 4514 447 4580 subsistentibus
474 4505 589 4566 naturis
619 4501 840 4577 supereminet,
870 4507 898 4559 et
926 4519 993 4559 cau·
1047 4506 1196 4572 naturam,
1223 4502 1253 4559 id
1282 4507 1325 4560 est
1350 4505 1529 4579 propinquae
1553 4511 1582 4562 et
1606 4507 1710 4563 sicinae
1738 4507 1780 4564 illi
1800 4512 1873 4575 suut,

162 4611 310 4672 satissime
335 4609 389 4672 est,
413 4599 443 4658 id
471 4600 513 4654 est
542 4608 702 4650 causarum
726 4591 862 4647 omnium
891 4607 991 4660 causa,

161 4705 190 4758 et
212 4696 432 4772 prima'causa,
454 4683 600 4760 quoniam
619 4680 657 4737 ab
682 4679 747 4752 ejrrs
770 4678 901 4736 bonitate
925 4696 993 4753 pro-

161 4786 239 4844 cedit
261 4784 377 4839 bonum
409 4790 498 4832 omne
535 4769 618 4844 quod
646 4767 776 4824 rebusa
804 4784 834 4824 se
867 4767 992 4825 conditis

161 4871 313 4936 omnibus,
339 4871 372 4923 ut
399 4861 570 4928 subsistant,
598 4855 840 4930 participandum
866 4856 990 4931 prebet.

161 4966 261 5020 «Non
285 4955 364 5014 cuim
398 4947 530 5008 fortassis
559 4949 657 5002 essent
688 4943 746 5002 nisi
783 4961 898 5014 eornm,
923 4960 991 5017 qute

160 5055 240 5119 sunt,
265 5042 409 5109 essentiae,
437 5042 464 5094 ot
499 5033 636 5109 principii
667 5033 881 5107 assumptione.
908 5051 921 5082 s
950 5035 991 5088 Ex

158 5145 228 5209 hoc,
262 5134 366 5210 inquit,
396 5125 516 5204 probari
547 5127 653 5197 potest,
683 5122 785 5178 omnia
813 5138 881 5194 qnae
911 5126 989 5189 snut,

158 5234 291 5293 divinam
301 5219 521 5302 providentiam
536 5215 724 5290 participare,
740 5212 811 5285 quia
825 5211 908 5268 aliter
921 5211 990 5268 sub-

158 5320 259 5376 sistere
275 5303 335 5371 ιιόιι
347 5311 478 5384 possent,
499 5305 556 5361 nisi
576 5303 668 5376 ipsius
683 5300 791 5355 divinar
804 5298 954 5370 bonitatis,
972 5315 990 5355 a

1047 4594 1075 4648 et
1094 4591 1266 4649 immediate
1293 4593 1472 4665 conjunctae,
1501 4594 1557 4651 itta
1584 4596 1793 4666 essentiarum,
1822 4598 1874 4654 boc

1047 4685 1091 4738 est
1104 4681 1161 4738 illae
1184 4683 1329 4752 essentiae,
1358 4683 1419 4740 sive
1440 4689 1565 4754 naturae,
1593 4703 1785 4762 quaecuuque
1812 4692 1874 4762 post

1046 4772 1147 4846 ipsum
1173 4789 1237 4830 esse
1259 4773 1363 4831 datum
1389 4775 1653 4845 innumerabiliter,
1695 4779 1743 4836 rel
1783 4779 1875 4837 multi·

1046 4863 1160 4937 pliciter
1173 4863 1212 4920 ab
1236 4880 1273 4921 ea
1292 4864 1373 4922 dona
1387 4866 1530 4923 virtutum
1554 4873 1745 4942 acceperunt.
1762 4874 1795 4928 tn
1817 4869 1876 4944 qui·

1045 4946 1103 5004 bus
1119 4948 1228 5022 ‚primo
1249 4948 1316 5007 loco
1341 4956 1499 5008 censentur
1525 4952 1655 5010 caelestes
1669 4953 1726 5010 illae
1753 4960 1783 5012 et
1796 4955 1875 5030 spiri-

1046 5037 1141 5096 tuales
1164 5043 1278 5097 naturae
1303 5039 1491 5114 angelorum,
1519 5058 1587 5116 qure
1615 5059 1678 5099 non
1701 5044 1805 5103 solum
1828 5060 1876 5119 per

1046 5126 1237 5186 subtilitatem
1276 5129 1428 5201 sapientire
1468 5130 1656 5188 rationabilia
1690 5139 1773 5207 suut,
1810 5135 1875 5208 quia

1045 5215 1194 5273 intellectu
1220 5217 1410 5282 discernunt:
1439 5219 1492 5276 sed
1515 5236 1569 5294 per
1590 5220 1786 5281 subtilitatem
1807 5241 1876 5298 quo

1045 5321 1104 5376 que
1132 5304 1292 5377 spiritualis
1319 5310 1432 5364 nature
1465 5308 1684 5382 intellectualia,
1714 5313 1790 5384 quia
1818 5313 1876 5370 solo

157 5424 219 5479 qua
242 5404 422 5461 ourniaesse
437 5397 626 5467 aeceperunt,
642 5395 670 5446 ct
686 5390 715 5445 in
731 5388 906 5461 quaomnia
921 5388 989 5442 sub·
1045 5393 1193 5448 intellectu
1225 5394 1256 5448 in
1290 5411 1344 5450 sua
1381 5401 1487 5453 nutura
1513 5397 1728 5470 percipiuntur,
1761 5407 1791 5458 et
1818 5419 1877 5458 sen·

158 5495 274 5559 sistunt,
290 5487 516 5564 participatione
537 5481 740 5537 subsisterent.
769 5477 874 5534 ttmnia
897 5477 987 5538 eninr.
1045 5497 1112 5537 sum
1128 5481 1260 5554 eorporis
1275 5498 1336 5537 nou
1352 5485 1552 5555 coritinguut3
1579 5503 1613 5542 ac
1639 5502 1693 5559 per
1716 5488 1776 5545 boe
1792 5505 1878 5562 super

116 5614 119 5618 >
157 5598 225 5659 quae
240 5582 318 5646 sunt,
332 5577 388 5634 nisi
401 5575 531 5632 adivina
553 5571 685 5629 bonitate
709 5568 889 5645 principium
904 5585 986 5626 acee-
1046 5569 1158 5638 carnin,
1173 5586 1241 5644 quae
1261 5575 1339 5639 sunt,
1361 5571 1445 5631 sactae
1461 5577 1539 5644 suut,
1553 5574 1625 5647 quia
1639 5575 1767 5647 rirunt;
1791 5584 1821 5637 et
1835 5595 1878 5635 su·
