3832 6044
17 106 70 159 745

438 105 645 161 cetthaeum:
665 107 697 160 ΙΝ
721 105 828 159 tentis
849 105 1110 163 'instantiarum
1131 138 1166 147 -
1187 107 1250 163 tlh.
1271 107 1313 162 Xt.

1678 112 1732 167 rto

56 227 138 281 Teura
161 224 305 279 irriserunt
333 226 444 297 tractos
468 243 535 284 suos
564 230 771 285 urrioersorum
800 242 848 281 ur·
864 227 887 280 Α
906 228 961 282 isto
975 227 1734 299 tiscoiispcausoona-uculatrasericidesignan-

18 315 109 381 diurn,
126 319 153 369 et
163 315 404 384 prouinciarum,
419 333 501 387 repes
513 333 549 373 oc
562 318 723 386 principes,
737 317 849 371 scilicet

15 401 247 472 Mesopotamia,
264 408 291 457 et
307 405 414 476 Spin,
435 411 461 460 ct
476 405 578 474 Sabat,
593 410 619 460 et
638 405 745 474 Libyae,
761 410 850 475 utrque

18 493 145 563 Ciliciae,
161 492 213 563 acri
227 491 374 547 percientes
388 494 429 548 ud
439 492 671 563 Ilotopberuem,
686 494 828 549 dicerunt
839 507 850 548 .·

17 583 144 639 Desinat
158 581 324 650 iadipaatio
341 587 392 637 tua
409 583 489 638 circa
504 597 567 638 uos.
589 583 698 638 Melius
711 588 752 639 cst
766 589 797 638 ut
810 583 851 638 ci·

18 688 134 740 verrius,
147 677 174 728 ct
187 671 352 727 serviamus
367 671 642 728 Nabuchodonosor
656 674 721 744 rapi
730 689 848 744 triopae,

17 767 46 818 et
56 761 171 818 subditi
182 762 274 816 siricus
287 760 349 831 tibi,
361 776 451 831 qrcam
464 763 621 818 ricoricntcs
643 778 707 818 cum
727 763 850 818 interitu

17 856 121 907 austro
133 849 286 906 seruitutis
297 850 524 906 uostradaumo
536 851 850 921 patiosnrudsacinurs]

18 938 147 1010 (dicdith.
165 943 215 994 snt.
235 937 448 1010 Mesopotamia
468 937 677 1012 interpretatur
700 941 825 996 etcuatio
840 954 852 1009 ,·

19 1027 115 1100 Syria,
131 1027 288 1099 subtimis;
304 1026 402 1094 Sobel,
418 1044 528 1083 venitm
539 1041 551 1100 ,·
565 1028 666 1101 Libya,
683 1030 852 1100 intrantes;

19 1116 129 1185 Cilicia,
144 1123 235 1173 catus
251 1115 297 1171 vel
309 1116 414 1171 tuctus.
431 1115 581 1189 Principes
593 1117 681 1186 igitur
694 1116 851 1185 regionam

17 1200 150 1268 illarum,
177 1199 229 1273 qui
255 1199 370 1269 legatos
396 1217 466 1257 suos
491 1201 530 1257 ad
556 1200 774 1274 llolopherncm
797 1218 851 1274 pro

17 1305 95 1363 pace
110 1288 264 1357 miserunt,
280 1289 400 1359 signant
425 1290 569 1358 ceraulae,
597 1290 649 1365 qai
672 1290 851 1347 reconciliati

905 321 961 381 tarr,
975 316 1037 388 qui,
1054 317 1118 373 licet
1129 334 1182 390 pta
1193 317 1294 373 omnia
1304 316 1384 373 viarm
1396 316 1524 373 veritatis
1532 333 1594 373 non
1604 322 1732 387 teneant,

904 408 1003 460 tamen
1019 405 1048 460 in
1064 406 1199 462 doctrina
1214 423 1268 462 sua
1282 405 1376 462 nrrrlta
1390 422 1461 462 sera
1476 405 1650 479 pradicant,
1666 422 1734 479 que

903 492 973 548 tidci
988 499 1096 550 nostra·¹
1119 496 1311 551 concordant.
1330 495 1362 551 lli
1388 499 1491 551 contra
1506 494 1667 551 Ecclesiam
1681 511 1735 569 pu-

904 587 1007 653 gnant,
1022 583 1074 638 scd
1093 583 1207 639 ratione
1223 582 1353 656 superati
1368 582 1521 640 veritatem
1536 582 1659 638 omniuo
1674 599 1736 639 non

905 671 1010 728 celant.
1028 672 1157 728 llaretici
1184 673 1263 729 enim
1289 672 1370 727 bona
1386 671 1472 727 malis
1491 671 1670 744 permiscent
1683 671 1737 744 qui

905 762 1024 833 sempor
1039 761 1113 816 falsa
1128 761 1152 816 si
1167 761 1307 825 dicerent,
1323 760 1413 815 latere
1435 776 1495 815 non
1508 765 1639 832 possent.
1658 760 1738 817 Sicut

905 849 957 921 qui
972 849 1078 903 veneni
1093 852 1198 922 potum
1225 847 1359 920 porrigit,
1379 847 1498 903 labrum
1527 848 1626 903 cetheis
1649 848 1737 905 melle

907 937 1008 1007 tangit,
1026 942 1057 992 nt
1083 937 1166 1009 qriod
1190 936 1276 992 ‹lulee
1291 941 1344 1003 cst,
1366 935 1499 1008 primum
1527 939 1675 1005 tangatur,
1696 952 1734 992 ne

905 1026 988 1098 quod
1003 1025 1187 1081 rnortiicrum
1203 1028 1246 1081 cst
1261 1024 1408 1080 timeatur.

945 1117 1027 1171 Tum
1040 1114 1248 1184 Hotopberues
1259 1114 1405 1183 pracepit
1417 1115 1510 1169 servis
1523 1115 1595 1184 suis,
1613 1119 1645 1168 ut
1662 1129 1737 1170 corri-

902 1205 1124 1276 pretrenderent
1147 1203 1271 1270 achior,
1287 1208 1314 1259 et
1334 1202 1476 1259 (terrerent
1492 1218 1558 1258 ercru
1583 1204 1613 1258 ia
1628 1202 1738 1259 Betha-

908 1295 990 1359 tienr,
1006 1298 1060 1349 etc.
1077 1291 1194 1365 (tridua
1221 1292 1269 1364 ιι.)
1286 1291 1332 1348 Sic
1347 1291 1457 1347 summi
1473 1291 1623 1364 principes
1638 1289 1738 1347 saculi

18 1376 261 1451 persecutoribus
275 1377 395 1433 student
408 1383 440 1433 ut
454 1378 558 1435 mortis
579 1378 746 1450 perieulum
759 1382 787 1435 et
801 1397 852 1436 vo·
906 1381 1147 1455 persecutoribus
1160 1379 1295 1436 fideliam
1324 1379 1380 1434 sibi
1395 1379 1536 1451 subjectis
1551 1378 1738 1453 precipiunt,

18 1465 142 1539 luptatis
156 1465 368 1522 detrimentum
388 1466 513 1522 evadere
536 1467 660 1540 possint.
676 1472 715 1523 tle
740 1468 852 1541 quibus
906 1475 939 1528 ut
954 1470 1104 1543 quoslibet
1120 1469 1304 1525 confessores
1316 1466 1429 1535 Christi,
1442 1484 1595 1541 precones
1609 1467 1738 1524 veritatis

19 1554 143 1612 dicitm:
160 1554 218 1622 Orci
229 1557 294 1612 orctt
312 1558 425 1612 arnicas
445 1558 622 1626 ejussacuti
635 1559 852 1625 essc,iaimicns
867 1577 887 1632 p
908 1559 1173 1633 comprehendant,
1197 1562 1229 1613 ut
1253 1558 1283 1613 iu
1300 1573 1427 1614 inanum
1448 1557 1578 1613 liliorum
1593 1557 1691 1625 lsrael,
1707 1556 1739 1613 id

18 1644 77 1700 Det
96 1644 289 1699 coorstitta'ttu·
303 1644 378 1711 (dac.
394 1644 442 1715 11).
473 1648 504 1700 ln
519 1644 565 1701 his
580 1644 659 1701 enim
685 1643 852 1701 sollicitudo
908 1653 951 1705 est
966 1648 1126 1704 electorum
1139 1647 1266 1714 tradant,
1278 1663 1355 1718 qnos
1370 1645 1427 1719 ipsi
1441 1647 1611 1719 perdendos
1621 1652 1737 1720 putant.

18 1731 113 1803 hujus
125 1730 225 1788 saculi
249 1736 278 1787 et
292 1731 410 1789 [abacia
436 1732 608 1790 dialtiarum
636 1734 762 1791 sutioeat
790 1750 852 1788 scr·
908 1742 941 1795 Et
955 1739 1097 1794 ducentes
1120 1737 1236 1793 sarlurrt
1249 1751 1303 1808 per
1317 1735 1505 1809 campestria,
1531 1735 1602 1808 quia
1616 1735 1740 1809 capiunt

18 1821 106 1888 bum,
122 1825 151 1876 et
163 1820 292 1877 fructum
308 1837 369 1878 non
391 1821 470 1878 iacit.
487 1823 517 1878 lli
529 1822 608 1879 enim
622 1824 719 1880 ter-suit
729 1823 853 1880 uomina
908 1827 980 1884 tales
996 1827 1111 1883 trahere
1124 1842 1178 1898 per
1199 1824 1300 1880 illicita
1314 1824 1471 1891 desideria,
1487 1824 1518 1879 in
1532 1824 1611 1880 eiam
1635 1824 1738 1892 latam,

19 1910 254 1985 provinciarum,
270 1911 322 1984 qui
337 1911 478 1985 superbia
493 1912 674 1969 extolluntur
698 1917 726 1969 ct
740 1912 852 1968 vacrila·
907 1934 975 1990 qum
990 1915 1072 1971 ducit
1085 1915 1124 1971 ad
1147 1918 1285 1970 mortem.
1303 1916 1410 1970 Contra
1432 1929 1510 1986 quos
1531 1912 1737 1980 fundibularii,

20 2005 81 2056 tem
95 2004 271 2072 sequuntur.
286 2003 405 2057 Terram
429 2000 549 2058 duabus
566 2002 620 2058 viis
636 2001 853 2072 inegrediantur,
907 2005 1000 2062 idest
1021 2004 1115 2060 sancti
1139 2002 1349 2076 praedicatores
1372 2002 1403 2057 in
1417 2001 1578 2070 montanis,
1600 2001 1631 2057 id
1651 2001 1740 2057 estin

19 2092 49 2145 et
59 2088 148 2145 cantui
163 2088 339 2158 lugentium,
359 2089 408 2146 sel
427 2089 552 2146 luxmia
567 2108 628 2147 scra
643 2108 749 2164 laternas
772 2090 853 2147 luen·
907 2094 1053 2151 arduitate
1066 2091 1131 2161 sio,
1145 2109 1212 2166 qua
1224 2091 1306 2147 ‹lercit
1319 2090 1358 2146 ad
1369 2090 1461 2146 tritam
1476 2089 1737 2164 consistentesper

20 2178 96 2234 tium
117 2178 148 2233 iu
176 2177 293 2234 interno
321 2177 525 2249 sociabuntur,
543 2181 594 2237 ubi
605 2182 646 2238 ad
666 2182 795 2237 calorem
811 2181 854 2236 ni-
907 2184 1097 2241 manifestam
1112 2180 1356 2255 pradicationem
1377 2184 1495 2248 exeunt,
1516 2184 1544 2236 et
1558 2196 1650 2237 sacra
1666 2180 1739 2238 Scri-

19 2268 124 2334 mium,
139 2266 363 2335 transferentur
383 2267 421 2323 ab
435 2269 642 2340 oquisrciuium
670 2268 734 2335 (doh
753 2272 851 2341 ssent:
907 2280 1002 2348 ptura
1015 2272 1107 2330 rerba
1123 2271 1246 2344 jaciunt.
1272 2271 1330 2327 Sed
1351 2270 1401 2326 itti
1413 2270 1534 2326 ‘Achior
1560 2271 1739 2326 dimittentes

17 2360 48 2412 ct
60 2356 166 2413 vermis
180 2371 281 2412 eorum
297 2373 356 2412 riou
367 2358 522 2430 cooriatur,
537 2364 565 2414 et
580 2359 657 2430 ipois
673 2375 732 2414 reon
743 2360 853 2415 cestia-
907 2362 1096 2421 caereorum
1109 2361 1216 2431 tipont,
1231 2358 1302 2431 quia
1316 2374 1371 2430 per
1384 2356 1516 2413 diversas
1533 2356 1739 2414 tribulationes

18 2450 132 2516 puetur
143 2444 212 2516 (Iso,
229 2445 315 2518 exer).
907 2454 1059 2509 consortes
1075 2447 1178 2505 Christi
1192 2445 1340 2519 passionis
1354 2445 1476 2501 iaciunt.
1493 2446 1532 2500 Et
1546 2447 1658 2502 reversi
1668 2451 1739 2502 suut

59 2537 143 2590 Tum
157 2535 311 2592 aredientes
328 2535 393 2593 hac
415 2536 476 2606 filii
488 2537 594 2609 Israel,
610 2538 663 2608 arri
676 2537 852 2594 babitabant
907 2541 1044 2598 erectores
1064 2537 1104 2595 od
1124 2536 1275 2592 doctrinam
1290 2550 1387 2602 securo,
1399 2533 1469 2608 quia
1491 2539 1694 2605 persecutores
1707 2534 1741 2589 ti-

21 2630 135 2681 terram
150 2624 242 2695 duda,
259 2625 423 2681 tinnuerunt
436 2626 523 2682 ualde
538 2642 555 2683 a
568 2626 723 2696 suciceJ'us
737 2627 854 2698 (iudith
907 2629 1030 2696 delirum,
1059 2629 1221 2696 augmento
1249 2622 1395 2680 scelerum
1428 2638 1551 2679 suorum
1579 2622 1739 2679 deteriores

20 2712 73 2784 rs).
102 2711 148 2769 Sic
172 2717 306 2786 tempore
327 2713 541 2786 persecutionis
565 2714 670 2771 timent
697 2715 800 2783 sancti,
816 2732 853 2771 ne
908 2733 1026 2791 semper
1049 2715 1134 2771 liunt.
1156 2714 1254 2770 Porro
1273 2713 1333 2782 filii
1359 2713 1455 2769 Isroct
1477 2711 1683 2768 descendentes
1705 2712 1740 2768 de

21 2801 164 2859 ‹liabolus
179 2806 207 2859 et
226 2806 431 2876 persecutores
445 2803 484 2860 ab
499 2820 534 2860 eo
561 2803 663 2860 directi
674 2804 783 2862 iaciant
797 2806 853 2861 hoe
908 2805 1063 2874 Bctlrutio,
1081 2801 1253 2859 uenierutud
1261 2800 1386 2871 Achior,
1397 2814 1481 2870 quera
1496 2791 1640 2855 soluentes
1650 2798 1741 2854 duce·

22 2890 159 2948 Ecclesia
172 2895 200 2948 et
212 2890 351 2947 fidelibus
366 2892 431 2964 ejus
441 2893 524 2966 quod
536 2892 649 2949 faciunt
661 2893 773 2950 eatenis
784 2911 854 2966 gen·
873 2933 894 2987 C
909 2899 981 2950 rruit
996 2893 1037 2951 ad
1050 2892 1233 2948 Bettrutiem.
1252 2889 1297 2946 Sic
1312 2888 1449 2944 doctores
1460 2886 1594 2943 Ecclesiae
1605 2886 1644 2943 ad
1655 2886 1742 2944 arbo·

21 2979 114 3037 tibus.
130 2980 245 3037 Timent
258 2996 297 3036 ne
324 2980 453 3037 Ecclesia
477 2981 632 3038 infirmiori
658 2987 742 3056 parte
764 3001 855 3057 expa-
909 3000 972 3041 rem
987 2983 1112 3054 ligatum
1128 2981 1257 3048 solerent,
1273 2995 1343 3035 cum
1354 2978 1585 3034 catechumenos
1596 2993 1741 3047 suos,nee

22 3074 141 3140 gnetur,
156 3074 184 3126 et
199 3069 240 3126 sie
268 3069 391 3143 aliquod
407 3070 452 3126 sui
476 3071 687 3128 detrimentum
714 3073 853 3146 patiatur.
908 3073 1353 3148 pe1·secut0rcm,necmortem
1374 3068 1477 3123 timere
1502 3066 1612 3123 docent
1632 3066 1742 3139 ,quasi

21 3153 140 3211 Mittunt
154 3153 183 3209 in
198 3153 373 3223 Samariam,
396 3153 427 3210 id
451 3155 538 3211 estin
553 3172 604 3212 eos
630 3155 682 3229 qui
708 3157 856 3214 custodire
910 3163 948 3220 ad
964 3163 1102 3219 arborem
1117 3159 1242 3229 ligatum
1256 3157 1384 3224 solvunt,
1402 3170 1497 3211 curua
1508 3155 1666 3210 formidine
1677 3170 1742 3210 cru·

22 3261 56 3300 se
72 3243 184 3299 debent
197 3248 226 3300 et
237 3242 320 3313 alios,
336 3244 450 3301 monita
473 3244 585 3313 salutis,
606 3262 643 3301 ne
665 3262 718 3319 per
742 3246 856 3303 aditum
910 3253 951 3309 cis
965 3256 1096 3308 montem
1118 3248 1260 3321 pavidam
1276 3249 1384 3301 eruunt
1407 3242 1489 3301 etad
1510 3243 1687 3325 patiendum
1702 3242 1743 3297 in-

22 3349 127 3407 prava
144 3333 356 3403 delectationis,
371 3333 527 3407 prebeant
540 3333 675 3391 hostibus
688 3334 856 3406 ingressum
911 3345 1038 3398 struunt,
1059 3342 1119 3394 lloe
1134 3341 1234 3394 autem
1249 3334 1356 3391 melius
1371 3333 1414 3403 fit,
1428 3333 1453 3388 si
1468 3331 1607 3405 exemplo
1623 3331 1700 3388 Ozia
1716 3336 1744 3388 et

23 3422 64 3480 ad
78 3422 184 3480 intima
207 3423 315 3480 cordis.
341 3426 394 3480 Pcr
422 3422 579 3480 circuitum
607 3425 737 3493 mittunt,
767 3430 801 3482 ut
821 3443 857 3482 ex
911 3429 1030 3490 Charini
1045 3427 1226 3501 principum,
1239 3424 1291 3498 qui
1300 3421 1500 3480 confortantes
1511 3420 1628 3490 helrior,
1640 3436 1744 3494 preces

22 3509 198 3584 omniparte
212 3528 244 3567 se
259 3511 414 3583 diligenter
437 3517 607 3586 praparent
622 3517 650 3569 et
678 3513 856 3571 custodiant.
910 3521 1033 3578 devotas
1060 3534 1130 3574 omn
1158 3515 1239 3571 omni
1269 3512 1382 3586 populo
1406 3511 1586 3579 effuderunt,
1611 3509 1745 3583 magistri

24 3604 238 3673 ΡΓίΒῡθῦϋΡὶῑΗῐ
250 3600 374 3656 vertices
389 3601 546 3671 111θηῦ1111,
563 3601 637 3659 1111111
653 3603 859 3660 conscendunt
912 3608 1047 3667 Ecclesia
1068 3623 1136 3663 euni
1152 3603 1264 3661 catoris
1284 3601 1423 3658 fidelibus
1444 3600 1595 3657 auditores
1610 3616 1680 3657 suos
1695 3599 1745 3656 de·

26 3694 55 3746 et
69 3687 210 3746 muniunt
231 3689 422 3746 subtilitatem
451 3690 639 3763 ingeniorum
668 3697 696 3750 et
714 3709 858 3750 sensuum
910 3697 987 3755 votis
1013 3694 1153 3770 precibus
1178 3691 1304 3749 nomino
1326 3688 1611 3757 commendaverint,
1632 3693 1666 3745 ut
1681 3689 1745 3759 ejus

27 3777 237 3852 spiritualium.
252 3779 339 3835 Muris
355 3779 542 3836 circumdant
555 3780 647 3851 vicos,
669 3783 743 3839 dum
757 3782 816 3840 fide
831 3786 859 3840 et
911 3789 993 3845 (tono
1003 3785 1144 3850 habeant,
1161 3782 1244 3856 quod
1254 3784 1389 3838 humana
1403 3779 1562 3836 infirmitas
1576 3794 1637 3835 nou
1653 3793 1746 3834 merc-

26 3865 186 3923 virtutibus
202 3866 381 3923 confirmant
395 3867 451 3924 sibi
465 3868 569 3925 tidcles
588 3872 775 3929 commissos.
791 3876 859 3930 Fru-
912 3882 969 3935 tur.
990 3878 1072 3932 Tum
1095 3874 1181 3931 Ozias
1195 3878 1312 3942 sumpto
1334 3871 1467 3938 corrsilio,
1494 3870 1621 3939 suscepit
1634 3883 1701 3924 acra
1715 3867 1746 3922 in

25 3959 129 4013 menta
164 3960 348 4026 congregant
387 3957 417 4013 in
447 3960 698 4031 praeparationem
731 3979 859 4037 pugna,
912 3967 1032 4023 domam
1047 3979 1143 4030 suarii,
1164 3968 1191 4018 et
1212 3961 1284 4030 serit
1301 3961 1455 4018 eisarnam
1470 3973 1622 4029 rnaprrom.
1647 3957 1686 4013 Et
1701 3970 1747 4014 ao·

26 4045 103 4102 dum
135 4044 296 4102 studiosius
330 4045 489 4104 intendunt
516 4049 657 4105 omuibus
683 4049 861 4108 lectionibus
913 4053 1135 4113 catismnaibus
1157 4050 1351 4121 presbyteris,
1377 4050 1495 4119 captato
1509 4049 1600 4105 simut
1617 4048 1748 4119 jeJ'uuio,

27 4140 57 4192 et
98 4133 342 4192 meditationibus
375 4152 466 4192 saera
509 4137 675 4211 Scriptura.
717 4141 861 4198 Sacerdos
915 4145 1095 4215 refecerunt.
1113 4144 1235 4197 Coenam
1250 4153 1393 4207 maguam
1410 4137 1527 4210 expleto
1539 4137 1654 4209 jejemio
1668 4136 1748 4204 lacit,

28 4240 153 4297 quoque
168 4223 286 4279 Domini
301 4223 443 4280 Eliachim
452 4225 554 4282 scribit
564 4227 602 4283 ad
610 4227 775 4298 universos,
788 4229 862 4285 darm
915 4232 968 4307 qui
985 4231 1038 4287 diu
1050 4228 1183 4286 animam
1199 4225 1385 4296 languidam,
1411 4230 1438 4280 ct
1452 4240 1531 4296 pane
1545 4225 1630 4280 verbi
1644 4224 1694 4281 Dci
1707 4225 1750 4295 je-

29 4312 192 4388 spiritualis
220 4313 361 4385 praelatus
385 4331 490 4370 omues
514 4315 620 4385 crudit,
649 4321 682 4374 ut
709 4318 863 4374 obtineant
913 4323 1032 4395 jonam,
1054 4314 1227 4386 evangelica
1250 4313 1387 4370 doctrina
1402 4318 1431 4369 et
1454 4312 1584 4384 (lapibus
1610 4312 1750 4368 virtutum

30 4417 175 4459 aseensus
199 4401 357 4471 montium,
374 4402 404 4459 id
418 4408 462 4460 est
474 4403 652 4462 arduitatem
666 4405 819 4476 virtutum,
835 4411 864 4465 et
917 4411 947 4467 in
972 4406 1108 4465 convivio
1124 4403 1224 4461 reficit.
1242 4402 1313 4458 llinc
1336 4401 1425 4456 simul
1448 4400 1632 4456 arlsocantur
1645 4415 1751 4455 omncs

30 4494 195 4561 augensium
215 4489 269 4546 iter
295 4492 473 4562 custodiant,
499 4493 529 4548 id
551 4498 595 4550 est
607 4495 729 4551 subtiles
755 4496 863 4553 anuum
918 4496 1094 4574 presbyteri,
1111 4498 1260 4550 uteorum
1284 4488 1540 4547 exhortationihus
1560 4492 1588 4544 ct
1607 4486 1752 4561 exemplis
1791 4551 1794 4556 .

32 4596 140 4636 sensus
154 4578 310 4650 diligenter
320 4580 489 4639 observent.
508 4582 569 4639 l'ilii
584 4588 685 4641 aretem
700 4585 787 4643 lsrael
802 4604 865 4643 om·
919 4587 1149 4646 corroborentur
1172 4583 1211 4640 ad
1240 4581 1331 4638 tidem
1355 4579 1581 4653 percipiendam
1600 4584 1629 4636 ct
1653 4578 1753 4636 obser-

31 4672 93 4738 nia,
110 4685 178 4742 quae
203 4669 259 4725 sibi
274 4673 343 4726 sunt
367 4670 524 4745 imperata,
549 4672 670 4742 iaciunt,
687 4674 760 4731 dnm
783 4677 866 4735 electi

32 4757 190 4833 praecptis
206 4760 358 4831 majorum
373 4760 527 4819 ebediunt.

68 4848 204 4906 Audiens
214 4849 432 4923 Hotopberacs,
446 4853 526 4925 qrcod
536 4855 595 4922 atti
607 4855 704 4912 Israet
710 4872 868 4929 prepara-

34 4944 102 4995 rent
117 4939 200 4996 sead
224 4940 433 5013 resistendum,
460 4945 574 5001 vocarit
590 4960 690 5003 omnes
717 4949 868 5019 principes

33 5027 125 5085 Moab
149 5033 177 5084 et
192 5028 280 5086 duces
294 5030 432 5099 Ammon,
448 5038 475 5088 et
495 5033 572 5089 ctiait
588 5035 629 5091 cis
642 5050 655 5092 .·
668 5037 765 5094 bicite
784 5039 869 5111 mibi,

35 5119 103 5190 quis
118 5119 156 5172 sit
167 5121 301 5188 prorutus
312 5121 376 5192 iste,
392 5123 446 5192 qrci
453 5128 596 5180 cuorrtena
607 5125 718 5183 obsidet
730 5129 871 5194 ttduditb

33 5210 76 5282 ι’.)
92 5208 140 5265 Sic
152 5224 286 5281 quarere
302 5209 612 5284 solcutpersecutorcs
622 5214 661 5271 ab
672 5215 810 5285 invicem,
820 5218 873 5290 qui

38 5299 208 5376 suuttanta
224 5298 398 5355 constantia
417 5299 531 5370 fideles,
559 5303 612 5376 qui
636 5304 693 5361 sibi
716 5305 806 5363 verbo
827 5306 874 5363 vel

40 5384 118 5442 iacto
132 5385 266 5441 resistcre
290 5394 485 5459 praesnrmmt.
507 5393 588 5446 Turre
610 5393 724 5450 stultior
737 5395 802 5451 dire
816 5413 875 5452 orri-

39 5477 124 5531 oium
136 5477 270 5544 fitiorum
290 5478 428 5551 stireman,
442 5482 633 5552 respmutcns,
645 5484 688 5538 uit
700 5500 712 5539 .·
726 5485 760 5540 Si
773 5487 876 5557 dipac-

42 5566 82 5621 ris
97 5566 207 5623 audire
221 5583 276 5637 rire,
292 5568 419 5639 clorru‘ne,
435 5568 534 5625 dicem
549 5571 702 5629 ueritatem
718 5573 875 5644 depopulo

185 5658 307 5712 Parnon.
329 5660 447 5715 clxxv.

919 4677 1052 4736 vandum
1065 4673 1218 4746 neophyti.
1437 4741 1440 4746 Α

957 4763 1357 4837 Porro,domHotopberues
1371 4762 1512 4819 circuiret
1522 4777 1579 4832 per
1592 4777 1701 4832 parma
1712 4777 1755 4818 re·
1807 4831 1820 4848 ,

919 4859 999 4931 perit
1007 4854 1087 4928 quod
1095 4853 1175 4926 sous,
1185 4855 1237 4925 qui
1244 4853 1397 4924 influebat,
1409 4853 1620 4924 aareaductam
1632 4853 1756 4908 iliorum

923 4964 942 5006 e
950 4951 1041 5019 porte
1051 4944 1184 5002 australi
1197 4947 1285 5001 cetra
1299 4942 1449 5000 civitaten
1459 4942 1612 5014 diriperet,
1622 4946 1649 4998 et
1664 4937 1758 4997 incidi

920 5035 1063 5109 pracepit
1073 5033 1282 5106 aqueductum
1304 5047 1404 5088 corum
1420 5031 1539 5103 (derditb
1553 5031 1610 5101 ιιι).
1627 5029 1673 5086 Sic
1688 5028 1758 5082 doc·

926 5127 1034 5184 trinam
1048 5123 1208 5195 Evangelii,
1219 5139 1312 5196 quam
1321 5139 1357 5177 ex
1366 5121 1434 5177 rivo
1447 5122 1526 5176 tonte
1534 5116 1757 5191 procedentem,

926 5217 1063 5274 doctores
1075 5215 1198 5289 Spiritus
1209 5213 1303 5270 sancti
1311 5211 1406 5283 grafia
1415 5207 1638 5276 illuminalipcr
1645 5203 1704 5260 oris
1713 5203 1759 5259 sui

928 5306 1060 5364 fistulam
1073 5305 1225 5362 insaucia
1245 5299 1380 5358 Ecclesia
1395 5296 1543 5353 civitatem
1557 5293 1758 5361 introducunt,

928 5400 1133 5468 persecutores
1147 5393 1279 5447 fidolium
1304 5384 1502 5459 prohibenda,
1519 5387 1547 5437 et
1561 5385 1688 5438 niortcm
1707 5384 1761 5439 mi-

930 5486 1032 5541 nando
1048 5484 1195 5548 uerierunt,
1213 5483 1243 5533 ut
1257 5483 1345 5550 potus
1365 5473 1525 5547 spiritualis
1538 5472 1700 5545 indigemia
1715 5492 1763 5531 oc-

933 5574 1043 5633 cidant.
1061 5575 1142 5628 Turre
1157 5569 1197 5626 ad
1212 5567 1312 5624 Oetam
1327 5565 1503 5636 corrprcpati
1525 5581 1623 5622 orrcrres
1636 5566 1705 5638 oiri,
1719 5566 1762 5634 se·

1607 5659 1645 5709 ‘th
