3832 6044
192 104 225 156 79
352 102 503 157 llUGONlS
525 101 569 155 111]
589 102 616 156 S.
638 99 784 155 VlCTORE
804 99 878 154 OPP.
901 98 987 152 PARS
1005 99 1023 150 1,
1041 125 1075 137 —-
1091 96 1289 153 EllllGETlCrl.
1308 127 1341 137 -
1358 100 1376 152 l.
1399 98 1432 152 lN
1453 98 1481 153 S.
1504 99 1729 155 sculrvunln.
1864 105 1898 153 80

190 223 409 290 holocaustum,
433 232 461 280 et
487 224 665 281 sacrificium
690 239 745 295 pro
773 214 895 295 peccato
922 224 1052 277 sacer-t
1107 223 1209 292 (11111.
1227 222 1271 293 V.)
1286 222 1319 278 Si
1334 223 1502 292 peccauerit
1525 223 1637 294 aninlo,
1662 230 1688 279 et
1709 222 1902 279 (1111111111-

192 312 279 380 dotis,
296 316 324 368 et
348 311 526 369 sacrificium
555 328 609 384 pro
638 314 759 384 peccato
786 311 874 368 totins
902 310 1015 384 poprdi,
1072 326 1133 367 cern
1143 314 1290 383 jurantis,
1313 315 1452 383 testisque
1463 313 1569 383 suerit,
1585 312 1664 382 quod
1678 319 1730 368 cut
1753 313 1814 381 ipse
1830 313 1901 368 uidit

189 419 320 479 quorum
334 402 475 474 primum,
488 407 582 459 totum
596 402 626 456 in
638 400 800 472 altariigne
811 401 1014 458 cremabatur:
1072 407 1124 458 unt
1140 404 1275 458 curiacius
1291 408 1342 472 est,
1360 403 1421 458 nisi
1434 402 1623 469 indicauerit,
1644 400 1779 470 pertulit
1794 401 1902 472 iniqui-

189 494 304 568 reliqua
318 493 378 548 duo
390 491 499 565 partim
514 491 543 546 in
559 490 654 559 altari,
674 489 783 563 partim
808 496 890 546 extra
910 495 1015 547 castra.
1073 496 1163 547 tutem
1177 508 1272 549 suune
1291 491 1418 558 Quidam
1433 492 1490 547 hoc
1504 489 1669 563 capitulum
1685 490 1725 545 ita
1739 489 1902 560 intelligen-

190 583 348 650 Qnoddam
364 581 453 639 etiam
469 580 648 638 sacrificinm
663 583 727 636 erat
740 579 771 635 iu
787 596 848 652 quo
863 594 933 651 pars
958 582 1017 635 [leo
1072 579 1145 636 dum
1170 585 1286 654 putant.
1314 582 1342 637 Si
1367 580 1533 654 peccaverit
1548 580 1649 647 homa,
1666 579 1696 634 in
1709 579 1766 635 boc
1780 580 1900 648 scilicet,

189 673 322 740 cedebat,
345 688 416 747 pars
436 670 653 736 sacerdotibus,
680 673 711 724 ut
734 669 765 724 iu
794 667 938 724 sacrificio
963 684 1017 740 pro
1072 669 1155 741 quod
1168 669 1295 726 audierit
1308 686 1413 726 vocem
1426 669 1554 740 jurantis
1570 685 1671 724 coram
1687 685 1727 736 se,
1746 674 1778 724 ut
1796 685 1902 725 verum

188 757 1018 836 peccatop1·incipis‚etsingutorum‹replebeuuoudam
1072 759 1169 828 dicat;
1184 764 1213 817 et
1227 760 1313 816 luerit
1329 761 1418 828 testis,
1434 760 1464 815 id
1479 763 1524 816 est
1535 759 1682 828 conscius
1699 764 1727 816 et
1746 759 1900 816 veritatem

188 852 218 908 in
233 869 295 925 quo
309 840 493 925 perscoram
515 850 641 906 llomiuo
662 849 860 915 cremabatur,
882 864 952 920 pars
978 847 1016 903 ad
1073 850 1210 922 seiatpra
1225 866 1260 906 eo
1274 850 1356 922 quod
1381 850 1444 923 ipse
1468 849 1541 906 illud
1565 850 1602 905 de
1624 866 1685 923 qno
1698 854 1829 920 rogatur,
1846 856 1901 906 les-

188 959 273 1000 esum
289 941 478 999 sacerdotum
493 939 640 1007 veniebat,
654 955 724 1012 pars
753 937 867 1011 reliqua
892 937 1017 992 11111111-
1073 939 1231 995 timonium
1253 939 1326 995 lcrre
1353 940 1433 1008 vidit,
1459 945 1511 996 aut
1532 939 1590 996 alio
1603 939 1694 995 modo
1708 939 1845 996 conscius
1858 944 1902 996 est

188 1033 267 1088 tibus
282 1031 466 1097 remanebat,
492 1033 522 1086 ut
535 1029 565 1084 in
579 1027 720 1101 pacificis,
733 1027 764 1082 in
787 1027 898 1099 quibus
922 1026 1016 1099 adeps
1072 1027 1160 1097 illius,
1176 1028 1233 1085 nisi
1247 1028 1424 1103 indicaverit
1437 1029 1513 1085 sicut
1523 1030 1576 1086 scit
1589 1029 1752 1097 veritatem,
1772 1029 1902 1102 portabit

187 1125 250 1179 erat
264 1122 314 1178 Dei
329 1137 398 1179 cum
420 1118 603 1192 quibusdam
627 1117 691 1173 aliis
715 1116 870 1190 partibus;
899 1120 1016 1188 pectus·
1072 1117 1257 1191 iniquitatem
1273 1134 1370 1186 suam,
1394 1118 1424 1174 id
1449 1123 1501 1184 est,
1523 1134 1591 1175 reus
1616 1118 1677 1174 erit.
1695 1116 1744 1173 Vel
1757 1118 1781 1173 si
1797 1135 1902 1191 pecca·

188 1210 331 1268 culumet
345 1225 446 1265 armus
460 1208 562 1263 dexter
577 1205 748 1272 sacerdotis,
768 1204 916 1278 reliquum
945 1204 1016 1260 olle·
1072 1207 1145 1262 verit
1176 1208 1277 1264 anima
1301 1225 1369 1264 cum
1394 1207 1476 1265 audit
1498 1224 1602 1264 vocem
1630 1207 1757 1278 jurantis
1781 1207 1900 1275 lalsrun,

187 1301 315 1357 rentium
331 1299 406 1355 sicut
417 1298 481 1368 jam
496 1297 632 1370 superius
646 1294 787 1350 diximus.
800 1293 931 1349 Aliarum
945 1310 1016 1350 vero
1072 1300 1183 1353 etcum
1199 1297 1244 1364 sit,
1261 1296 1291 1353 id
1307 1301 1359 1364 est,
1376 1314 1439 1353 esse
1450 1297 1545 1371 possit
1558 1297 1639 1353 testis
1659 1296 1793 1353 falsitatis
1811 1297 1900 1364 illius,

186 1389 373 1449 oblationum
387 1388 424 1443 de
441 1387 546 1455 farina,
563 1390 669 1458 preter
688 1383 845 1457 pugillum,
874 1383 957 1456 quod
985 1383 1016 1439 in
1071 1387 1143 1459 qnia
1158 1387 1231 1443 vidit
1243 1391 1295 1443 aut
1310 1387 1447 1443 conscius
1471 1393 1523 1455 est,
1550 1387 1606 1444 nisi
1630 1386 1805 1444 indicaverit
1817 1387 1901 1444 illum

107 1525 109 1528 ,
186 1478 361 1537 memoriale
377 1493 479 1533 coram
492 1475 616 1532 domino
636 1473 834 1542 cremabatur,
858 1490 927 1529 cum
952 1478 1014 1529 toto
1071 1475 1181 1533 falsum
1189 1477 1300 1548 jurare,
1313 1482 1425 1550 peccat.
1441 1482 1472 1533 ln
1491 1495 1552 1550 quo
1574 1482 1674 1535 tamen
1687 1478 1766 1534 hanc
1781 1495 1900 1535 mensu·

187 1571 272 1627 thure
286 1569 323 1625 dc
341 1584 402 1640 quo
420 1567 494 1623 nibil
517 1564 743 1622 reservabatur:
759 1564 841 1636 quod
864 1563 1013 1637 reliquum
1036 1578 1136 1631 Bram
1161 1571 1258 1623 tenere
1280 1573 1405 1641 oportet,
1432 1572 1464 1624 ut
1486 1567 1525 1624 ad
1545 1567 1758 1625 correctionem
1778 1584 1840 1624 non
1861 1567 1901 1624 ad

186 1665 249 1718 erat
263 1663 358 1716 totum
374 1656 499 1714 cedebat
509 1660 608 1712 Aaron
624 1659 651 1710 ct
661 1653 728 1709 filiis
741 1654 815 1723 ejus,
830 1652 968 1710 Similiter
978 1651 1015 1708 de
1069 1656 1222 1713 lresioucm
1235 1657 1313 1713 illins
1329 1661 1486 1730 peccatum
1510 1657 1603 1731 ipsius
1619 1658 1796 1715 manifestet.
1812 1657 1860 1713 l'el
1877 1657 1900 1714 si

145 1781 149 1789 ·
186 1751 314 1816 clibana,
332 1753 360 1805 et
375 1747 534 1817 sartagine,
551 1750 580 1801 et
594 1742 736 1801 craticula
757 1758 827 1815 pars
849 1742 880 1797 in
904 1759 1015 1798 memo·
1069 1746 1235 1819 peccaverit
1249 1746 1358 1814 iulroc,
1376 1747 1485 1804 scilieet
1499 1747 1522 1802 si
1538 1747 1664 1804 audierit
1679 1764 1783 1804 vocem
1797 1747 1900 1819 juran-

185 1840 262 1897 riam
274 1855 377 1896 eoram
393 1837 519 1894 Domino
537 1833 743 1890 cremabatur:
777 1832 925 1904 reliquum
952 1837 1016 1888 erat
1069 1836 1105 1892 tis
1120 1835 1240 1903 falsum,
1256 1841 1284 1892 et
1308 1841 1486 1893 contestetur
1511 1836 1550 1892 illi
1576 1837 1678 1893 diceus
1703 1852 1733 1892 se
1753 1836 1900 1909 quodiste

185 1934 293 1999 Aaron,
306 1933 335 1986 ct
348 1927 478 1984 filiorum
492 1925 566 1996 ejus.
589 1923 644 1990 Sic,
659 1927 687 1993 et
698 1923 735 1978 de
753 1921 889 1994 primitiis
909 1926 1016 1994 pneter
1069 1926 1144 1982 ialso
1165 1927 1247 1997 jurat
1272 1926 1389 1992 vidisse,
1416 1931 1467 1982 aut
1483 1927 1541 1983 alio
1561 1927 1653 1984 modo
1668 1926 1822 1983 conscium
1835 1943 1899 1983 esse

185 2020 365 2077 fermentum
380 2016 489 2083 etmel,
504 2014 541 2070 dc
556 2013 667 2086 quibus
681 2011 754 2068 nihil
766 2010 966 2067 cremabatur.
1069 2032 1138 2071 cum
1153 2031 1214 2072 non
1231 2016 1276 2083 sit,
1289 2016 1346 2071 nisi
1359 2021 1462 2088 postea
1477 2016 1660 2084 indicaverit,
1683 2016 1730 2073 vel
1745 2016 1899 2074 veritatem

221 2112 325 2183 (laur.
351 2108 405 2179 111.)
427 2106 539 2162 Auirnu
561 2105 587 2159 si
602 2104 772 2174 peccauerit
791 2118 846 2171 per
875 2103 1015 2171 1911111111-
1070 2106 1166 2178 ipsam
1194 2105 1269 2161 sieut
1293 2105 1384 2172 novit,
1408 2107 1455 2162 vel
1479 2106 1583 2163 saltem
1608 2107 1753 2162 sacerdoti
1778 2105 1899 2179 culpam

186 2203 269 2274 tium,
285 2205 313 2257 et
327 2199 363 2255 de
377 2197 523 2253 aretinensis
538 2194 688 2251 retundatis
714 2192 844 2262 Domini,
863 2206 930 2262 quer
939 2207 1017 2261 pru·
1070 2211 1156 2250 suam
1171 2195 1209 2251 de
1220 2194 1294 2251 falso
1306 2195 1474 2252 testimonio
1493 2197 1575 2268 qnod
1595 2196 1753 2269 perhibuit,
1769 2195 1900 2270 portabit

186 2293 263 2362 cepit
277 2294 311 2346 nt
325 2305 385 2346 non
398 2288 515 2356 fierem,
532 2285 687 2356 quidpiam
700 2283 831 2352 feeerit,
858 2281 1015 2352 hucusque
1069 2285 1255 2358 iniquitatem
1264 2302 1361 2342 suam.
1372 2287 1483 2343 Antron
1494 2303 1558 2357 qua
1570 2288 1698 2358 tetiqerit
1714 2287 1837 2358 aliquod
1848 2288 1899 2344 iru-

185 2379 296 2455 pendet
310 2377 472 2435 sententia:
498 2379 602 2448 postca
621 2388 674 2446 per
698 2370 933 2427 subdivisionem
959 2370 1016 2426 dis·
1070 2376 1225 2447 rnurrdunr,
1251 2379 1305 2431 etc.
1329 2379 1360 2430 ln
1385 2376 1441 2431 hoc
1459 2375 1588 2448 capitulo
1608 2375 1789 2432 oblivionem
1802 2392 1898 2449 reprc-

186 2470 301 2542 tinguit.
318 2468 482 2540 Siquidem
497 2466 559 2537 nte,
576 2464 629 2534 qui
643 2462 697 2518 loc
710 2461 793 2531 fecit,
810 2466 852 2516 est
866 2460 1013 2532 tuendos,
1070 2465 1173 2522 hendit
1183 2469 1336 2521 contactus
1345 2465 1507 2521 immundi:
1518 2465 1710 2539 consequenti
1718 2481 1799 2532 vero,
1809 2481 1897 2539 opus.

184 2561 238 2632 qui
251 2565 359 2616 unctus
373 2562 425 2629 est,
442 2555 554 2626 offeret,
571 2557 624 2608 etc.
641 2550 674 2606 Si
687 2555 785 2607 autern
808 2550 902 2605 curnis
928 2549 1015 2605 turbu
1070 2555 1125 2620 Qui
1136 2555 1216 2610 enim
1225 2553 1350 2624 tetigerit
1360 2555 1562 2623 immundum,
1576 2555 1751 2611 immundus
1762 2554 1897 2621 cilicium,

186 2649 292 2719 Israel,
318 2651 373 2702 etc.
402 2645 553 2701 Stantem
579 2641 748 2710 peccarent
772 2640 924 2711 princeps,
960 2643 1014 2696 etc.
1070 2648 1098 2700 ot
1119 2644 1264 2718 delinquit
1286 2644 1310 2699 si
1333 2660 1386 2717 per
1408 2645 1556 2701 incuriam
1571 2644 1680 2702 oblitus
1700 2644 1897 2701 immundifiae

186 2739 253 2793 llaec
267 2735 370 2792 omnia
385 2732 544 2802 subjuncta
557 2728 741 2802 respondent
754 2728 792 2784 ad
805 2728 934 2801 primam
950 2743 1017 2799 pro·
1070 2750 1131 2789 suae¹
1151 2734 1354 2791 mundationis
1378 2735 1467 2791 ritum
1488 2752 1548 2791 non
1564 2735 1712 2792 observat.
1730 2739 1857 2792 ttmsum
1874 2735 1897 2791 si

186 2825 376 2898 positionem,
392 2836 453 2896 (1111
468 2819 580 2877 (licium
595 2821 656 2873 0⁵²²
672 2818 782 2873 Animo
798 2817 1014 2886 Sipessfflvet'l'l·
1069 2823 1734 2897 postoblivionemreminisciturimmunditire
1745 2843 1816 2895 suae,
1829 2825 1897 2882 sub-

187 2913 273 2983 Quod
288 2916 388 2971 antem
404 2910 462 2967 ait:
485 2908 518 2965 Si
528 2907 636 2977 [1306111
650 2907 805 2977 quidpiam
819 2905 855 2960 de
870 2905 1015 2960 litttvet'st's
1035 2942 1055 2998 C
1067 2913 1178 2984 jacebit
1190 2914 1296 2970 delicto
1307 2931 1361 2988 pro
1374 2931 1419 2983 eo,
1436 2915 1519 2988 quOtl
1529 2915 1756 2972 mundationem
1770 2932 1831 2973 non
1840 2932 1899 2973 ser.

186 3004 337 3064 mundatis
357 3000 486 3072 Domini,
511 3014 578 3070 quer
596 2997 742 3068 praecepit
766 3001 798 3049 nt
818 3010 876 3050 tion
890 2995 1016 3067 deren&
1070 3003 1159 3071 vavit,
1175 3006 1203 3059 et
1215 3009 1281 3074 eget
1293 3005 1415 3076 purgari
1431 3005 1585 3060 sacrificio.
1601 3006 1712 3062 Aninio
1733 3008 1896 3077 querimu-

186 3096 234 3154 vel
260 3097 300 3151 sic
324 3090 550 3163 intelligendum
576 3091 620 3144 est
649 3085 731 3159 quod
758 3087 844 3152 111111,
874 3084 1015 3156 quaedam
1070 3093 1154 3164 verit,
1167 3098 1194 3149 et
1205 3094 1370 3162 protulerit
1393 3094 1479 3150 tuliis
1497 3096 1569 3167 suis,
1586 3099 1618 3150 ut
1629 3094 1677 3150 vel
1692 3094 1779 3150 valde
1796 3094 1895 3165 [male]

186 3190 308 3263 propter
328 3183 423 3240 solam
445 3181 575 3251 figuram
598 3175 756 3233 observare
779 3173 927 3245 pracepit,
947 3189 1015 3246 qnae
1068 3181 1152 3253 quod
1175 3182 1292 3248 laceret,
1318 3182 1363 3236 vel
1377 3182 1470 3238 bene:
1488 3189 1514 3239 et
1530 3185 1659 3253 idipsum
1667 3186 1851 3256 juramento,
1867 3190 1895 3240 et

183 3279 247 3350 jam
267 3279 335 3349 pest
355 3271 489 3345 agnitam
508 3267 662 3325 veritatem
680 3269 779 3322 tenere
812 3278 936 3335 peecare
960 3267 1012 3330 est,
1068 3286 1201 3328 sermone
1223 3274 1399 3343 lirinunertt,
1421 3273 1581 3343 oblitaque,
1602 3272 1712 3329 scilieet
1732 3272 1896 3345 juramenti

184 3369 232 3425 vel
257 3367 322 3422 sie:
350 3369 382 3420 ut
406 3361 584 3419 mandatnm
607 3356 689 3426 large
717 3370 772 3428 pro
809 3356 958 3426 peramplo
986 3356 1015 3408 01
1068 3360 1123 3427 sui,
1140 3363 1332 3432 etneqtr'qens
1348 3362 1469 3418 verbum
1483 3379 1580 3434 surun,
1594 3369 1698 3432 postea
1712 3364 1895 3420 intellecertt

182 3454 382 3530 prohibitione
396 3450 528 3523 positum
540 3445 750 3515 intellegamus
763 3461 769 3510 ;
784 3459 825 3500 tte¹
838 3442 863 3497 Si
881 3442 1010 3504 diceret:
1066 3450 1207 3506 delictum
1221 3466 1318 3523 sutrin,
1344 3450 1426 3522 quod
1440 3450 1549 3507 scilicet
1562 3467 1622 3507 non
1644 3450 1788 3525 implevit,
1811 3450 1901 3525 quod,

185 3544 214 3603 Si
228 3542 328 3598 lecerit
338 3538 495 3612 quidpiam
521 3551 636 3601 eorum,
661 3549 730 3605 quae
752 3532 783 3587 in
795 3530 945 3587 mandalis
958 3533 1012 3586 llo-
1064 3538 1185 3608 Jaravit,
1201 3543 1253 3595 aut
1265 3538 1338 3594 lorte
1349 3539 1432 3611 quod
1443 3539 1520 3596 male
1529 3540 1655 3610 juravit:
1672 3541 1901 3611 aquamanilem,

182 3632 256 3690 mini
271 3629 468 3693 continentur,
483 3626 523 3680 ita
536 3623 619 3696 quod
634 3622 671 3677 de
695 3621 730 3676 iis
752 3623 936 3693 praeceptum
957 3624 1009 3686 esi,
1066 3629 1137 3683 tiurn
1145 3643 1203 3696 pro
1211 3635 1344 3697 peceato.
1357 3628 1485 3694 Quidam
1495 3629 1543 3685 hic
1560 3629 1665 3686 volunt
1676 3646 1740 3686 esse
1759 3629 1900 3711 culpam„

181 3727 285 3780 utnon
299 3720 382 3776 fiant.
398 3715 561 3787 Siquidem
585 3713 647 3783 itte,
672 3712 725 3782 qni
746 3711 799 3766 loe
820 3711 893 3778 16611
914 3724 1010 3766 suoer-
1063 3730 1125 3771 non
1136 3720 1302 3789 propterca,
1320 3717 1403 3789 quad
1417 3719 1622 3788 juramentum
1639 3719 1750 3776 factrun
1763 3723 1823 3788 est;
1839 3717 1902 3793 sed,

181 3814 233 3871 dus
247 3817 300 3881 eat,
315 3811 368 3882 qui
382 3811 489 3864 unctus
504 3810 567 3860 eet:
587 3815 716 3870 peccans
731 3801 762 3855 in
786 3798 851 3869 troc,
866 3804 893 3855 et
917 3799 1010 3856 1111111-
1063 3804 1135 3877 quia
1155 3804 1264 3861 falsum
1284 3811 1328 3861 cst
1349 3806 1563 3877 juramentum,
1585 3809 1756 3878 ignoranter
1772 3813 1903 3879 tamenz,

179 3901 398 3975 querefuciens
416 3895 564 3966 pupulum
588 3892 701 3962 offeret,
727 3892 781 3944 etc.
808 3888 894 3954 Quod
909 3892 1008 3945 autem
1062 3892 1146 3965 qnod
1160 3899 1264 3967 postca
1284 3912 1353 3951 cum
1376 3895 1556 3966 intelligitur,
1582 3897 1902 3983 11111111111111111111-ἵ

179 3991 260 4058 dicit,
272 3982 443 4060 peccaverit
461 3984 635 4053 delinquere
650 3980 766 4049 faciens
777 3978 936 4049 populant,
962 3978 1009 4033 vel
1063 3984 1118 4050 tur,
1144 3984 1283 4056 quamvis
1313 3989 1412 4040 tamen
1434 4001 1494 4042 non
1514 3987 1633 4060 proprie
1662 3986 1777 4043 dicatur
1799 3986 1902 4063 oblilag

178 4079 217 4137 dc
241 4077 326 4136 omni
355 4078 478 4150 peccato
503 4069 663 4129 sacerdotis
701 4066 925 4138 intelligendum
954 4071 1006 4136 est,
1062 4073 1136 4143 ejus,
1150 4073 1233 4145 quod
1246 4090 1307 4130 non
1324 4075 1415 4131 novit.
1439 4075 1524 4142 Quod
1535 4080 1634 4133 autem
1646 4076 1797 4150 sequitur:
1814 4077 1914 4153 Olfe-⁴

178 4169 261 4243 quod
287 4182 404 4239 semper
432 4162 552 4235 gravius
574 4164 627 4227 ost,
652 4158 725 4231 quia
748 4156 860 4213 crateris
884 4156 1005 4230 praebet,
1061 4169 1111 4218 rut
1128 4163 1164 4219 de
1176 4164 1315 4233 qreqibns
1339 4180 1461 4238 aquetur,
1482 4166 1543 4222 siue
1562 4182 1696 4236 caprona,
1721 4181 1783 4222 non
1799 4166 1899 4244 hujus3

177 4259 349 4333 exemplum
364 4251 577 4328 delinquendi;
599 4249 645 4306 vel
660 4249 685 4304 si
705 4249 763 4305 hoc
786 4248 877 4304 modo
902 4263 1005 4320 peeca-
1061 4251 1153 4307 solius
1165 4252 1264 4310 delicti
1282 4254 1410 4327 expiatio
1420 4254 1612 4324 intelligenda
1622 4259 1683 4322 est;
1700 4256 1753 4311 sed
1769 4260 1797 4312 et
1814 4272 1900 4334 prae-1

176 4351 260 4420 verit,
277 4355 310 4407 ut
323 4348 412 4406 iaciat
424 4343 571 4420 populum
587 4341 769 4412 delinquere,
796 4337 910 4410 aliquid
938 4353 1005 4407 sug·
1060 4340 1901 4425 1111111111111111111.(111111111111111111111111111111.)

176 4457 292 4514 gerens,
315 4439 362 4496 vel
387 4436 517 4494 suadens
541 4431 634 4488 verbo
663 4430 723 4487 sive
747 4426 895 4500 exemplo,
924 4427 1005 4483 unde
1061 4429 1332 4488 ubinoshabomus
1345 4434 1579 4506 propeccato.in
1591 4434 1713 4491 Hebraeo
1723 4438 1902 4515 111111111-ι

174 4531 279 4590 alliud
294 4527 482 4603 peccandum
497 4524 695 4596 provocetur:
713 4517 795 4591 quod
816 4515 936 4588 gravius
961 4520 1006 4572 est
1058 4520 1198 4593 piatione.
1211 4521 1341 4578 Verbum
1353 4522 1432 4577 enim
1444 4523 1550 4591 hatrat,
1568 4535 1723 4594 1111111111
1743 4514 1912 4603 centulae,-

174 4620 258 4694 quod
270 4636 363 4692 quam
384 4617 408 4673 si
421 4615 502 4671 solus
523 4609 699 4686 peccaverit,
726 4611 802 4664 certe
817 4606 892 4662 sicut
907 4606 937 4661 in
952 4609 1004 4661 tle·
1058 4625 1095 4665 ne
1106 4613 1200 4666 sonat.
1210 4611 1355 4668 Animasi
1360 4613 1566 4680 praevaricans
1578 4614 1768 4671 caeremonias
1775 4629 1833 4683 per
1843 4629 1900 4685 er·,

168 4702 256 4764 braeo
271 4705 441 4779 expressius
455 4702 592 4768 habetur,
619 4699 643 4754 si
666 4697 814 4765 sacerdos,
829 4696 881 4769 qui
896 4699 1003 4752 unctus
1057 4714 1166 4770 rorem,
1177 4700 1207 4754 iu
1216 4700 1262 4766 111,
1273 4715 1340 4770 quoe
1350 4701 1478 4758 Dourine
1492 4708 1561 4758 sunt
1572 4704 1771 4773 sanctificata,
1779 4718 1901 4781 pecca,

174 4801 227 4864 est,
243 4794 378 4870 peccavit
387 4792 427 4850 ad
439 4786 682 4863 culpampopuli,
694 4787 725 4842 id
735 4791 779 4842 est
788 4784 827 4842 ad
838 4784 1003 4841 similitudi·
1058 4788 1654 4860 111·11,·1111111111[1111111111111111111.
1666 4793 1898 4868 llicpeccatum,
1914 4817 1916 4826 .

172 4902 243 4943 nem
258 4884 384 4955 alicujus
408 4882 445 4938 de
469 4877 592 4953 populo,
608 4877 661 4950 qui
675 4875 762 4933 v'alde
776 4890 888 4932 nocens
902 4879 955 4943 est,
972 4879 1003 4930 ut
1057 4875 1179 4947 intelligi
1194 4877 1265 4946 vult,
1283 4895 1352 4935 cum
1364 4879 1432 4952 quis
1446 4896 1492 4948 ea,
1508 4898 1575 4955 qum
1587 4881 1901 4960 santificantueranu

172 4975 225 5051 qui
239 4973 304 5032 aliis
316 4970 489 5045 exemplum
503 4967 593 5024 debet
606 4981 670 5022 esse
682 4965 711 5021 in
723 4964 854 5036 justitia:
878 4963 942 5019 aliis
965 4963 1001 5019 si·
1057 4965 1192 5034 Domino,
1209 4965 1240 5023 in
1250 4984 1322 5024 usus
1335 4969 1473 5043 proprios
1483 4971 1631 5042 redigerit,
1653 4988 1706 5028 seu
1717 4971 1754 5030 de
1769 4971 1881 5040 hostiis,
1892 5004 1915 5049 p

172 5063 298 5122 mulfiat
311 5061 342 5119 in
357 5059 455 5133 culpa.
473 5055 559 5124 Quod
580 5054 696 5121 dicitur,
720 5052 804 5110 toties
829 5068 930 5109 coram
947 5055 1001 5108 lto·
1055 5053 1092 5110 de
1107 5055 1217 5127 quibus
1229 5056 1298 5113 solis
1313 5059 1517 5116 sacerdotibus
1530 5061 1610 5117 vesci
1624 5061 1741 5131 licebat,
1755 5061 1882 5119 mandu-
1892 5079 1911 5156 Γ

171 5154 264 5222 mino,
281 5167 384 5209 coram
401 5145 604 5215 tabernaculo,
617 5158 719 5200 coram
732 5141 826 5208 altari,
838 5140 1000 5211 intelligen-
1054 5145 1173 5202 caverit.
1192 5144 1246 5202 Ubi
1265 5151 1294 5203 et
1313 5146 1396 5220 quod
1420 5148 1518 5205 intulit
1546 5150 1703 5219 damnum,
1730 5150 1906 5229 restituere]¹

170 5245 244 5304 dum
266 5247 310 5300 est
329 5240 381 5297 ubi
404 5254 457 5311 per
475 5252 560 5294 sacra
574 5230 732 5307 prasentia
754 5231 804 5287 nei
826 5235 897 5287 eral-
913 5229 999 5296 Quod
1052 5233 1183 5304 iubetur,
1200 5239 1229 5290 11
1243 5235 1378 5308 quintam
1393 5243 1508 5309 partem
1523 5240 1743 5313 superaddere:
1764 5242 1819 5297 Pro
1831 5227 1916 5319 de,3

169 5336 259 5392 etiam
281 5332 398 5398 dieitur,
423 5329 523 5386 toties:
554 5323 681 5396 lluqnbit
707 5337 766 5392 pro
788 5336 820 5377 eo
841 5320 999 5391 sacerdos,·
1053 5321 1916 5405 lictoautemsuoarietemimmacrdatumquinquesiclis,

170 5423 227 5480 alio
243 5437 333 5477 sensu
347 5418 405 5475 dici
420 5421 535 5490 potest:
558 5413 667 5471 scilicet
686 5407 869 5469 condonabit
890 5408 936 5464 vel
956 5424 1000 5464 re·
1053 5415 1188 5484 emptum
1214 5412 1330 5470 offerre.
1341 5415 1452 5473 Anima
1464 5421 1707 5488 quaepeecnuem't
1722 5435 1781 5489 per
1799 5421 1905 5497 ique-q

169 5509 343 5567 missionem
357 5508 444 5566 saciet
463 5521 552 5581 super
575 5519 655 5571 eum,
676 5505 708 5559 ut
727 5497 903 5556 ostendatur
915 5498 998 5571 quod
1053 5500 1376 5574 runttumsseeerttqne
1391 5521 1484 5562 linunt
1500 5522 1538 5564 etc
1557 5509 1593 5564 iis
1603 5524 1668 5580 qna
1684 5510 1808 5567 Domini
1819 5511 1879 5582 leqe
1889 5512 1906 5583 ql

168 5616 223 5674 per
238 5615 341 5674 preces
357 5596 517 5660 sacerdotis
530 5591 666 5654 remissio
676 5591 729 5652 1111
738 5588 879 5650 criminis.
1048 5587 1258 5663 rrotncnar,
1269 5597 1421 5664 etpeernti
1438 5609 1489 5656 reu
1501 5598 1681 5661 intellexerit
1691 5600 1878 5670 iniquitatem
1893 5586 1897 5604 ²
