3832 6044
1160 29 1911 54 ἡ

58 87 135 144 {too
398 89 577 147 expositio
597 93 631 146 ΙΝ
652 91 837 148 eleutheri.
858 87 1016 147 COELEST,
1036 88 1068 150 S.
1089 88 1251 145 credisti.
1275 114 1309 130 -··
1324 86 1388 144 tto.
1409 88 1453 145 tx.
1707 91 1775 175 titt

10 216 18 255 t
56 210 163 275 Quare
171 216 269 270 autern
277 213 334 270 hoc
342 220 494 288 quaeratur
504 216 649 273 rationem
657 214 824 286 subjungit:
835 237 849 264 r
863 213 891 271 Si
906 217 930 270 Α
944 213 1017 285 quia
1031 235 1046 262 a
1063 214 1092 268 in
1111 214 1337 285 participatione
1351 212 1505 285 sapientire
1518 215 1546 267 et
1559 212 1688 269 seientia
1710 228 1775 273 θεεθ

10 304 24 345 Ι
56 300 144 356 enim
156 300 269 369 ultima,
285 303 316 359 id
325 308 369 360 θεῖ
379 304 531 360 interiores
542 305 661 360 ordines
675 321 736 360 non
743 306 812 360 sunt
824 320 891 375 par·
945 305 1079 369 omnino,
1093 325 1107 351 »
1122 303 1152 357 id
1167 307 1210 358 cst
1225 302 1440 373 irrrircrsalitcr,
1455 323 1469 351 e
1484 316 1645 357 commune
1656 305 1700 357 est
1712 318 1776 360 om-

10 392 29 431 Ι
55 388 214 461 ticipantia
227 392 368 449 virtutum
383 393 600 450 irniversitatem
611 393 816 454 excelsiorum.
833 415 846 442 r
860 392 890 448 id
945 391 1034 447 tribus
1048 390 1243 447 deiformibus
1256 390 1462 458 intellectibus,
1477 410 1491 439 t)
1516 389 1547 444 id
1570 393 1612 446 θεῖ
1631 390 1774 448 omnibus

10 482 33 520 ⁵-2
58 482 105 535 est
116 480 344 552 proprietatum.
360 500 428 554 (μεθ
444 488 514 540 sunt
535 483 565 538 in
587 481 799 539 excelsioribus
828 481 890 537 uui·
945 479 1099 552 spiritibus
1112 496 1165 552 per
1178 481 1299 536 insitam
1324 481 1473 536 rationem
1495 480 1555 535 Deo
1568 477 1775 537 conformibus

10 570 36 613 Ι
58 569 222 636 versaliter,
237 571 291 639 rel,
304 576 336 627 ut
348 572 517 644 expressius
530 572 645 628 dicatur
655 572 800 640 universe,
810 571 890 628 idest
944 573 972 626 θῖ
985 568 1142 624 similibus.
1152 571 1330 641 participare
1341 567 1465 640 quidem
1478 567 1658 640 sapientiam
1671 565 1774 641 aliquo

10 665 34 704 -ῖ
58 657 148 730 plene
161 662 189 714 et
200 660 328 730 perfecte
344 679 350 716 :
376 683 390 709 «
408 660 452 716 Ob
465 676 557 733 quam
574 677 696 717 causam
712 677 784 731 ergo
796 677 891 717 sacer·
944 658 1036 714 modo
1048 657 1190 713 omnibus
1205 673 1365 714 comnmne
1375 660 1428 713 est.
1444 656 1500 713 Sed
1524 677 1537 707 κ
1552 658 1661 713 attente
1676 658 1705 712 θῖ
1717 657 1774 728 pri·

10 737 33 793 Ἰ
58 745 126 815 dos,
139 749 191 821 qui
205 751 374 805 secundum
388 766 443 805 nos
457 773 470 799 a
485 750 545 806 sive
561 751 704 807 internos
718 751 827 807 scilieet
839 752 890 806 ho·
943 763 1004 813 mo,
1021 768 1035 796 a
1050 746 1107 803 hoe
1122 752 1175 813 est,
1190 762 1329 819 expresse
1342 749 1371 802 et
1385 744 1589 818 principaliter
1602 766 1616 796 u
1627 759 1695 803 eam
1706 759 1774 818 par·

10 844 32 881 -':
57 836 156 892 mines
169 861 183 886 a
202 855 339 894 summus
352 843 405 902 est,
420 839 593 896 nominatur
611 840 650 895 ab
664 841 789 913 eloquiis
802 855 890 908 ange·
945 837 1076 908 ticipare,
1092 841 1143 891 aut
1158 836 1300 901 secundo,
1326 837 1481 892 autetiam
1508 833 1587 891 intra
1614 849 1682 893 eam
1705 848 1774 909 por·

10 932 29 991 Ι
57 923 107 981 lus
133 929 184 984 Dei
208 927 445 1001 omnipotentis?
460 952 474 977 »
498 929 525 985 Si
549 930 630 984 enim
655 929 890 999 singrdaritatom
944 923 1673 997 tiripare,nequaquamomnibuscommuneest.
1688 923 1773 990 „Qui

10 1022 26 1064 Ι
55 1018 246 1089 proprietatis
257 1034 318 1074 non
333 1018 432 1084 hatrat,
447 1034 540 1091 quare
554 1019 777 1092 expressionem
791 1017 889 1091 appel·
943 1015 1024 1069 enim
1040 1015 1137 1085 primo
1151 1028 1210 1067 uon
1227 1013 1417 1084 participant,
1433 1013 1613 1085 participant
1628 1010 1773 1085 secundo,

10 1114 24 1153 r
52 1101 177 1162 lullonis
190 1107 340 1163 assumit?
356 1107 542 1164 Contrarium
567 1107 692 1175 ridetur,
722 1112 753 1163 ut
777 1123 888 1164 nornen
943 1108 996 1159 eut
1010 1102 1095 1170 infra,
1112 1103 1169 1159 hoe
1184 1105 1228 1158 est
1243 1101 1366 1158 inferius
1388 1104 1416 1156 et
1429 1099 1631 1174 imperfectius
1655 1101 1773 1173 partici-

10 1204 21 1244 Ι
54 1194 243 1251 discretionis
259 1197 297 1253 ad
311 1196 555 1253 communionem
575 1197 750 1253 deducatur.
778 1197 833 1253 Sed
847 1199 889 1251 ta·
942 1195 1033 1263 pant;
1049 1191 1101 1247 sed
1114 1208 1175 1247 rron
1191 1192 1371 1263 participant
1383 1195 1411 1245 et
1423 1191 1522 1261 primo
1534 1208 1540 1256 ;
1553 1190 1635 1263 quia,
1647 1189 1774 1261 quicun-

13 1312 16 1317 ·
53 1301 127 1340 men
141 1282 246 1358 inquit,
271 1309 285 1334 «ι
301 1302 362 1342 non
378 1292 421 1342 est
436 1288 584 1343 contrariu
609 1288 685 1342 ratio
706 1286 770 1353 ista,
787 1308 801 1335 »
826 1285 887 1342 sire
941 1297 1000 1353 que
1015 1281 1227 1354 perfectionem
1240 1280 1363 1347 habent,
1375 1279 1488 1335 habent
1500 1283 1528 1334 et
1536 1277 1772 1348 inchoationem,

10 1386 17 1424 t
51 1375 188 1442 assertio,
203 1397 216 1423 e
234 1378 265 1430 ut
280 1374 426 1442 existimo,
442 1380 509 1431 ante
522 1375 662 1439 <relinitis
682 1398 695 1424 a
714 1375 771 1431 hoc
784 1381 837 1442 est,
851 1374 886 1430 iis
942 1370 994 1426 sed
1008 1386 1070 1427 non
1087 1372 1260 1444 quicuuque
1274 1369 1496 1426 inchoationem
1520 1366 1642 1433 hahent,
1672 1368 1771 1424 statim

10 1476 14 1527 ξι
50 1479 124 1535 qum
137 1468 205 1518 ante
221 1462 342 1519 definita
355 1468 433 1532 sunt,
447 1463 558 1520 scilicet
575 1464 612 1519 de
625 1463 801 1520 discretione
827 1464 885 1519 sin·
941 1457 1154 1530 perlectionem
1168 1458 1279 1515 habere
1292 1461 1427 1530 possunt.
1447 1479 1461 1506 e
1480 1454 1536 1513 Sed
1554 1478 1567 1504 e
1582 1454 1695 1511 habent
1710 1458 1773 1510 tan·

10 1566 13 1570 ’
52 1551 205 1618 gulorum.
219 1555 250 1606 ln
266 1551 322 1607 hoc
336 1552 426 1617 eninr,
442 1553 525 1624 quod
538 1552 627 1608 talem
638 1553 884 1609 communionem
905 1549 1098 1620 otummodo
1111 1548 1350 1621 unumquodque
1367 1569 1380 1596 ε
1396 1548 1472 1604 sicut
1489 1543 1653 1617 unicuique
1668 1543 1772 1601 defini-

51 1638 262 1710 appcllationis
289 1639 481 1695 concedimus
505 1641 647 1712 plurium,
675 1641 885 1697 discretionem
940 1642 996 1706 tur,
1016 1661 1029 1688 ii
1044 1638 1091 1695 rel
1106 1638 1306 1710 dispensatur,
1323 1637 1369 1692 rel
1385 1636 1605 1693 determinatim
1615 1648 1708 1693 unum
1721 1634 1772 1691 ali-

49 1743 116 1782 non
132 1727 262 1783 tollimus
274 1727 472 1794 sinpulorum.
501 1751 514 1778 «
532 1732 590 1785 Nos
615 1729 727 1802 quippo
756 1729 884 1785 dicimus
939 1728 1165 1800 quidtribuitur
1189 1751 1202 1778 «
1230 1732 1298 1783 ante
1320 1727 1443 1798 propria
1470 1724 1620 1795 analogia,
1643 1745 1657 1774 »
1682 1723 1772 1781 idest

51 1832 133 1882 vere,
155 1815 238 1888 quod
263 1815 357 1872 ultimi
376 1839 388 1866 a
416 1817 478 1873 sire
504 1817 600 1873 intimi
631 1818 739 1874 scilicet
765 1818 884 1874 ordines
940 1818 1107 1873 secundum
1128 1817 1274 1886 regulam,
1295 1816 1341 1871 rel
1363 1813 1500 1886 modum,
1524 1812 1571 1869 vel
1595 1827 1771 1872 mensuram

50 1927 67 1954 e
84 1904 293 1977 relinquuntur
303 1905 342 1961 ub
357 1907 526 1975 universali,
538 1912 567 1963 et
579 1909 768 1980 superposita
778 1907 883 1964 virtute
939 1909 1104 1979 propriam,
1117 1923 1186 1979 quie
1199 1909 1225 1960 ei
1240 1910 1308 1962 ante
1322 1906 1425 1960 omnia
1438 1904 1469 1959 in
1484 1907 1597 1960 telerna
1608 1903 1660 1960 hei
1675 1903 1771 1976 provi·

51 1994 205 2065 majorum
230 1999 400 2063 ornatuum,
415 2019 429 2045 ii
454 1997 483 2052 id
497 2002 540 2053 θεῖ
552 1996 793 2052 excellentiorum
806 1996 883 2052 ordi·
937 1996 1039 2052 dentia
1052 1996 1264 2068 praedestinata
1278 2000 1306 2049 et
1319 1992 1446 2066 praevisa
1457 1991 1521 2049 tuit.
1537 2014 1551 2042 e
1567 1994 1628 2048 lioc
1640 1995 1769 2064 autemst

51 2100 138 2154 num,
154 2087 186 2140 ut
199 2083 382 2140 scilicetnon
397 2086 576 2158 participent
601 2086 724 2142 virtutes
752 2085 883 2158 superio
938 2085 1050 2141 scilicet
1063 2085 1146 2157 quod
1171 2085 1360 2156 superiorum
1385 2084 1509 2137 virtutes
1531 2079 1687 2137 interiores
1708 2094 1770 2136 non

51 2188 122 2228 rum
136 2173 300 2228 secundum
314 2173 396 2229 illam
413 2174 646 2240 universitatem,
673 2174 734 2229 sive
758 2174 882 2230 totalita·
938 2174 1105 2230 secundum
1117 2174 1345 2247 plenitudinem.
1363 2177 1463 2231 tamen
1476 2168 1580 2243 aliquo
1593 2167 1686 2226 modo
1703 2183 1771 2242 pur·

51 2267 125 2334 tem,
139 2262 199 2318 sire
213 2262 260 2319 rel
273 2262 500 2334 plenitudinem,
513 2279 575 2335 qua
586 2263 627 2318 illi
640 2263 828 2336 participant.
850 2266 884 2319 Et
937 2265 1060 2336 tieipent
1072 2263 1206 2320 fortassis
1221 2287 1234 2312 κ
1250 2262 1287 2318 de
1300 2261 1442 2319 omnihus
1457 2258 1570 2315 divinis
1579 2256 1742 2326 mentibus
1755 2279 1769 2308 ii

49 2357 153 2407 tumen
166 2357 294 2425 possunt
306 2352 470 2425 aliquando
478 2352 687 2409 convenienter
699 2368 809 2407 nomen
821 2352 883 2408 illo-
936 2352 993 2407 hoo
1007 2357 1050 2407 est
1062 2351 1259 2408 rationalibus
1273 2349 1427 2424 spiritibus
1454 2370 1467 2396 «ι
1484 2346 1594 2420 aliquis
1606 2346 1738 2416 deliniet,
1753 2369 1768 2399 >i

49 2458 131 2510 rum,
145 2443 336 2515 participare3
353 2443 434 2515 quia,
457 2442 597 2514 quamvis
621 2458 680 2498 nou
706 2441 883 2514 participent
936 2442 983 2497 vel
993 2441 1165 2507 affirmabit,
1183 2463 1196 2493 ι(
1213 2457 1273 2497 non
1288 2455 1390 2496 errans
1406 2460 1419 2488 »ι
1436 2439 1468 2494 in
1490 2437 1559 2506 hoe,
1576 2436 1768 2525 quieverunt

47 2531 191 2586 virtutem
216 2531 335 2586 illorum
361 2530 527 2586 secundum
552 2529 700 2602 {equalem
725 2529 882 2602 plenitudi-
936 2535 988 2587 est.
1005 2553 1019 2581 a
1037 2534 1151 2587 Etenim
1169 2532 1245 2587 sicut
1257 2531 1357 2602 primi,
1375 2551 1390 2578 ii
1415 2530 1443 2585 et
1456 2527 1626 2599 superiores
1647 2522 1768 2583 ordines

48 2636 133 2687 nero,
160 2620 338 2693 participant
364 2624 464 2675 mmen
490 2619 657 2675 secundum
694 2619 881 2676 consimilem
936 2641 950 2669 e
967 2620 1172 2676 abundantius
1187 2620 1277 2676 habet
1291 2622 1420 2684 sanetas,
1436 2621 1465 2673 et
1478 2615 1621 2690 pdchras
1635 2615 1768 2688 proprie-

49 2708 260 2765 imitotionem.
935 2713 1009 2766 tates
1025 2712 1176 2766 minorum
1192 2729 1198 2778 ;
1216 2711 1258 2765 sie
1269 2709 1326 2780 ipsi
1339 2707 1447 2770 ultimi.
1468 2709 1497 2764 θῖ
1508 2705 1641 2763 minores
1654 2703 1768 2763 hahent

88 2811 102 2838 «ι
120 2789 243 2845 Mediam
258 2788 347 2857 enim,
361 2787 467 2860 inquit,
482 2792 511 2843 et
525 2788 779 2859 proportionalem
792 2789 880 2861 parti·
935 2814 985 2855 ooo
999 2801 1204 2872 proprietatos,
1220 2815 1288 2872 qum
1302 2801 1371 2854 suot
1385 2798 1522 2870 priorum
1546 2813 1553 2852 ς
1579 2809 1642 2852 non
1665 2797 1766 2852 amon

51 2878 162 2948 cipum,
182 2877 382 2933 »subauditur
398 2874 546 2942 virtutem,
559 2876 616 2932 hoe
628 2880 681 2943 est,
703 2876 880 2949 participant
900 2918 919 2973 C
935 2887 1080 2959 similitor,
1096 2887 1148 2943 sod
1164 2887 1250 2954 intra,
1270 2910 1284 2938 >i
1299 2887 1356 2942 hoe
1382 2890 1427 2943 θεῖ
1445 2883 1649 2959 imperfectius
1672 2897 1765 2956 quam

50 2968 191 3023 virtutem
207 2966 325 3021 illorum
333 2966 385 3022 etsi
398 2981 458 3022 non
473 2966 640 3022 secundum
651 2982 804 3023 summam
813 2982 880 3038 par·
935 2976 986 3032 illi.
1001 2979 1168 3048 Propterea,
1185 2975 1316 3049 inquit«
1331 2977 1364 3031 ut
1375 2989 1431 3044 ego
1447 2970 1765 3044 existimomihilinor·

51 3055 264 3127 tieipationem‚
279 3054 307 3109 in
320 3070 382 3126 qua
394 3057 452 3111 sint
475 3054 615 3128 sequelae,
641 3057 825 3127 participant
838 3059 879 3112 tu-
933 3066 1081 3130 diootum,
1096 3083 1110 3116 a
1125 3064 1314 3131 subauditur,
1330 3063 1385 3119 suit
1407 3062 1455 3119 vel
1476 3062 1520 3130 fit,
1545 3083 1559 3111 «
1576 3061 1602 3115 si
1615 3057 1764 3128 theologia

50 3160 122 3199 men
136 3142 302 3198 secundum
314 3142 454 3212 mediam,
468 3143 516 3199 rel
526 3143 709 3199 mediocrem
722 3147 750 3200 θῖ
762 3142 880 3200 interio—
933 3153 1075 3223 oogolum
1097 3157 1182 3208 vooot
1206 3167 1361 3207 summum
1379 3150 1565 3206 sacerdotem
1595 3146 1762 3204 secundum

49 3250 115 3289 rem
126 3232 292 3305 quamdam
302 3233 571 3306 participationem,
582 3235 612 3288 in
620 3249 680 3306 qua
690 3235 806 3306 possint
814 3248 878 3289 esse
932 3259 998 3314 nos,
1011 3264 1026 3292 a
1053 3242 1086 3297 id
1100 3246 1145 3297 est
1162 3257 1241 3307 earm,
1269 3242 1322 3312 qui
1349 3238 1517 3296 secundum
1544 3251 1600 3295 nos
1622 3234 1762 3293 homines

49 3321 221 3378 consimiles
238 3341 244 3376 t
259 3322 322 3377 hice
333 3326 434 3378 aulem
445 3324 626 3395 principaliO
642 3322 675 3380 fil
700 3339 760 3379 11011
776 3314 878 3379 Socim·
932 3347 1052 3388 stimmo
1065 3330 1231 3386 sacerdotio
1247 3330 1390 3397 iungitur,
1405 3326 1452 3384 rel
1464 3326 1606 3397 angelum
1617 3326 1705 3382 vocat
1717 3338 1761 3378 εθ-

48 3413 124 3467 dum
135 3411 318 3480 singularem
341 3413 578 3485 uniuscujusque
598 3413 810 3484 perfectionem
825 3413 878 3469 sed
931 3420 1066 3476 cundum
1081 3435 1147 3484 nos,
1164 3419 1237 3490 quia
1250 3417 1337 3473 nohis
1350 3416 1489 3472 videlieet
1515 3415 1674 3473 annuntiat
1699 3425 1761 3469 var-

48 3523 63 3551 a
77 3502 164 3572 juxta
187 3515 280 3556 unam
296 3501 386 3557 simul
400 3505 576 3557 cunctorum
598 3506 626 3558 et
654 3501 877 3573 conjunctivam
930 3510 1005 3566 hum
1020 3510 1069 3564 [toi
1088 3527 1094 3564 ς
1111 3512 1139 3563 ot
1161 3507 1229 3563 idco
1245 3506 1398 3577 angelum,
1413 3506 1486 3578 quia
1500 3526 1513 3555 a
1529 3503 1760 3578 participantem

48 3591 231 3654 societatem,
248 3610 261 3639 »
275 3590 332 3645 hcc
345 3593 389 3644 est
401 3605 462 3646 non
472 3589 558 3659 juxta
569 3589 600 3645 id
611 3589 695 3661 quod
714 3590 876 3662 rmieuiquc
928 3599 1014 3669 jmto
1027 3598 1168 3654 virtutem
1189 3596 1354 3668 propriam,
1383 3617 1398 3644 ε»
1427 3594 1484 3652 hoo
1508 3597 1561 3660 ost,
1591 3589 1759 3650 secundum

48 3677 201 3745 singulare
213 3682 266 3743 cst,
281 3679 334 3733 aed
344 3678 431 3749 justa
440 3677 470 3732 id
488 3678 572 3750 quod
585 3678 727 3735 omnibus
741 3683 785 3735 θεῖ
797 3693 877 3736 corn·
931 3689 1058 3757 gratiam
1069 3703 1105 3743 cx
1115 3687 1238 3759 proprio
1246 3684 1345 3741 officio
1356 3684 1414 3740 sibi
1424 3685 1527 3741 datam
1537 3702 1544 3740 z
1556 3681 1759 3756 «participan-

47 3782 150 3825 mune.
168 3768 253 3833 Quod
265 3769 455 3841 quicunum,
470 3767 500 3824 id
512 3772 557 3824 est
577 3783 739 3825 commune
762 3770 876 3825 cunctis
930 3776 1094 3834 tomlrlicc
1118 3775 1318 3848 «prophetica
1339 3775 1520 3847 proprietate
1534 3795 1547 3822 »
1569 3770 1757 3841 angelorum,

48 3859 103 3922 cst,
117 3858 147 3910 in
162 3857 417 3913 eosimulomnes
442 3857 592 3928 coniuncti
617 3862 687 3915 sunt
709 3862 738 3914 et
761 3858 873 3916 sociati.
929 3869 1002 3940 quio
1012 3868 1039 3921 ei
1049 3866 1192 3938 competit
1216 3863 1433 3937 prophetizare,
1458 3865 1488 3920 et
1502 3860 1681 3919 annuntiare
1694 3873 1758 3917 rar·

48 3945 220 4001 Secundum
252 3949 352 4020 itaque
375 3947 458 4019 quod
481 3962 642 4002 commune
681 3951 795 4003 cunctis
821 3952 874 4019 est,
928 3949 1758 4025 humuersicutangatiannuntianteuhumdicoptiam

47 4034 213 4101 singularia
226 4038 350 4092 nomina
365 4037 403 4092 ad
416 4052 610 4093 communem
626 4035 875 4105 significationem
930 4067 944 4095 c
959 4047 1121 4110 extentum,
1139 4066 1153 4094 a
1165 4042 1211 4098 rel
1222 4047 1406 4115 provectum,
1423 4044 1486 4098 sive
1500 4040 1698 4101 sublimatum
1718 4038 1758 4101 ud

46 4123 223 4194 trahuntur;
239 4129 311 4199 quia
325 4129 401 4182 sicut
412 4126 554 4188 elisimus,
569 4125 641 4181 illud
665 4126 766 4192 etinrrr,
793 4127 876 4199 quod
929 4118 1180 4189 manifestativam
1191 4131 1418 4187 similitudinem
1432 4147 1537 4189 eorum
1547 4131 1660 4190 scilicet
1669 4145 1759 4201 enge·

45 4229 102 4286 per
114 4213 318 4273 excellentiam
333 4215 485 4288 aliquibus
500 4216 657 4289 proprium
673 4219 725 4282 est,
742 4230 796 4287 per
810 4230 876 4289 per·
928 4223 1037 4287 lorum,
1050 4221 1123 4291 quio
1137 4220 1168 4273 in
1184 4220 1240 4274 hoe
1251 4218 1357 4274 similis
1367 4224 1411 4275 est
1425 4219 1539 4289 angelis
1549 4219 1633 4291 quod
1645 4224 1758 4281 secreto
1797 4288 1800 4292 ,

45 4304 252 4374 tiiillafiffliffln
268 4306 382 4359 cunctis
408 4320 568 4360 commune
594 4309 646 4360 0⁸1·
671 4326 685 4354 e
702 4303 794 4371 Quale
821 4309 874 4373 0⁸1,
929 4314 980 4368 Dei
992 4309 1240 4368 aderaditiouem
1253 4307 1457 4378 subjectorum
1473 4307 1757 4367 monifestatvelre-

44 4391 129 4464 quod
144 4397 316 4449 sanctorum
331 4393 487 4450 cherubim
502 4394 576 4450 ordo
589 4396 750 4467 participat
759 4396 875 4468 sapien·
928 4399 1016 4457 velot.
1028 4402 1086 4454 Nec
1095 4400 1208 4453 mirum
1218 4398 1242 4451 si
1256 4396 1394 4452 homines
1408 4393 1506 4464 augeli
1519 4396 1675 4464 vocantur,
1687 4409 1757 4452 oum

44 4482 130 4547 tiam,
153 4484 348 4538 etsoientiam
360 4482 506 4551 altiorem,
524 4505 536 4531 r
563 4487 617 4538 etc.
641 4482 784 4554 Exemplo
806 4483 875 4539 sub-
929 4488 1079 4559 angelici
1091 4488 1229 4544 homines
1243 4487 1354 4560 pariter
1367 4485 1410 4540 dii
1423 4484 1612 4551 vocatisunt.
1680 4498 1692 4512 ³

43 4566 124 4636 jecto
137 4567 253 4638 probat,
268 4567 351 4639 quod
370 4569 464 4624 dixit:
483 4568 568 4634 Quod
582 4568 623 4633 id,
650 4567 734 4640 quod
748 4569 874 4642 quidam
965 4580 1024 4633 Hoc
1039 4581 1091 4643 θεῖ,
1104 4575 1187 4647 quod
1198 4575 1271 4631 dicit
1286 4592 1292 4630 :
1310 4597 1323 4624 o
1343 4575 1474 4629 invenies
1497 4576 1608 4642 autem,
1633 4572 1714 4645 quod
1728 4576 1758 4631 et

43 4661 162 4712 tantum
188 4657 364 4714 excellenter
382 4658 546 4729 possident,
564 4656 731 4713 seeundum
757 4657 875 4717 inferio
928 4669 1001 4724 (loos
1015 4665 1166 4732 theologia
1179 4670 1268 4721 vocat
1284 4667 1365 4737 ipsos
1378 4664 1522 4733 caelestes,
1538 4667 1568 4722 et
1586 4664 1756 4736 superiores

43 4761 110 4800 rem
137 4748 382 4803 communionem
408 4749 439 4802 in
466 4748 726 4819 participationem
754 4752 874 4805 cuncto·
928 4751 1080 4818 essentias,
1096 4771 1109 4800 o
1120 4751 1176 4806 hoc
1187 4753 1231 4805 θεῖ
1243 4748 1377 4822 angelos,
1392 4753 1493 4806 etnon
1506 4749 1605 4809 solum
1615 4748 1691 4823 illos,
1704 4749 1757 4808 sed

44 4851 114 4890 rum
126 4837 206 4891 venit
221 4855 227 4891 :
244 4837 341 4909 quale,
352 4842 397 4893 θεῖ
410 4837 478 4904 ῖιοθ,
503 4836 587 4910 quod
600 4835 673 4891 ordo
700 4839 873 4893 sanctorum
928 4865 941 4892 a
954 4842 1044 4897 cham
1056 4838 1206 4912 quosdam
1219 4862 1232 4888 ιι
1244 4839 1326 4911 apud
1350 4855 1417 4906 nos,
1429 4840 1460 4897 id
1472 4844 1516 4897 θεῖ
1529 4841 1623 4901 nostri
1637 4843 1756 4913 generis

42 4924 201 4980 cherubim
215 4928 576 4998 participatsapieutiam‚
604 4931 632 4983 θῖ
659 4926 813 4983 scientiam
833 4926 874 4982 al·
926 4932 1018 4997 virori,
1033 4929 1144 4984 scilicet
1173 4951 1186 4978 ιι
1203 4928 1357 4986 mirabiles
1381 4935 1410 4986 et
1435 4933 1635 4994 amicissimos
1663 4934 1726 4991 Dei.
1742 4952 1755 4981 u

41 5014 161 5070 tiorem.
185 5037 198 5063 «
215 5014 427 5086 Dispositiones
451 5020 552 5073 autem
580 5017 788 5083 essentiarum,
802 5037 815 5065 r
841 5014 873 5070 id
926 5021 1022 5083 Quare
1037 5022 1138 5075 autem
1149 5018 1287 5076 homines
1307 5019 1416 5093 angeli,
1433 5021 1479 5080 vel
1497 5022 1636 5081 homines
1647 5021 1690 5077 dii
1703 5035 1755 5078 vo·

40 5105 88 5157 est
99 5103 220 5158 ordines
228 5106 397 5175 spirituum,
409 5106 542 5176 quisunt
554 5104 610 5160 sub
621 5105 694 5176 ipsis
705 5103 870 5171 cherubim,
927 5111 1040 5178 centur,
1050 5123 1173 5164 eausam
1183 5109 1356 5180 subjungit:
1370 5112 1445 5176 Quia
1457 5107 1753 5178 videlicetdivinitas,

40 5212 56 5240 «ι
76 5192 254 5265 participant
265 5197 294 5248 et
307 5209 379 5265 ipsa
392 5194 516 5266 quidem
532 5196 721 5266 sapientiam,
736 5198 765 5249 et
779 5195 871 5250 scien·
926 5213 995 5254 cum
1011 5199 1048 5253 sit
1063 5201 1175 5254 secreta
1189 5203 1218 5253 et
1232 5203 1347 5255 remota
1362 5198 1529 5255 seeundum
1549 5194 1754 5257 excolentiam

40 5282 134 5347 tianr;
149 5282 201 5337 sed
213 5287 314 5339 tamen
341 5283 562 5355 particularem,
588 5288 616 5340 et
641 5283 806 5353 subjectam
833 5284 872 5340 ad
925 5288 1040 5342 naturae
1056 5302 1116 5341 suae
1128 5285 1167 5342 ab
1178 5287 1259 5339 omni
1273 5290 1417 5352 creatura,
1428 5289 1530 5343 tamen
1541 5300 1560 5341 a
1572 5283 1754 5343 rationabili·

40 5370 120 5430 illos.
139 5392 152 5417 e
167 5370 196 5426 id
210 5377 253 5427 est
267 5388 328 5427 non
344 5373 385 5427 ita
398 5371 536 5444 perfecte,
551 5388 648 5446 neque
675 5374 714 5428 ita
729 5373 872 5430 excellen-
926 5374 1234 5444 sumentibusque
1252 5388 1348 5444 seper
1362 5374 1501 5429 virtutem
1514 5373 1554 5431 ad
1564 5373 1710 5432 unitatem
1721 5373 1754 5434 il-

40 5464 87 5515 ter
99 5462 133 5514 ut
143 5458 196 5517 illi.
213 5462 247 5518 Et
260 5476 329 5517 vere
342 5476 403 5517 non
416 5460 471 5516 soli
485 5460 640 5517 cherubim
654 5462 834 5534 sapientiam
844 5465 873 5518 θῖ
925 5461 984 5519 lius
1001 5467 1032 5522 et
1042 5461 1294 5518 illuminationem
1317 5464 1504 5529 convertunt,
1525 5460 1753 5535 quodammodo

40 5549 403 5623 scicntiamparticipant
431 5549 484 5606 scd
508 5551 598 5607 etiam
626 5549 677 5607 alii
695 5550 870 5615 interiorem
926 5554 1103 5628 concipitur,
1115 5552 1144 5610 et
1152 5550 1402 5623 participatur-:ct
1416 5551 1485 5609 ideo
1494 5551 1674 5626 inquantum
1682 5554 1753 5615 divi-
