3832 6044
60 112 110 168 ³81

755 67 933 167 errosrno
954 113 987 170 ut
1007 112 1149 168 asurim.

1719 121 1771 178 382

61 235 194 303 vigorem
209 233 420 290 demonstrate
431 235 552 304 justitia
566 225 649 292 ssusa
663 251 755 309 opera
779 235 892 306 gentili·
905 236 929 290 A
983 238 1055 290 Ecce
1067 234 1225 308 parvulum
1233 235 1302 292 dedi
1317 239 1343 292 te
1357 236 1387 292 in
1403 236 1540 307 gentibus
1550 254 1556 305 ;
1568 240 1772 311 contemptibi-

60 322 128 379 tatis
157 322 302 389 astrinxit,
320 327 351 377 ut
373 322 441 390 hoc,
458 324 541 396 quod
560 323 738 396 praecipitur,
763 323 891 379 vivendo

61 414 205 467 teneatur.
234 409 444 466 predicatores
465 427 535 481 ergo
551 427 621 466 suos
646 410 799 480 Dominus,
813 427 893 484 qure-

62 498 158 554 rendo
172 496 295 554 ancillas
318 498 439 565 inuenit,
456 499 655 572 permutando
684 499 796 555 amicos
811 500 889 566 sarcit,

61 587 185 644 ditando
218 585 416 656 negotiatores
455 587 561 655 reddit,
601 587 709 645 ditatos
733 587 891 643 virtutihus

61 691 157 749 usque
170 675 210 732 ad
220 674 421 730 exercendum
435 674 504 730 fidei
519 675 672 745 negotium
698 675 843 748 perducit,
859 680 891 732 ut

61 764 200 820 membra
214 763 364 820 diabolici
381 762 458 818 tilios
474 763 564 834 hujus
580 763 680 820 sreculi
695 764 889 837 increpanda,

62 858 91 910 et
114 853 271 910 suadendo
296 856 378 908 tanto
405 853 535 907 severius
557 853 698 920 incidant,
723 856 836 933 quanto
864 856 892 908 et

61 943 151 999 amici
165 942 234 999 tacti
249 958 351 998 amore
362 941 491 997 veritatis
506 942 681 1015 semctipsos
693 943 791 999 verius
802 958 892 1014 copu-

60 1031 133 1099 lant,
146 1037 234 1105 atque
246 1031 284 1086 ab
300 1047 334 1086 eo
350 1031 538 1102 peccantium
554 1031 891 1088 animastantocelerius

61 1121 248 1186 subtrahant,
260 1125 373 1192 quanto
389 1119 474 1174 cilius
488 1120 792 1191 negotiatoresidonei
806 1119 892 1175 etsoc-

61 1209 92 1278 ti,
109 1209 139 1264 in
158 1208 324 1281 semetipsis
348 1207 549 1281 amplissimas
563 1209 704 1265 virtutum
730 1209 891 1282 apothecas

945 323 980 379 lis
997 328 1027 380 tu
1041 341 1072 380 cs
1087 325 1181 381 valde.
1198 329 1305 382 llonse.
1334 326 1478 383 Parvulas
1492 325 1547 382 luit
1564 326 1772 385 haereticorum
1839 382 1841 386 .

945 418 1108 470 conventus
1121 413 1196 468 iuter
1211 419 1322 485 gentes,
1335 415 1565 488 contemptibilis
1574 414 1690 471 merito.
1707 418 1772 472 Par·
1819 462 1822 467 ,

944 502 1031 558 vulus
1045 519 1144 570 seusa,
1160 503 1391 576 contemptibilis
1405 509 1483 560 actu.
1494 503 1635 560 Persulus
1650 503 1773 574 agnitio·

944 608 982 647 ne
997 592 1135 660 veritatis,
1154 593 1384 666 contemptibilis
1400 594 1513 650 actione
1532 592 1703 668 iniquitatis.
1720 593 1773 651 Cui

944 681 1001 737 hoc
1010 682 1153 737 Dominus
1164 682 1253 749 dedit,
1266 682 1389 754 quando
1400 682 1575 751 eumtalem,
1586 682 1699 754 judicio
1709 682 1773 740 fieri

944 771 1087 842 permisit,
1104 775 1158 827 ete.
1176 772 1314 844 Sequitur
1331 790 1337 826 :

982 859 1126 932 Superbia
1140 861 1261 932 expellit
1279 868 1315 928 te,
1331 860 1516 917 habitantem
1530 861 1561 917 in
1575 861 1708 918 scissuris
1722 877 1774 935 pe-

944 951 994 1002 trae
1006 966 1012 1015 ;
1024 948 1075 1020 qui
1095 948 1168 1003 dieis
1182 948 1212 1003 in
1226 949 1314 1004 corde
1342 954 1392 1004 tuo
1406 949 1496 1014 :Quis
1523 964 1571 1004 me
1600 948 1729 1005 deducet
1742 949 1772 1006 in

944 1039 1053 1090 terram
1064 1036 1193 1092 illaesi.
1205 1037 1350 1108 Superbia
1360 1036 1440 1092 enim
1454 1036 1484 1091 in
1495 1035 1638 1092 haereticis
1648 1051 1773 1108 praeces·
1846 1088 1850 1106 ,

944 1123 989 1191 sit,
1006 1124 1054 1179 eui
1068 1140 1149 1181 emor
1163 1125 1318 1181 hacreticus
1330 1124 1493 1196 justissime
1521 1123 1681 1193 successit;
1697 1124 1771 1198 quia

944 1213 1020 1269 side
1043 1217 1103 1270 Deo
1121 1214 1272 1270 humiliter
1294 1218 1442 1289 saperent,
1455 1218 1482 1271 ct
1507 1213 1538 1269 in
1565 1230 1596 1269 se
1623 1212 1773 1270 humiliter

61 1300 239 1353 monstrant.
256 1296 328 1352 Dicit
338 1313 409 1368 ergo
423 1297 534 1353 abdias
550 1298 606 1353 suh
617 1313 745 1370 persona
756 1296 889 1353 Domini:
944 1303 1094 1366 sentirent,
1114 1304 1195 1360 riam
1210 1304 1378 1374 gradientes
1393 1302 1552 1360 hrunilium
1577 1317 1772 1377 nequaquam

62 1385 118 1450 aui
132 1385 295 1441 comedunt
308 1402 419 1458 panem
434 1390 543 1455 tecum,
559 1392 672 1460 ponent
684 1386 808 1442 insidias
823 1385 891 1441 suh·
944 1392 1122 1448 desererent.
1139 1393 1210 1448 ltine
1225 1393 1290 1465 ipsa
1307 1393 1415 1449 Veritas
1428 1411 1434 1448 ε
1447 1394 1546 1461 Super
1558 1406 1654 1463 aneni,
1665 1390 1770 1463 iuquit,

64 1480 105 1529 ter
124 1480 170 1543 te;
199 1475 270 1548 quia
295 1475 429 1531 videlicet
458 1476 510 1548 qui
538 1477 620 1549 prius
644 1476 723 1532 fluxe
746 1474 890 1544 vixerant,
945 1483 1105 1551 requiescet
1131 1482 1266 1550 Spiritus
1283 1482 1445 1553 irretierint
1463 1496 1553 1550 saper
1579 1480 1798 1551 tramitemet,

62 1565 197 1620 animam
209 1564 291 1620 carni
305 1564 439 1621 ancillari
461 1565 599 1633 lacerant,
613 1571 641 1622 et
655 1582 766 1622 menses
782 1565 892 1620 diemo·
905 1593 925 1647 D
945 1571 1087 1639 qriietrau,
1098 1575 1125 1625 et
1138 1575 1309 1626 trementem.
1325 1585 1471 1626 serrrroaes
1486 1573 1585 1625 tricos?
1600 1568 1669 1639 (Iso.
1684 1566 1771 1638 ervi.)

62 1654 183 1709 nicrum
196 1670 249 1726 per
260 1670 441 1709 consensum
469 1653 607 1710 vitiorum
632 1653 889 1727 participaverant,
944 1663 976 1714 ln
991 1662 1089 1713 mente
1104 1658 1192 1728 igitur
1206 1658 1390 1725 limnilitatis,
1408 1658 1531 1731 Spiritus
1539 1656 1654 1713 habitat
1666 1655 1772 1712 verita·

63 1742 81 1798 ii
97 1743 219 1798 astutias
238 1741 422 1808 daemonum,
438 1742 545 1798 mundi
558 1759 654 1810 curas,
677 1741 773 1798 carnis
797 1741 892 1797 illece·
943 1747 980 1802 tis
995 1765 1001 1814 ;
1017 1747 1090 1818 qnia
1115 1747 1167 1819 qni
1182 1746 1344 1802 contemnit
1368 1746 1575 1813 humilitatem,
1598 1744 1667 1801 velit
1687 1743 1770 1812 nolit,

62 1832 135 1886 bras
149 1829 283 1888 subtihus
296 1830 478 1898 ‹lisccrnunt,
501 1830 624 1886 celerius
651 1829 889 1903 deprehendunt,
944 1835 1053 1891 deserit
1063 1836 1227 1890 ueritatem.
1246 1835 1394 1906 Scriptum
1406 1851 1539 1908 namque
1553 1838 1597 1889 est
1613 1851 1619 1889 :
1633 1833 1680 1890 Ibi
1699 1833 1771 1889 ceci-

63 1919 200 1989 sagacius
225 1919 370 1991 judicant,
395 1918 508 1974 titilius
532 1919 688 1975 damnant.
709 1918 791 1974 Prius
806 1934 915 1974 llam·'
943 1926 1052 1983 derant
1075 1924 1127 1996 qai
1153 1929 1317 1994 operantur
1344 1926 1530 1996 iniquitatem
1546 1923 1640 1994 (Psul.
1670 1922 1768 1994 xxxv).

62 2025 121 2081 qne
153 2008 269 2079 collegit
299 2008 444 2075 indoctos,
488 2012 515 2063 et
541 2008 735 2081 postmodum
763 2007 892 2082 philoso·
945 2017 1037 2079 tetra,
1054 2018 1098 2069 est
1111 2013 1186 2068 tides
1201 2011 1411 2075 catholieavel
1426 2011 1576 2083 Scriptura
1589 2009 1769 2066 authentica.
1834 2076 1837 2079 ¹

63 2099 159 2172 pl10s;
188 2102 216 2154 et
236 2113 298 2154 non
337 2114 390 2171 per
419 2102 549 2153 oratores
587 2096 690 2153 docuit
718 2097 889 2170 piscatores,
946 2102 1433 2169 scissura,verietateshrercsum,
1450 2105 1477 2156 et
1492 2096 1772 2155 sententioevoritati

64 2187 115 2242 scd
158 2202 213 2260 pet
248 2187 410 2261 piscatores
447 2186 573 2244 erudivit
610 2191 751 2243 oratores.
791 2186 892 2259 Sequi·
944 2193 1014 2248 fidei
1041 2191 1205 2247 contrariae.
1228 2190 1350 2258 Solium,
1385 2194 1428 2246 est
1460 2188 1599 2245 lueretica
1624 2185 1769 2244 doctrina.
1827 2244 1832 2251 ,
1895 2199 1900 2206 ·

64 2278 133 2332 tur:
947 2281 1014 2338 Solii
1041 2280 1187 2347 exaltatio,
1212 2295 1358 2352 ponerem
1387 2279 1529 2335 doctrinm
1555 2276 1698 2334 ddatabo.
1723 2277 1771 2334 Se·

98 2366 164 2420 Neu
179 2372 222 2422 est
233 2367 440 2436 pestilentiam
452 2372 494 2423 ed.
506 2371 609 2424 herae.
622 2366 779 2423 Prudentia
790 2365 892 2422 salutis
945 2370 1046 2442 quitur
1057 2389 1063 2425 :

63 2454 310 2527 estprovideutia,
322 2471 455 2528 qnasuec
467 2456 496 2510 in
518 2456 713 2523 diabolo,nec
725 2454 891 2522 inmunde,
981 2459 1113 2524 Quisme
1133 2458 1267 2515 detrahet
1285 2459 1316 2513 in
1346 2459 1475 2513 terram?
1504 2456 1603 2512 Dicere
1614 2453 1703 2522 istud,
1727 2455 1771 2510 est

63 2558 118 2598 nee
132 2543 161 2597 in
177 2559 267 2598 carne
278 2542 349 2611 tuit;
364 2543 436 2616 quia
450 2548 479 2599 et
492 2543 631 2599 diabolus
647 2543 752 2599 cecidit
769 2559 822 2615 per
834 2543 891 2598 ela-
945 2563 1024 2603 caeca
1034 2551 1063 2603 et
1076 2563 1220 2616 arrogans
1235 2546 1439 2620 praesumptio,
1453 2551 1507 2602 etc.
1525 2544 1662 2617 Sequitur
1678 2559 1684 2598 :

64 2631 184 2699 tionem,
196 2635 224 2686 et
238 2631 371 2687 rnurrdus
381 2647 435 2705 per
449 2632 612 2688 vanitatem
641 2631 850 2703 corrumpitur,
864 2635 892 2687 et
983 2637 1016 2704 Si,
1025 2636 1170 2692 exaltatus
1185 2635 1275 2691 tueris
1289 2640 1323 2691 ut
1332 2635 1442 2707 aquila,
1453 2638 1481 2690 et
1492 2634 1516 2688 si
1526 2633 1601 2689 inter
1614 2631 1771 2701 siderapo·

62 2735 132 2774 caro
146 2735 200 2792 pel·
219 2720 404 2793 voluptatem
419 2719 595 2776 infirmatur.
627 2719 768 2775 Diabolus
778 2735 831 2792 per
844 2735 892 2773 su·
945 2726 1038 2781 sueris
1052 2725 1157 2781 nidum
1166 2729 1261 2792 tuum,
1272 2723 1341 2781 inde
1350 2724 1507 2783 detraham
1516 2727 1552 2778 te.
1561 2715 1719 2776 llaeretieus'
1728 2721 1772 2775 est

61 2806 208 2880 perhiam,
231 2808 364 2864 mundus
384 2824 437 2881 pel*
451 2807 658 2881 petulantiam,
675 2823 745 2863 earo
757 2823 811 2881 Pel'
823 2822 892 2863 ⁰011·
943 2819 976 2869 ut
990 2812 1100 2886 aquila,
1116 2813 1238 2884 quando
1253 2811 1416 2868 intellectus
1428 2811 1492 2882 ejus
1500 2808 1601 2865 subtili
1611 2805 1772 2869 irradiatur

62 2896 287 2969 cupiscentiam.
296 2899 570 2968 Qirmautemsuper
582 2895 712 2964 diaholo,
720 2895 766 2952 rel
775 2894 892 2951 mundo
944 2900 1151 2971 intelligentia:
1164 2899 1239 2955 inter
1247 2899 1344 2955 sidera
1355 2898 1461 2954 nidum
1471 2897 1565 2971 ponit,
1577 2894 1701 2968 quando
1711 2907 1772 2949 mc·
1791 2950 1797 2967 ,

62 2985 245 3059 interpretati
260 3002 376 3053 sumus,
398 2985 436 3042 ad
463 2986 626 3053 haereticos,
641 2984 688 3040 rel
714 3000 834 3040 carnem
848 2999 893 3040 re·
944 2991 1006 3047 ritis
1017 2993 1189 3047 sanctorum
1201 3006 1231 3045 se
1243 2993 1407 3061 comparat,
1420 2987 1494 3043 tulsa
1508 2984 1688 3052 innocentia,
1697 2987 1725 3039 et
1735 2981 1772 3038 si·

64 3074 318 3147 terrepossumus
329 3074 460 3130 llaeretiei
471 3072 893 3146 raptoresspiritualesterram
945 3080 1059 3137 mutata
1070 3078 1192 3150 justitia,
1211 3078 1267 3134 sed
1277 3077 1358 3132 hunc
1374 3076 1518 3131 Dourinus
1533 3073 1661 3128 detrahit
1676 3072 1708 3127 in
1718 3074 1772 3126 ter-

66 3168 203 3222 sanctam
217 3164 400 3232 invadentes,
424 3169 452 3220 ct
467 3163 633 3236 Scripturas
658 3163 818 3220 canonicas
828 3179 894 3237 per·
945 3186 1022 3237 ram,
1038 3167 1161 3240 quando
1177 3165 1316 3221 subtilem
1327 3166 1391 3236 ejus
1402 3162 1624 3232 intelligentiam
1633 3161 1714 3231 justo
1726 3159 1772 3229 jn·

64 3250 211 3310 i‘ertentes
230 3252 426 3321 induxerunt;
443 3256 561 3325 linquas
576 3269 646 3310 seras
670 3260 828 3325 acuerant,
844 3270 892 3310 ar·
946 3258 1023 3314 dicio
1038 3260 1130 3311 emeat
1144 3253 1321 3323 ignorantia,
1336 3257 1365 3307 et
1378 3251 1525 3324 perfidam
1541 3249 1605 3318 ejus
1616 3245 1780 3318 justitiam,

64 3361 133 3402 ctera
147 3360 245 3413 sarrae,
261 3359 321 3401 rem
333 3360 481 3415 astaram,
494 3345 696 3415 intenderant,
708 3349 739 3401 ut
750 3345 893 3414 sagittent
947 3351 1050 3419 aperta
1060 3343 1170 3412 detegit
1183 3341 1305 3397 malitia.
1322 3341 1393 3397 Hinc
1413 3337 1584 3394 Psalmista:
1601 3336 1707 3405 Effusa
1730 3339 1771 3390 est

64 3437 96 3492 in
110 3437 235 3492 oeetcttis
250 3436 475 3492 immaculatae
490 3435 583 3506 (Psot.
600 3434 686 3504 exiri).
702 3435 893 3504 Contraquos
948 3433 1125 3502 cantelupus
1140 3445 1231 3500 saper
1240 3430 1394 3499 principes
1408 3443 1419 3484 .·
1431 3432 1458 3483 et
1472 3440 1576 3483 errare
1587 3424 1661 3505 feeit
1684 3435 1730 3479 eos
1741 3423 1772 3477 ia

63 3524 175 3580 abdias
190 3523 246 3579 sub
262 3538 390 3597 persona
400 3521 460 3578 Filii
475 3521 683 3594 propheticum
697 3520 821 3577 intentat
835 3519 893 3575 elo·
946 3507 1079 3576 triviaci
1099 3519 1158 3558 ”On
1173 3503 1204 3558 ²⁷7³
1219 3502 1267 3558 υἷα
1282 3501 1375 3572 (PSM
1392 3504 1458 3567 cur),
1469 3503 1523 3554 6ῐο-
1541 3498 1700 3570 Setimim*

63 3612 170 3685 quium
185 3611 288 3667 dicens
304 3630 310 3667 z
984 3603 1012 3659 Si
1022 3602 1102 3658 tures
1116 3600 1286 3657 introissent
1299 3599 1338 3655 nd
1349 3603 1386 3667 te,
1402 3597 1426 3653 si
1438 3598 1567 3653 latrones
1580 3609 1634 3668 per
1643 3597 1772 3662 noctem,

100 3717 225 3788 surgite,
239 3716 346 3789 inquit,
360 3721 389 3774 et
400 3731 619 3787 consurgamus
642 3716 787 3773 adversas
812 3730 892 3781 eum,

65 3805 94 3861 id
119 3809 163 3861 cst
187 3805 396 3861 hereticorum
415 3805 674 3876 conventiculum,
700 3805 731 3860 in
745 3802 891 3875 praelium.

65 3899 200 3954 hanins.
214 3897 289 3962 Quia
303 3896 442 3952 haeretica
452 3896 681 3968 perfidiamulta
696 3893 813 3950 sanitati
824 3891 895 3948 fidei

65 3987 177 4060 protect
192 3986 350 4056 contraria,
367 3987 462 4044 multa
473 3988 512 4043 ad
534 3986 635 4053 Patris,
648 3991 676 4042 et
691 3985 751 4042 Filii
765 3989 795 4041 et
809 3983 896 4056 Spiri-

68 4082 112 4134 tus
127 4077 223 4133 saneti
234 4077 347 4151 profert
358 4077 509 4148 injuriam.
526 4078 594 4134 ldeo
610 4077 697 4134 Filius
717 4093 786 4133 cum
801 4073 896 4144 gravi-

67 4170 122 4222 tate
138 4167 263 4235 consilii,
277 4173 306 4224 et
318 4168 450 4240 pondero
461 4169 571 4234 anxilii,
589 4185 694 4225 eorum
722 4181 895 4240 expugnare

66 4254 195 4311 ‹lecrevit
211 4254 404 4312 dementiam.
422 4258 535 4327 Surgitc
551 4261 579 4313 et
593 4272 821 4328 consurgamus,
839 4258 894 4310 ete.
911 4298 932 4352 D

66 4342 151 4398 Anus
161 4343 310 4400 minorem
323 4348 406 4401 Patre
423 4345 537 4413 lilium,
554 4344 742 4402 Macedonius
768 4347 895 4415 utroque

67 4430 216 4487 minorem
238 4433 342 4488 asserit
356 4432 551 4497 Paracletum,
570 4431 713 4489 sabellius
732 4431 831 4504 ipsum
844 4431 896 4484 Pa-

68 4523 143 4575 trem
158 4518 276 4587 Filium;
299 4521 477 4577 Manichacus
507 4519 636 4575 Verbum
660 4523 750 4588 negat
774 4532 896 4574 carnem

69 4605 180 4663 laetum
197 4624 204 4662 :
221 4611 250 4663 et
261 4607 334 4664 alter
348 4608 431 4680 quod
446 4624 543 4664 unum
558 4612 602 4663 est
628 4620 765 4680 perverse
780 4604 894 4671 dividit,

69 4693 141 4750 alter
155 4710 227 4752 vero
237 4696 321 4768 qnod
335 4695 465 4752 divisum
477 4695 635 4752 vanissime
647 4692 811 4751 confundit.
822 4695 896 4751 Con-

69 4786 113 4838 tra
127 4799 260 4855 quorum
272 4783 489 4841 destruendam
506 4782 654 4839 insaniam
663 4781 749 4838 Filius
764 4796 898 4837 neeessa-

68 4870 144 4926 riam
155 4870 360 4928 vidensPat1·is
373 4871 549 4944 potentiam,
560 4886 646 4927 suain
653 4886 775 4944 quoque
784 4869 899 4941 sapien·

69 4956 151 5023 tiam,
167 4963 197 5015 et
210 4958 425 5029 benignitatem
440 4960 564 5032 Spiritus
579 4960 682 5025 sancti,
698 4959 738 5016 ait
754 4977 760 5014 :
774 4958 897 5027 Surgite,

68 5047 97 5099 et
108 5060 337 5117 consurgamus
347 5050 431 5104 Pater
440 5064 494 5121 per
506 5048 680 5120 potentiam,
692 5047 899 5104 haeretieorum

67 5133 224 5191 destruens
237 5135 395 5192 falsitatem
418 5152 474 5206 ego
489 5136 626 5193 docendo
651 5136 722 5192 tidei
735 5135 898 5201 veritatem,

68 5221 193 5294 Spiritus
208 5229 329 5281 sauctus
355 5224 542 5281 infundendo
571 5224 746 5282 charitatem
770 5228 802 5279 ut
827 5222 898 5296 quia

67 5325 164 5366 unum
188 5311 307 5380 deitate,
342 5313 480 5381 essentia,
514 5313 665 5370 voluntate
693 5330 808 5380 sumna,
840 5328 900 5368 uno

69 5415 232 5470 congressu
244 5403 291 5458 rel
303 5403 480 5473 conjunctos
504 5403 543 5458 ad
555 5403 697 5459 unitatem
708 5403 898 5468 reducamus,

66 5488 113 5543 vel
127 5490 273 5561 reprobos
280 5492 317 5549 ad
332 5497 474 5549 aternam
485 5492 684 5550 calamitatem
696 5492 897 5565 impellamus.

69 5577 227 5653 Sequitur:

947 3690 1102 3765 quomodo
1116 3688 1332 3746 conticuisses?
1346 3690 1449 3744 h'onne
1470 3684 1559 3742 iurati
1582 3686 1680 3740 essent
1692 3680 1774 3738 suffi-

948 3780 1054 3836 cientia
1075 3778 1150 3834 sibi‘l
1180 3777 1208 3834 Si
1234 3776 1464 3832 vindemiatores
1489 3774 1649 3829 labascent
1675 3769 1714 3825 ad
1733 3772 1771 3837 te,

947 3885 1047 3925 nonne
1063 3867 1168 3923 saltem
1189 3882 1325 3923 racemos
1350 3864 1539 3937 reliquissent
1552 3860 1603 3917 tihi
1614 3859 1627 3915 ⁶?
1640 3862 1680 3914 hc
1696 3857 1720 3913 si
1732 3857 1774 3913 di-

948 3963 1049 4015 cerent
1063 3956 1206 4013 Dominus
1221 3956 1260 4012 ad
1270 3954 1441 4011 licereticos:
1457 3951 1485 4010 si
1495 3948 1684 4025 quisoeenltc
1694 3945 1775 4004 velut

949 4047 1006 4115 fur,
1019 4047 1067 4102 rel
1082 4049 1182 4119 aperte
1199 4050 1230 4100 ut
1243 4049 1355 4117 raptor,
1368 4043 1516 4099 insaniam
1528 4040 1649 4098 molitur
1657 4037 1775 4110 impug-

948 4153 1031 4204 nare,
1046 4135 1093 4192 rel
1109 4134 1268 4191 sententias
1278 4137 1402 4200 vestras
1417 4133 1528 4208 quibus
1542 4146 1656 4187 errores
1663 4130 1775 4184 vestros

949 4225 1076 4281 nitimini
1090 4228 1232 4289 astruere,
1247 4221 1315 4277 etin
1327 4222 1431 4276 vinum
1459 4220 1547 4293 quasi
1564 4214 1776 4275 vindemiando

949 4315 1100 4381 reducere,
1117 4317 1145 4368 ct
1159 4311 1263 4366 vinnm
1279 4325 1359 4364 sanae
1369 4306 1615 4378 intehigentiaead
1630 4301 1777 4359 contusio

950 4421 1020 4461 nem
1042 4402 1130 4461 vestri
1144 4398 1318 4473 exprimere,
1346 4397 1444 4453 statim
1457 4398 1488 4452 iu
1510 4412 1580 4451 eum
1603 4391 1775 4461 insurgitur,

949 4508 1077 4567 squama
1092 4504 1226 4563 squamae
1255 4486 1461 4559 conjungitur,
1477 4483 1549 4556 quia
1572 4496 1649 4554 quos
1673 4477 1776 4534 similis

949 4585 1049 4638 reatus
1064 4578 1157 4634 sociat
1185 4575 1328 4632 concordi
1341 4573 1514 4648 pertinacia,
1528 4571 1617 4627 ctiam
1644 4565 1777 4625 defensio

949 4682 1089 4744 perversa
1104 4664 1260 4738 constipat,
1274 4669 1305 4720 nt
1326 4663 1363 4719 de
1378 4660 1560 4719 iecinoribus
1575 4659 1636 4716 suis
1664 4655 1779 4715 alterna

951 4756 1119 4815 seinvicem
1131 4758 1269 4810 tueantur
1281 4752 1463 4821 defensione,
1477 4751 1529 4827 qui
1543 4750 1580 4806 de
1595 4753 1701 4807 mutua
1714 4745 1779 4803 tris-

951 4848 1092 4905 tabantur
1102 4843 1232 4901 laesione.
1247 4847 1336 4900 Porro
1344 4843 1368 4900 si
1379 4843 1419 4899 sic
1430 4841 1561 4915 prompti
1575 4834 1780 4897 sunthaeretiei

953 4937 991 4994 ad
1017 4934 1178 5009 superbam
1221 4933 1355 4991 falsitatis
1391 4931 1605 5000 defensionem,
1644 4943 1700 4999 ego
1728 4941 1778 4982 oro

953 5024 1119 5100 promptior
1141 5023 1180 5079 ad
1194 5023 1323 5081 veritatis
1352 5022 1506 5090 ultionem,
1522 5025 1550 5078 et
1576 5031 1711 5076 errorum
1725 5014 1779 5069 im·

953 5115 1179 5191 pugnationem.
1197 5114 1351 5188 Sequitur:

990 5223 1147 5290 Quomodo
1160 5221 1336 5295 perscrutati
1350 5224 1418 5275 sunt
1429 5221 1515 5283 Esau,
1530 5211 1781 5280 investigaverunt

953 5312 1130 5369 abscondita
1141 5311 1225 5380 ejus?
1240 5312 1337 5379 Usque
1352 5307 1391 5363 ad
1406 5304 1564 5360 terminum
1576 5298 1739 5356 omiserunt
1753 5302 1781 5355 te

953 5417 1058 5458 omncs
1073 5399 1127 5455 viri
1142 5395 1260 5453 traderis
1272 5394 1333 5462 tui,
1350 5393 1504 5449 illuserunt
1518 5388 1580 5457 tibi,
1591 5388 1783 5446 invaluerunt

954 5490 1114 5546 adversum
1130 5490 1157 5541 tc
1167 5498 1272 5538 omnes
1286 5481 1340 5538 viri
1357 5479 1439 5552 paca
1453 5482 1519 5535 tuoe
1536 5478 1591 5545 Qui
1619 5479 1782 5536 comedunt

953 5593 1064 5650 panem
1080 5581 1188 5641 tecum,
1198 5574 1312 5644 ponent
1326 5568 1449 5626 insidias
1464 5567 1566 5626 subter
1593 5573 1630 5626 tc.
1646 5572 1783 5640 Laoenter
