3832 6044
58 109 111 167 837

479 107 686 169 1111111111
707 116 740 168 n
761 110 1213 175 111111111111111111-
1228 121 1292 179 ria.
1312 87 1344 181 ν’.

1719 141 1771 199 8311

60 233 143 290 idem
156 231 272 288 videtur
286 250 350 289 esse
364 250 433 292 eum
446 237 576 309 recipcre
588 253 640 310 per
651 237 753 303 tidem,
769 242 797 294 et
810 244 891 311 pote·
909 242 933 296 Α
947 239 1048 313 aliquo
1063 241 1132 300 alio.
1148 247 1222 301 Cum
1237 247 1320 305 aliter
1333 250 1444 310 habeat
1457 255 1568 325 anima,
1589 258 1673 316 aliter
1683 265 1769 322 heus.

59 326 164 379 statem
182 322 261 377 hanc
280 322 392 379 habere
416 324 525 380 scilicet
548 342 636 398 posse
648 325 723 381 effici
739 326 816 383 tilios
831 328 890 385 liei.

945 332 1022 384 Deus
1038 331 1117 388 enim
1132 333 1223 392 habet
1236 337 1319 396 illam
1335 356 1388 413 per
1401 347 1550 414 naturam,
1575 347 1677 407 anima
1700 368 1771 410 vero

96 410 177 468 liade
191 410 336 483 quaeritur
349 428 443 484 quare
464 414 648 487 premiserit,
664 421 849 489 receperunt,
866 422 894 473 11
945 434 998 490 per
1013 425 1149 489 graham.
1165 428 1326 499 AEqualitas
1337 435 1437 488 tamen
1454 435 1528 492 solet
1536 437 1718 498 considerari
1729 459 1772 500 sc-

58 506 163 573 postea
176 499 351 571 subjunxit:
368 501 454 558 Dedit
467 502 508 557 eis
538 508 714 575 potestatem
739 505 817 562 filios
840 505 892 562 liei

57 589 122 647 ficri
138 608 144 646 ε
160 594 305 663 tanquam
318 589 374 663 ipsi
393 607 447 664 per
457 609 489 647 se
505 608 541 647 ex
554 592 647 649 libero
662 594 784 651 arbitrio
798 595 891 652 tidem

57 681 188 754 recipcre
204 685 336 752 possent,
352 685 565 754 etpotcstatem
579 681 661 739 illam
676 700 736 740 nou
748 684 892 742 haberent

57 769 115 826 nisi
128 787 165 825 en
177 768 281 839 gratia.
299 769 344 824 hd
358 770 441 842 quod
452 770 580 826 dicimus
599 773 683 844 quod
696 773 776 829 idem
789 779 834 831 est
847 791 891 830 re·

57 860 155 932 eipcre
168 857 213 914 vel
225 857 336 914 habere
351 863 380 915 et
402 863 580 931 potestatem
594 860 672 918 filios
687 863 737 918 hei
752 863 817 919 lieri
838 864 891 920 ha-

56 949 137 1006 bere.
154 951 188 1004 Et
208 952 309 1004 tamen
324 949 535 1006 convenienter
549 951 748 1023 praemittitur,
772 969 891 1025 recepe·

56 1043 135 1106 runt,
151 1042 183 1094 ut
207 1037 334 1093 liberum
361 1038 518 1095 arbitrium
546 1040 645 1096 valere
665 1041 704 1098 ad
719 1058 890 1114 promeren-

55 1129 131 1184 dum
146 1127 329 1184 ostendatur.
347 1126 405 1184 Sed
417 1144 454 1183 ne
469 1127 583 1201 absque
599 1130 694 1200 gratia
708 1131 891 1203 praevenien-

945 508 1079 565 cundum
1089 513 1285 584 quantitatem
1300 522 1329 575 et
1342 536 1403 576 uon
1419 524 1585 582 seeundum
1597 528 1771 600 qualitatem
1867 575 1870 581 -

946 599 977 652 ut
991 596 1014 652 si
1033 597 1082 654 hic
1105 604 1203 663 mutae
1228 603 1346 663 divitias
1372 608 1483 668 haheat
1506 627 1541 668 ex
1565 614 1769 689 acquisitione,

944 692 1074 772 quantas
1088 688 1135 746 ille
1148 705 1184 745 ex
1212 693 1402 764 patrimonio,
1429 715 1515 771 aeque
1543 701 1584 758 illi
1613 704 1695 762 dives
1712 706 1771 765 diei

944 782 1049 849 potest.
1064 779 1193 835 Gratiam
1208 783 1411 854 pergratiam,
1428 789 1500 860 quia
1514 807 1550 846 ex
1566 793 1770 868 gratianum

944 865 1026 921 dedit
1039 866 1078 922 ad
1092 870 1337 939 promerendum,
1354 872 1438 930 dubit
1456 877 1579 934 tandem
1592 881 1771 942 1111111111-

943 969 1034 1023 nam,
1050 960 1079 1012 et
1092 955 1134 1010 sic
1146 960 1241 1013 totum
1252 973 1288 1014 ea
1303 961 1397 1029 gratia
1410 966 1463 1030 est,
1481 969 1509 1021 et
1522 967 1606 1039 quod
1620 986 1771 1030 meremur

943 1048 971 1099 11
985 1044 1067 1118 quod
1077 1045 1174 1101 meriti
1194 1045 1324 1104 feretum
1342 1052 1566 1125 consequimur.
1588 1059 1645 1114 Nee
1670 1063 1770 1118 tamen

943 1133 1069 1189 excludo
1084 1133 1210 1191 liberum
1237 1137 1408 1208 arbitrium,
1428 1142 1511 1214 quod
1538 1145 1665 1215 gratiam
1689 1147 1772 1207 ohla-
1799 1134 1801 1139 ¹

57 1222 84 1275 te
108 1218 147 1273 ad
170 1217 285 1272 honum
310 1215 388 1271 hecti
411 1232 500 1289 posse
524 1222 653 1290 putetur,
680 1220 890 1277 convenienter
943 1226 1005 1278 tam
1020 1239 1081 1280 non
1095 1224 1219 1299 repellit,
1235 1226 1288 1283 sed
1303 1227 1329 1284 ei
1346 1230 1502 1288 consentit.
1528 1235 1625 1292 Potest
1646 1236 1769 1310 quidem

56 1306 246 1379 supponitur,
261 1308 288 1361 11
300 1304 382 1360 dedit
396 1304 438 1360 eis
458 1309 634 1379 potestatem
648 1307 726 1362 tilios
741 1307 791 1364 liei
814 1309 887 1367 lieri.
944 1329 980 1367 ex
991 1329 1021 1368 se
1036 1313 1212 1384 consentire,
1229 1316 1281 1372 sed
1293 1333 1355 1374 non
1365 1321 1511 1378 consentit
1526 1323 1640 1397 absque
1659 1327 1770 1385 auxilio

56 1394 204 1465 Engratia
219 1392 298 1449 enim
313 1392 388 1448 tides
412 1397 441 1449 et
460 1391 578 1449 dilectio
603 1394 689 1451 uobis
709 1395 806 1465 datm,
836 1413 890 1470 per
944 1402 1055 1470 gratiae.
1072 1402 1121 1458 Vel
1135 1420 1190 1477 pro
1205 1405 1300 1476 gratia
1314 1406 1464 1465 electionis
1478 1409 1531 1468 dat
1557 1413 1685 1484 gratiam
1698 1415 1770 1473 dile·

55 1499 150 1557 quam
177 1482 229 1538 filii
258 1482 308 1538 bei
335 1481 481 1538 efficimur
509 1487 537 1539 ct
555 1483 728 1553 imitatione,
753 1490 781 1542 ct
798 1485 889 1544 beati-
944 1490 1048 1546 ctiouis
1063 1496 1091 1547 et
1103 1494 1294 1566 operationis.
1315 1498 1378 1554 Lea
1391 1513 1448 1568 per
1461 1500 1583 1572 Moysen
1610 1503 1684 1562 data
1704 1511 1771 1578 est,·

55 1572 168 1629 tudinis
182 1570 419 1645 participatione.
433 1570 561 1628 Credere
575 1574 606 1628 tn
621 1575 739 1631 1111111
757 1577 831 1644 ejas,
846 1582 890 1632 cst
905 1596 925 1648 g
944 1582 1560 1657 1111111111·11110111111111111111.
1585 1591 1660 1658 Quia
1686 1594 1769 1666 quod

55 1662 192 1718 notitiam
211 1659 281 1717 fidei
296 1660 335 1718 ad
346 1659 468 1716 laudem
489 1665 517 1717 et
528 1662 675 1718 honorem
689 1662 783 1737 ipsius
797 1664 889 1721 habe-
944 1671 1058 1740 Moyses
1072 1669 1183 1738 docuit,
1199 1670 1262 1744 ipse
1278 1672 1442 1747 adimplere
1460 1691 1655 1751 nequaquam
1662 1680 1768 1753 potuit3

55 1767 98 1808 re.
114 1752 172 1820 oei
182 1766 242 1807 noa
267 1766 305 1807 ear
328 1750 534 1822 runcantibus,
551 1756 606 1808 etc.
623 1751 802 1809 lieterminat
815 1770 888 1826 quo·
943 1757 1022 1812 unde
1037 1756 1118 1813 dedit
1132 1758 1215 1830 quod
1233 1759 1296 1831 ipse
1310 1760 1407 1818 tacere
1422 1778 1482 1820 non
1492 1765 1606 1837 potuit;
1621 1767 1674 1823 sed
1686 1752 1770 1824 Je'sus

55 1839 148 1896 inodo
163 1837 272 1896 iiliiliei
287 1837 350 1895 fieri
366 1837 483 1911 possint
502 1858 508 1895 ι
527 1839 773 1914 nanscilieetper
787 1858 889 1898 carna·
944 1847 1074 1903 Christus
1106 1848 1190 1920 quod
1213 1849 1324 1918 docuit,
1354 1851 1411 1907 hoc
1439 1853 1540 1926 ipsam
1561 1855 1651 1913 etiam
1679 1873 1769 1931 opere

54 1927 116 1984 lem
126 1925 359 1997 generationem,
376 1941 412 1981 ex
436 1943 497 2000 qua
511 1943 616 1983 omnes
643 1934 887 2003 corrumpuntur,
943 1935 1125 2008 adimplevit,
1143 1936 1222 1993 unde
1231 1937 1338 1995 dicitur
1354 1958 1360 1995 z
1376 1940 1446 2007 Qua
1460 1944 1548 2012 1111111
1558 1946 1645 2001 ,lesus
1667 1946 1770 2016 [11111

55 2015 174 2088 scdper
189 2013 373 2088 spiritualem
395 2014 660 2085 regenerationem,
689 2033 757 2089 quse
780 2015 814 2073 111
835 2034 888 2091 ρ1ν
942 2026 1388 2101 etdocere(Act.1),1nM0yse
1416 2029 1539 2103 quidem
1565 2032 1670 2101 figura,
1694 2049 1769 2107 pm.

55 2103 148 2159 fidssm
163 2122 169 2172 ;
185 2119 238 2176 1³0¹*
251 2101 343 2159 fidem
353 2102 434 2158 essim
448 2101 552 2159 Chlisfi
566 2103 756 2173 i¹¹¹¹⁰t¹³111111¹2
771 2108 798 2162 θῑ
809 2122 826 2161 a
838 2123 887 2162 ve·
943 2120 1110 2184 cesserunt;
1131 2115 1162 2172 in
1193 2116 1307 2173 Christo
1331 2133 1403 2175 vero
1430 2119 1561 2191 figuram
1584 2121 1767 2196 adimpletio,

55 2197 163 2249 testate
193 2192 319 2248 eximus,
348 2193 389 2248 Et
416 2193 543 2248 addimus
567 2194 697 2263 gloriam
720 2194 794 2264 ejas,
819 2199 885 2264 111,
942 2203 1063 2260 undeet
1086 2204 1194 2261 vernas
1215 2206 1388 2279 peripsum
1409 2206 1487 2264 saep,
1509 2212 1561 2266 est,
1580 2211 1675 2267 Deum
1695 2213 1771 2269 vidit

55 2282 182 2352 gloriam
206 2281 236 2337 id
255 2286 308 2350 cst,
323 2280 424 2354 ipsum
449 2279 612 2350 gloriosum
639 2287 833 2355 apparentem
856 2282 887 2340 in
942 2309 1084 2364 utiquam.
1099 2296 1191 2350 Nemo
1206 2293 1287 2349 enim
1307 2295 1337 2350 iu
1358 2310 1446 2352 earne
1468 2299 1573 2367 heum,
1596 2302 1629 2355 ut
1650 2304 1704 2368 est,
1727 2301 1769 2357 vi-

55 2386 145 2426 carue
169 2368 200 2448 in
227 2368 499 2441 transfiguratione,
525 2368 569 2425 rel
584 2369 830 2428 resurrectionem
845 2371 889 2446 ip·
941 2381 1126 2454 (lerepotuit.
1144 2383 1226 2439 Unde
1239 2399 1292 2456 per
1306 2389 1466 2453 creaturas,
1495 2385 1540 2442 vel
1561 2386 1647 2457 signa
1668 2387 1769 2462 aliqua

56 2459 119 2515 sius
131 2457 302 2529 gloriosam,
328 2458 375 2515 rel
400 2456 600 2529 cognitionem
628 2458 750 2531 plenam
769 2478 835 2533 quea
856 2461 887 2517 in
941 2471 1118 2544 patriarchis
1131 2475 1160 2528 et
1181 2471 1335 2545 prophetis
1356 2473 1505 2546 apparuit,
1531 2475 1622 2548 g0ygj
1646 2493 1768 2551 quoque

56 2550 122 2624 ipso
137 2549 200 2606 tuit.
220 2549 302 2605 Unde
313 2554 344 2604 et
356 2548 519 2622 perfectam
533 2547 748 2606 beatitudinem
761 2550 884 2608 habuit:
940 2559 1086 2632 querenti
1100 2564 1132 2615 ut
1146 2559 1247 2633 ipsum
1260 2559 1316 2616 sibi
1330 2561 1506 2630 ostenderet,
1523 2563 1677 2635 respondit
1692 2581 1699 2620 :
1713 2565 1768 2623 Sta

56 2642 130 2697 Hire
143 2645 185 2697 est
198 2640 275 2696 enim
300 2639 360 2696 vita
376 2645 499 2708 eterna,
515 2654 695 2708 cognoscere
713 2645 741 2696 te
764 2641 886 2698 Patrem
941 2649 972 2703 irr
987 2663 1117 2705 1111111
1125 2654 1231 2720 petre,
1247 2654 1276 2705 et
1290 2649 1400 2706 videbis
1406 2652 1573 2720 passoriere
1581 2667 1645 2709 meu
1658 2651 1767 2720 (and.

55 2731 149 2787 Deam
174 2745 287 2797 aerum,
312 2734 340 2786 11
367 2744 453 2800 quem
477 2729 584 2784 irrisisti
606 2728 706 2785 desum
736 2728 888 2786 Christum
940 2740 1053 2803 xxxin).
1069 2740 1104 2803 tn¹
1113 2752 1242 2793 caverna
1257 2741 1347 2810 petra
1361 2737 1419 2794 hoc
1432 2744 1485 2808 est,
1498 2738 1529 2795 in
1553 2755 1640 2797 cruce
1663 2741 1768 2799 Christi

55 2819 157 2892 (loun.
170 2823 249 2887 arn).
267 2818 401 2876 Gloriam
415 2818 511 2890 quasi,
526 2821 580 2874 etc.
597 2816 646 2874 1111
659 2817 755 2890 quasi,
770 2835 831 2876 non
844 2824 888 2877 est
941 2829 970 2882 et
979 2824 1095 2881 videbis
1108 2825 1283 2898 posteriora,
1301 2826 1331 2882 id
1355 2831 1400 2884 est
1420 2844 1542 2885 carnem
1569 2833 1767 2904 assumptam,

55 2906 266 2978 similitudinis,
283 2908 336 2965 sed
352 2905 597 2965 confirmationis.
622 2909 671 2964 Est
690 2907 770 2965 eninr
783 2926 887 2967 revera
902 2949 923 3005 C
941 2931 1010 2987 quie
1037 2914 1158 2971 inferior
1181 2919 1288 2972 natura
1317 2915 1421 2973 Christi
1445 2921 1497 2974 est.
1528 2917 1769 2993 Paulusquoque

54 2997 227 3070 unigenitus
242 2998 292 3054 liei
307 2997 404 3055 Filius.
419 2998 548 3054 Plenum
563 2999 672 3069 gratier
691 3004 719 3056 et
740 3001 886 3073 veritatis,
943 3019 1013 3060 cum
1038 3007 1142 3075 raptus
1169 3002 1208 3059 ad
1230 3003 1349 3059 tertium
1377 3003 1487 3061 calum
1514 3009 1627 3061 secreta
1652 3004 1704 3063 illa
1730 3005 1771 3062 ri·

55 3087 87 3144 id
102 3090 147 3144 est
160 3085 375 3159 plenitudinem
403 3085 505 3156 grathe
531 3101 598 3143 rere
624 3084 796 3144 habentem.
818 3091 887 3145 Erat
941 3090 1033 3158 deret,
1049 3106 1118 3163 quae
1132 3105 1194 3146 non
1208 3090 1282 3147 vidit
1295 3091 1397 3159 homo,
1415 3107 1506 3164 supra
1526 3091 1681 3148 hominem
1704 3093 1767 3150 1111.

55 3174 138 3232 enim
153 3173 261 3248 inipso
275 3174 428 3248 plenitudo
450 3173 587 3231 omnium
613 3173 773 3232 donorum.
800 3178 887 3232 toan-
943 3181 1026 3237 Unde
1038 3184 1066 3237 et
1078 3179 1142 3253 ipse
1155 3179 1248 3236 dicit:
1276 3181 1346 3237 Sive
1372 3182 1404 3237 ie
1429 3194 1562 3249 corpore,
1592 3181 1655 3236 sive
1679 3184 1768 3236 extra

55 3281 110 3322 nes
126 3263 327 3322 testimonium
342 3262 479 3338 perhibet
493 3263 530 3318 de
546 3262 621 3334 ipso.
639 3262 785 3319 interserit
799 3279 888 3320 evan-
943 3284 1061 3338 eorpus,
1077 3269 1186 3336 nescio,
1202 3270 1351 3325 Deaescit
1377 3269 1422 3339 (II
1448 3268 1516 3325 Cor.
1544 3273 1597 3337 m).
1627 3266 1678 3324 illa
1699 3282 1770 3324 vero

56 3354 161 3428 gelista
175 3354 353 3424 testimonia,
368 3352 478 3427 quibus
500 3356 626 3425 utraque
650 3350 755 3410 Christi
780 3358 888 3409 natura
943 3356 1029 3424 visio,
1045 3373 1106 3430 qua
1120 3356 1270 3413 videbitur
1284 3359 1361 3414 Deus
1376 3355 1450 3413 iac'ie
1474 3355 1650 3424 adfaciem,
1673 3355 1705 3413 in
1728 3355 1772 3412 tu·

35 3444 222 3519 'probetur3
242 3444 373 3501 maxime
389 3447 488 3499 tamen
505 3441 631 3516 pertinet
653 3442 691 3497 ad
706 3440 889 3498 diiinitatem
943 3452 1009 3504 turo
1023 3446 1087 3503 erit.
1104 3445 1186 3502 Unde
1215 3445 1298 3519 quod
1324 3445 1432 3502 dicitur
1452 3445 1543 3502 modo
1567 3460 1713 3518 apparere
1739 3443 1771 3501 in

56 3534 161 3591 Christi
178 3520 391 3607 'probandam
418 3533 485 3604 Agit
508 3537 608 3589 autem
637 3531 707 3589 satis
732 3530 889 3588 artificiose
943 3537 1080 3592 ereatura
1094 3533 1195 3608 aliqua
1204 3547 1216 3607 ,·
1225 3533 1298 3590 nihil
1313 3533 1395 3592 eliud
1410 3539 1463 3604 est,
1472 3533 1530 3591 nisi
1541 3549 1595 3608 per
1605 3533 1771 3606 subjectam

56 3640 137 3680 nunc
151 3623 370 3697 interponendo
395 3621 573 3694 testimonia,
589 3638 670 3679 nunc
694 3620 733 3677 ad
747 3618 890 3678 narratio·
944 3624 1076 3697 aliquam
1089 3629 1266 3693 creaturam,
1280 3623 1463 3682 voluntatem
1481 3623 1681 3682 manifestare.
1706 3625 1772 3697 lpse

55 3729 127 3770 nem
141 3712 326 3770 revertendo.
344 3711 509 3779 Clamabat,
526 3711 556 3768 id
575 3715 618 3768 est
633 3716 733 3786 aperte
746 3709 889 3784 111111111-
944 3713 1101 3772 enarravit.
1115 3715 1269 3788 Prophetae
1287 3718 1492 3782 narravenmt,
1521 3713 1574 3770 sed
1597 3713 1698 3770 nullus
1723 3728 1772 3769 eo·
1854 3778 1857 3783 ,

55 3801 118 3859 bat.
135 3807 166 3859 iu
180 3801 245 3873 lege
260 3801 340 3859 enim
355 3801 500 3876 quiedam
514 3805 577 3858 crat
591 3800 731 3874 cognitio,
753 3800 805 3857 sed
820 3801 888 3857 obs·
942 3821 1011 3862 rum
1026 3803 1194 3873 enarravit3
1210 3802 1262 3861 sed
1276 3803 1386 3877 ipsein
1401 3819 1490 3861 carne
1504 3802 1629 3860 veniens
1651 3816 1772 3858 enarra·

57 3908 131 3950 cura
146 3896 174 3948 et
184 3891 240 3948 sub
257 3889 368 3966 ‚figuris
383 3890 490 3948 velata.
507 3893 635 3948 loannes
647 3906 717 3947 vero
731 3893 832 3964 aperte
845 3888 888 3945 di-
942 3894 993 3951 111.
1005 3894 1094 3952 hatte
1112 3892 1192 3950 enim
1207 3892 1281 3949 <lixit
1295 3893 1332 3949 de
1347 3909 1388 3962 se,
1404 3908 1473 3967 quie
1488 3891 1538 3950 alii
1548 3906 1611 3949 non
1624 3890 1771 3959 dixeranh

56 3981 144 4038 cebat
160 3981 237 4039 :Hie
261 3985 301 4038 est
318 3979 457 4037 Christus
480 3980 511 4037 in
528 3981 591 4051 iege
608 3979 890 4050 promereamus
944 3983 1146 4040 ctevidentius
1161 3981 1340 4054 dixitquam
1362 3981 1422 4038 alii.
1453 3981 1539 4048 Quod
1562 3980 1686 4055 quidem
1708 3979 1773 4053 ipse

54 4071 246 4142 plenitudine
261 4072 324 4141 ejvs
337 4086 390 4128 aas
405 4085 504 4127 omnes
517 4071 694 4140 accepimus.
944 4072 1021 4129 bene
1036 4071 1132 4144 potuit
1144 4086 1214 4126 cum
1229 4069 1310 4125 sitin
1324 4069 1402 4137 sinu,
1418 4069 1449 4126 id
1468 4074 1512 4127 est
1529 4071 1560 4126 iu
1581 4073 1695 4128 secreto
1722 4071 1774 4127 Pa·

93 4163 136 4218 lie
152 4160 210 4218 hac
234 4159 418 4234 plenitudine
433 4159 576 4233 quaeritur
595 4159 681 4232 cujus
694 4157 731 4214 sit
747 4176 753 4228 ;
771 4157 823 4215 sed
837 4158 890 4215 du·
945 4161 1006 4229 tris,
1021 4160 1050 4216 id
1066 4163 1109 4215 est
1124 4157 1240 4228 genitus
1255 4157 1292 4213 de
1318 4158 1447 4214 essentia
1472 4159 1573 4215 Patris.
1602 4159 1684 4216 Unde
1709 4157 1773 4231 ipse

56 4246 144 4306 bium
169 4265 231 4307 non
257 4253 300 4306 est
337 4249 411 4324 quin
438 4247 542 4307 Christi
572 4246 617 4316 sit,
643 4247 696 4304 scd
724 4245 891 4304 seeundmn
944 4250 1027 4307 illam
1042 4247 1263 4319 generationem
1286 4246 1373 4321 plene
1402 4262 1542 4304 enarrare
1570 4247 1675 4320 potuit,
1703 4261 1773 4303 oum

56 4355 153 4414 quam
162 4337 326 4396 naturam?
341 4338 508 4394 secundum
521 4335 662 4405 divinam,
675 4352 743 4394 earu
757 4336 796 4392 ab
808 4339 890 4393 (1111-
907 4304 929 4358 D
945 4338 1069 4413 aequalis
1083 4337 1160 4394 Patri
1173 4335 1321 4410 perillam
1336 4334 1558 4406 generationem
1573 4335 1619 4390 sit.
1641 4335 1682 4390 Et
1705 4333 1774 4389 Ver·

57 4445 99 4487 no
112 4426 285 4486 naturaliter
302 4427 419 4497 habuit,
435 4426 532 4484 sedin
545 4430 677 4499 tempore
692 4441 760 4482 cam
788 4441 892 4482 secun·
946 4430 1014 4486 bem
1029 4444 1099 4486 earo
1112 4429 1230 4498 sactum
1242 4431 1284 4483 est
1299 4430 1327 4483 et
1349 4424 1495 4482 habitarit
1517 4424 1550 4479 ie
1576 4422 1670 4479 nobis.
1699 4419 1776 4486 Quia

58 4513 134 4576 dum
147 4518 315 4575 humanam
329 4517 453 4590 accepit.
465 4515 531 4574 Fuit
543 4514 644 4589 itaque
658 4515 722 4571 haee
736 4513 891 4588 plenitudo
945 4518 1018 4576 unio
1031 4517 1081 4574 illa
1092 4515 1213 4573 habitus
1227 4514 1258 4571 in
1273 4514 1339 4588 ipso
1352 4511 1416 4570 fuit.
1432 4516 1473 4568 Ex
1487 4527 1550 4586 quo
1575 4509 1656 4568 enim
1681 4507 1775 4567 semel

60 4606 167 4666 Christi
181 4607 348 4664 secundum
362 4607 531 4663 humanam
550 4608 700 4661 naturam.
715 4603 797 4660 Unde
812 4620 893 4677 quar·
946 4605 1109 4679 assumpsit
1127 4619 1285 4677 nunquam
1300 4602 1447 4676 deposuit.
1468 4604 1502 4658 ut
1528 4600 1576 4657 hic
1604 4602 1649 4657 est
1669 4597 1776 4657 habitu

58 4697 144 4765 ritur,
158 4696 315 4770 quomodo
327 4696 359 4752 in
373 4710 409 4753 eo
424 4694 513 4753 tuerit
535 4693 703 4752 secundum
725 4692 894 4750 humanita-
946 4696 1084 4752 inventus
1097 4697 1129 4750 ut
1143 4694 1246 4749 homo.
1267 4691 1399 4751 Christus
1413 4690 1566 4749 hominem
1583 4693 1774 4764 assumptum

56 4792 131 4847 tem.
148 4790 251 4845 Utrum
279 4790 393 4844 tantam
417 4778 634 4859 plenitudinem
660 4782 767 4842 habirit
789 4800 894 4842 secun·
947 4798 1106 4856 nunquam
1120 4780 1268 4855 deposuit.
1285 4782 1408 4854 Semper
1423 4780 1504 4837 enim
1516 4796 1553 4837 ex
1570 4795 1632 4853 quo
1660 4794 1777 4836 assum·

57 4878 136 4937 dum
144 4877 313 4936 humanam
327 4881 478 4943 naturam,
500 4879 646 4949 quantam
669 4873 836 4931 secundum
850 4872 893 4929 di·
947 4873 1005 4948 psit
1020 4888 1091 4928 eum
1105 4870 1162 4927 sibi
1175 4869 1206 4927 in
1220 4886 1314 4929 unam
1329 4886 1491 4945 personam
1504 4869 1623 4927 unitum
1650 4867 1775 4934 habuit3

56 4967 173 5027 vinam.
186 4967 296 5025 Volunt
306 4970 408 5025 autem
421 4965 548 5040 quidam
558 4980 595 5023 ex
607 4965 664 5022 hac
678 4963 850 5022 auctoritate
865 4967 894 5021 et
948 4962 1021 5037 quia
1034 4966 1063 5018 et
1077 4960 1107 5017 iu
1121 4965 1216 5018 morte
1230 4961 1385 5019 hominem
1399 4959 1518 5018 unitum
1532 4958 1589 5015 sibi
1603 4955 1719 5024 habuit,
1745 4953 1776 5010 id

57 5072 98 5115 ex
127 5056 192 5114 aliis
223 5056 409 5130 quibusdam
447 5055 531 5131 quod
559 5054 661 5112 anima
692 5053 798 5112 Chn'sti
829 5057 893 5110 tau·
948 5051 1138 5112 estanimam
1151 5055 1181 5109 et
1194 5068 1325 5110 carnem.
1341 5053 1422 5109 Tunc
1436 5051 1526 5108 etiam
1544 5050 1637 5105 homo
1651 5041 1777 5100 iuitsub

58 5152 124 5206 tam
150 5147 305 5205 scientiam
332 5146 481 5217 hebuerit,
507 5150 653 5220 quantam
675 5150 704 5201 ct
732 5147 820 5201 [teus.
850 5143 895 5200 ui·
949 5143 1056 5202 eodem
1071 5158 1170 5213 sensu,
1186 5142 1258 5216 quia
1267 5144 1434 5200 humanam
1445 5145 1587 5198 naturam
1596 5132 1652 5190 sibi
1661 5130 1778 5188 unitam

59 5235 137 5294 citur
151 5236 242 5306 enim,
266 5237 350 5311 quod
377 5235 528 5311 quidquid
549 5234 656 5292 habuit
678 5233 765 5290 Filius
780 5231 831 5290 liei
843 5248 897 5307 per
949 5232 1064 5292 habuit.
1079 5232 1162 5289 Unde
1174 5246 1236 5288 non
1255 5236 1299 5287 est
1313 5228 1511 5303 quaerendum
1526 5240 1565 5282 an
1578 5223 1673 5279 homo
1699 5234 1778 5277 mor-

58 5331 213 5396 naturam‚
237 5311 572 5397 habuittili'usvirginis
589 5325 794 5398 pergratiam.
814 5325 897 5381 Unde
950 5327 1019 5381 tuus
1033 5327 1104 5380 tune
1119 5325 1257 5387 esschen
1272 5318 1358 5374 vivus
1373 5332 1379 5372 :
1393 5317 1459 5385 1390
1471 5328 1529 5371 111
1547 5311 1708 5369 clamantis
1733 5310 1776 5379 in,
1812 5392 1819 5407 .

59 5417 176 5481 dicunt,
206 5417 290 5489 quod
311 5421 425 5473 tantam
448 5415 656 5471 habetanima
681 5415 897 5471 illascientiam
951 5416 1119 5469 etal'rarco
1134 5413 1176 5465 lto
1210 5407 1250 5462 ini
1264 5420 1370 5461 vocem
1384 5402 1473 5460 Chisti
1484 5398 1779 5473 seconfitet1u‚quod

58 5521 117 5581 per
148 5506 285 5577 gratiam,
313 5511 460 5580 quantam
492 5509 521 5560 11
551 5505 637 5560 Filius
665 5505 715 5562 liei
738 5521 792 5578 per
815 5509 899 5560 uatu-
951 5501 1052 5558 nullus
1066 5496 1207 5584 praecede}
1225 5494 1299 5550 tium
1313 5492 1411 5548 dicere
1426 5490 1531 5565 potuit.
1548 5494 1597 5548 Est
1620 5492 1701 5548 enim
1720 5505 1777 5546 vox

61 5611 150 5667 ram3
169 5611 232 5656 non
246 5599 348 5657 111111
371 5593 496 5670 aqualis
510 5598 555 5652 est
577 5597 605 5651 et
619 5593 650 5650 11
665 5593 788 5652 scientia
808 5591 853 5652 vei
868 5591 899 5649 in
952 5587 1047 5649 animi
1062 5586 1217 5659 interpret,
1242 5598 1312 5656 qua
1338 5580 1402 5640 siue
1429 5580 1527 5641 iructu
1550 5585 1604 5654 est,
1630 5579 1688 5638 nisi
1711 5593 1779 5638 cam
