3832 6044
155 118 224 172 tots
340 113 492 170 HUGONIS
512 114 557 170 DE
577 114 605 170 S.
626 113 774 170 victore
795 113 869 169 0119.
890 109 979 165 rhus
999 108 1019 164 l.
1041 135 1075 170 ·.·
1094 105 1296 162 extenuet.
1321 133 1351 144 -·
1370 105 1403 158 il.
1426 103 1459 158 ΙΝ
1478 100 1686 156 subornon.
1802 101 1869 155 1⁰20

155 246 271 298 nentem
277 238 642 297 continnoienticneancd
650 236 896 310 ntrttupisunobis
903 235 981 292 ratio
996 234 1020 288 Α
1036 229 1245 304 proprietatem
1259 227 1448 301 superiorum
1463 241 1525 313 nort
1538 240 1661 283 omnem
1676 220 1871 281 interioribus

156 331 323 401 dijudicata
344 332 391 398 sit,
415 329 666 386 considerabimus
693 344 785 385 sacra
807 330 837 383 in
858 326 983 397 eloquiis
1036 337 1100 377 esse
1116 316 1411 385 communicabilem,
1425 315 1574 381 etidcirco
1586 312 1872 385 cognominationes

155 435 310 490 expressas
324 424 454 489 satietas,
471 423 497 475 et
514 418 638 474 decorus
658 419 858 487 proprietates
882 416 982 471 nnius·
1035 426 1157 485 qnoque
1180 409 1317 482 ipsorum
1341 405 1430 462 simili
1442 405 1555 461 ratione
1571 404 1611 460 ad
1630 402 1790 461 interiores
1811 399 1874 457 uni-

155 511 299 579 enjttsque
312 508 436 564 eichstis
447 508 657 577 dispositionis,
1036 499 1188 556 versaliter
1202 514 1264 555 non
1286 513 1374 571 posse
1389 494 1508 552 deduci.
1528 493 1820 567 Aliquando-tamen
1831 493 1873 551 in-

476 634 653 690 EXPOSITIO
1037 588 1158 645 leriores
1169 587 1293 661 quando
1305 586 1494 660 superiorum
1504 583 1717 657 proprietatem
1732 599 1773 638 ex
1783 583 1872 642 officii

497 678 505 688 ⁴
658 676 664 688 ⁶
1038 675 1179 748 qualitate
1205 673 1381 746 suscipiunt,
1401 687 1513 729 nomen
1536 686 1658 743 quoque
1685 669 1827 744 ipsorum
1843 672 1871 728 iu

191 790 206 818 «ι
220 771 287 825 Hoec
300 768 423 842 quidem
435 772 488 836 est,
503 790 516 818 »
539 770 593 823 etc.
615 769 674 823 iloc
688 766 792 840 quinto
817 764 913 838 capito
926 764 984 819 dis·
1038 764 1173 836 ejusdem
1198 763 1284 820 officii
1310 763 1498 818 exsecutione
1519 767 1687 817 assumunt.
1711 760 1789 817 ltine
1809 778 1871 818 esse

155 857 282 931 quiritur
295 873 389 931 quare
403 873 508 913 omnes
519 857 652 911 eoelcstes
665 855 798 911 essentiae
821 854 918 925 angeli
938 870 984 909 cc·
1037 853 1121 923 iliud,
1135 853 1217 927 quod
1230 855 1366 926 superius
1383 850 1698 919 commemoravimus,
1718 852 1807 924 quod
1822 868 1871 907 an-

155 945 377 1016 gnominantur.
402 948 467 1000 iltee
486 948 586 1000 autem
607 943 732 1016 quaestio
756 959 792 998 ex
814 947 928 998 ecana
942 942 982 997 vi·
1038 939 1132 1011 gelus,
1148 938 1200 1011 qui
1222 939 1376 1011 prophetae
1399 936 1480 993 labia
1504 935 1677 1004 accendere,
1693 940 1721 992 et
1741 952 1870 1009 purgare

156 1035 251 1102 detur,
267 1034 348 1107 quod
364 1035 394 1089 in
410 1050 494 1089 sacro
509 1033 627 1106 eloquio
648 1032 810 1088 crulestiurn
826 1031 983 1106 spirituum
1038 1031 1169 1096 venerat,
1194 1026 1345 1099 seraphim
1365 1026 1482 1097 dicitur,
1507 1025 1578 1098 quia
1602 1024 1631 1079 in
1655 1024 1751 1096 hujus
1774 1026 1871 1098 operis

155 1123 280 1196 quidam
292 1126 351 1178 beo
362 1137 480 1195 semper
490 1123 636 1189 assistere,
649 1121 815 1196 faciemque
829 1122 894 1192 ejus
909 1138 984 1177 scm-
1038 1116 1180 1189 qualitate
1195 1116 1384 1172 accendentis
1404 1116 1466 1172 sive
1481 1114 1696 1171 inflammantis
1707 1115 1870 1187 proprieta-

156 1212 323 1286 pervidere
337 1212 547 1285 perhibentur,
563 1212 687 1285 quidam
703 1227 773 1267 vero
788 1211 868 1267 ieras
884 1211 984 1268 allex·
1039 1211 1098 1262 tem
1136 1205 1364 1278 exsequebatur.
1391 1203 1466 1260 illud
1493 1219 1564 1260 vero
1597 1203 1680 1276 quod
1710 1203 1871 1276 Apostolus

156 1301 264 1359 teriora
275 1301 437 1357 ministeria
450 1301 630 1375 complenda
644 1301 719 1357 mitti
742 1301 891 1357 dicuntur.
913 1302 984 1357 ilinc
1038 1294 1118 1362 dicit,
1137 1310 1242 1351 omnes
1264 1311 1328 1349 esse
1351 1291 1618 1350 administratorios
1641 1291 1776 1364 spiritus,
1804 1296 1831 1348 et
1843 1292 1870 1348 in

155 1405 287 1463 namque
300 1406 486 1465 consequeus
501 1407 564 1448 esse
579 1391 697 1448 videtur
710 1391 793 1463 quod
804 1389 834 1457 ii,
850 1389 985 1463 quisem-
1039 1384 1236 1441 ministerium
1257 1385 1375 1452 missos,
1389 1384 1445 1439 hoc
1465 1382 1557 1440 modo
1578 1382 1809 1453 intelligendum
1821 1401 1871 1457 pu-

156 1493 210 1551 per
233 1477 326 1535 vultui
355 1478 456 1535 divino
485 1480 635 1547 assistunt,
671 1479 711 1535 ad
741 1479 886 1536 exteriora
909 1495 984 1535 nun-
1040 1477 1112 1542 tant,
1127 1471 1798 1548 quodsicutsuperiusdiximuS,illiquoque
1813 1489 1870 1527 nou

156 1566 259 1623 tianda
271 1583 333 1623 non
346 1564 470 1636 escant;
487 1568 506 1623 ii
521 1573 631 1635 autem,
647 1569 700 1641 qui
718 1568 798 1625 foras
818 1569 983 1637 mittuntur,
1001 1591 1020 1644 B
1040 1562 1282 1620 inconvenienter
1296 1561 1379 1619 missi
1394 1562 1547 1630 dicuutur,
1563 1559 1645 1633 quia,
1659 1561 1729 1618 licet
1742 1562 1785 1617 ad
1800 1566 1872 1617 exte·

156 1656 258 1714 divino
274 1658 447 1731 conspectui
460 1657 661 1728 immobiliter,
685 1657 746 1714 sive
763 1657 987 1714 immutabiliter
1041 1652 1120 1709 riora
1132 1669 1194 1710 non
1206 1657 1361 1720 creantes
1374 1656 1474 1707 tamen
1483 1667 1551 1724 quae
1560 1650 1691 1707 exterius
1705 1651 1871 1708 nuntianda

155 1760 219 1801 non
234 1745 381 1802 assistant.
400 1748 547 1819 Scriptum
562 1748 675 1820 quippe
689 1752 733 1803 cst
746 1746 776 1802 in
790 1745 866 1802 libro
884 1746 987 1804 Deuie-
1037 1746 1120 1810 sunt,
1136 1742 1359 1799 interioribuset
1370 1740 1789 1814 subsequentibusordinibus
1800 1757 1871 1797 nun-

157 1833 192 1890 lis
205 1836 359 1908 prophete
374 1854 381 1891 ε
399 1859 412 1886 «
422 1836 507 1892 tiillia
527 1826 654 1892 millium
668 1835 877 1892 ministrabant
899 1837 936 1903 ei,
958 1841 987 1892 et
1041 1831 1143 1887 tiando
1159 1836 1328 1905 apportant.
1343 1831 1396 1887 Alii
1408 1834 1514 1904 putant
1527 1845 1631 1886 omnes
1646 1829 1785 1886 cmlestes
1800 1829 1873 1885 ordi-

158 1923 255 1979 decies
270 1924 376 1979 millies
390 1929 516 1980 centena
539 1925 631 1980 millia
652 1923 829 1980 assistebant
848 1924 873 1980 ci
896 1926 985 1993 (Dan.
1041 1935 1095 1977 nes
1111 1924 1172 1975 tam
1185 1921 1363 1993 superiores,
1379 1936 1472 1993 quam
1490 1919 1641 1976 interiores
1655 1934 1712 1991 pro
1726 1923 1871 1991 tempore,

160 2016 217 2081 tu).
234 2036 248 2061 »
271 2016 301 2068 tn
312 2028 373 2085 qua
397 2012 582 2069 distinctione
606 2030 659 2086 per
673 2014 842 2071 assistentes
864 2015 986 2087 quidem
1042 2011 1070 2063 et
1093 2007 1169 2076 ioco,
1186 2011 1214 2065 et
1235 2024 1326 2065 eausa
1340 2008 1380 2064 ad
1404 2008 1548 2064 exteriora
1563 2006 1669 2077 dirigi:
1695 2023 1749 2062 eos
1763 2013 1872 2075 tamen,

159 2099 178 2157 ii
193 2099 350 2170 significati
372 2116 437 2156 esse
457 2100 603 2169 videniur,
622 2102 674 2175 qui
698 2103 737 2158 ad
760 2103 904 2160 exteriora
926 2119 985 2159 non
1042 2097 1094 2170 qui
1118 2098 1175 2153 hoc
1202 2114 1239 2153 ex
1260 2097 1358 2154 Officio
1386 2097 1542 2170 proprium
1566 2096 1688 2162 habent,
1707 2097 1874 2169 specialiter

159 2192 286 2258 exeunt3
308 2204 362 2260 per
375 2188 577 2246 ministrantes
595 2208 667 2248 vero
682 2191 701 2247 ii
713 2192 765 2264 qui
781 2191 819 2248 ad
843 2194 987 2249 exteriora
1043 2186 1166 2255 angelos
1180 2187 1241 2242 sive
1257 2187 1453 2257 archangelos
1468 2185 1683 2256 cognominari.
1700 2189 1778 2242 ham
1794 2186 1874 2259 quod

159 2277 296 2333 exeuntia
312 2293 372 2333 nun
388 2294 506 2351 semper
520 2279 670 2338 assistunt.
686 2283 806 2353 Propter
820 2281 903 2354 quod
916 2283 988 2355 quia
1043 2293 1148 2333 onmes
1186 2277 1349 2350 aliquando
1384 2276 1547 2344 mittantur,
1583 2273 1749 2349 apostolus,
1786 2275 1817 2332 in
1842 2293 1874 2333 eo

160 2364 312 2422 interiores
325 2366 424 2435 simul,
436 2372 464 2424 ot
475 2368 619 2440 postremi
642 2369 761 2426 ordines
783 2371 821 2426 ad
844 2372 989 2428 exteriora
1043 2365 1125 2438 quod
1141 2365 1277 2437 8ΠΡΘΡῙΙ18
1293 2363 1784 2433 ⁰0fflffissffl0lsst‘ifflusttesfim0ssi0
1799 2382 1876 2422 ³85⁰·

161 2459 279 2522 exeunt,
296 2455 465 2528 superiores
485 2461 612 2527 tantum,
637 2463 667 2515 et
683 2459 903 2516 excellentiores
917 2460 989 2516 divi·
1043 2472 1107 2511 rere
1123 2456 1249 2523 vitietur,
1267 2456 1387 2513 dicens:
1415 2478 1429 2506 α
1446 2459 1548 2511 Nonne
1566 2471 1671 2511 omnes
1696 2460 1769 2512 sunt
1784 2456 1874 2512 admi·

159 2558 207 2598 11oe
233 2543 475 2617 contemplationi
499 2546 561 2602 sine
587 2547 805 2604 intermissione
830 2549 1008 2615 assistunt3.
1043 2544 1203 2601 nistratorii
1226 2546 1346 2619 spiritus
1366 2545 1397 2602 in
1415 2544 1612 2601 ministerium
1633 2544 1729 2613 missi,
1754 2552 1876 2618 propter

159 2631 316 2705 pauciores
330 2634 509 2703 assistentes,
521 2635 622 2708 plures
633 2652 703 2694 vero
716 2636 989 2694 ministrantesesse
1044 2652 1105 2704 eos,
1134 2635 1187 2709 qui
1212 2636 1416 2693 haereditatem
1440 2637 1563 2709 capiunt
1590 2634 1719 2692 salutis?
1749 2657 1765 2686 »
1793 2637 1875 2702 Quod

159 2719 362 2792 perhibentur.
378 2725 451 2779 h'am
470 2740 540 2780 cum
555 2722 664 2781 novem
679 2725 736 2782 sint
758 2726 877 2783 ordines
901 2742 990 2796 ange·
1044 2729 1144 2782 autem
1159 2725 1249 2782 ctiam
1264 2725 1431 2799 superiores
1445 2725 1570 2798 quidam
1584 2723 1750 2797 aliquando
1763 2741 1828 2782 non
1842 2742 1874 2781 cx

159 2808 268 2877 lorum,
281 2809 343 2866 duo
358 2815 483 2880 tantum,
497 2813 528 2869 id
543 2818 587 2870 est
599 2814 697 2885 angeli
707 2819 739 2872 'et
754 2816 923 2886 archangeli
934 2833 989 2890 pro
1044 2813 1152 2882 officio,
1167 2814 1220 2871 sed
1235 2831 1272 2870 ex
1286 2831 1378 2872 eausa
1399 2813 1575 2871 accidentali
1587 2814 1625 2870 ad
1643 2813 1796 2871 exteriora
1810 2815 1874 2871 diri-

160 2912 196 2952 eo
211 2898 294 2970 quod
306 2900 471 2971 specialiter
482 2917 517 2956 cx
533 2901 678 2957 officiisui
692 2903 898 2960 distributione
914 2905 988 2961 mitti
1005 2946 1025 3001 C
1045 2908 1162 2972 gantur,
1194 2903 1349 2960 Psalmiste
1377 2920 1509 2960 asserere
1531 2903 1657 2969 ridetur,
1687 2919 1760 2959 cum
1788 2904 1872 2960 dicit:

160 2986 281 3055 habent,
295 3005 330 3044 ex
345 3005 375 3045 re
390 2989 456 3063 ipsa
470 2992 764 3061 cognominationem
784 2999 987 3067 susceperunt.
1045 3018 1058 3045 c
1074 2993 1129 3059 Qui
1142 2994 1212 3049 iacit
1226 2994 1349 3064 angelos
1364 3010 1418 3049 suo
1437 2994 1567 3067 spiritus,
1583 2997 1611 3049 et
1628 2992 1785 3049 ministros
1807 3011 1873 3049 suos

159 3075 263 3145 augeli
291 3077 427 3134 videlieet
451 3080 556 3148 nuntii,
583 3080 754 3150 archangeli
786 3099 856 3138 sero
883 3083 989 3156 princi·
1044 3083 1145 3153 ignem
1168 3088 1304 3140 urentem
1329 3086 1422 3153 (Psoi.
1439 3084 1505 3156 erit).
1523 3083 1568 3140 Sic
1588 3100 1658 3154 ergo
1682 3088 1713 3141 ei
1730 3083 1871 3150 aliisunt,

160 3165 243 3238 pales
263 3168 359 3224 nuntii
387 3170 475 3239 dicti3
501 3171 646 3243 quoniam
671 3176 699 3228 et
724 3172 764 3228 iili
789 3175 918 3241 minora,
944 3173 989 3230 isti
1044 3173 1145 3247 quiex
1167 3173 1265 3231 cilicio
1287 3173 1447 3242 assistuut3
1470 3178 1559 3247 atque
1584 3173 1643 3242 alii,
1659 3174 1712 3247 qui
1742 3174 1784 3230 ad
1800 3179 1873 3230 estc-

68 3276 77 3289 ·
158 3271 230 3313 vero
251 3259 368 3330 majora
382 3261 469 3333 quasi
490 3277 526 3317 cx
549 3262 701 3318 ministerii
712 3262 854 3334 dignitate
874 3279 989 3320 annun·
1043 3263 1122 3320 riora
1136 3262 1316 3337 complentia
1337 3267 1457 3332 exeunt,
1474 3267 1503 3320 ct
1517 3268 1616 3320 tamen
1636 3263 1814 3320 assistentes
1828 3264 1873 3319 aii·

161 3345 242 3404 tiaut.
261 3349 318 3405 Sed
332 3350 404 3422 quia
421 3368 541 3407 rursum
565 3352 595 3408 in
621 3352 772 3425 Scriptura
793 3370 878 3410 sacra
901 3371 990 3427 quos·
1044 3354 1167 3426 quando
1189 3353 1219 3410 in
1235 3353 1431 3410 ministerium
1447 3354 1540 3422 missi,
1564 3355 1638 3409 dum
1660 3354 1873 3427 proprietatem

159 3433 231 3490 dam
256 3436 293 3491 dc
317 3439 520 3509 superioribus
546 3440 702 3497 ordinibus
725 3442 834 3498 missos
851 3441 988 3513 legimus,
1044 3441 1217 3499 interiorum
1234 3442 1408 3515 suscipiunt,
1429 3458 1541 3499 nomen
1556 3457 1676 3516 quoqne
1694 3443 1872 3516 ipsorumiu

159 3522 235 3578 sicut
257 3524 288 3579 in
303 3526 378 3582 isaia
393 3544 471 3583 unus
486 3529 523 3585 de
548 3530 699 3603 seraphim
722 3530 839 3586 volasse
862 3532 901 3587 ad
922 3548 989 3604 pro·
1044 3531 1259 3602 significatione
1284 3536 1450 3589 assumunt.
1472 3533 1527 3599 Qui
1542 3537 1642 3590 tamen
1659 3549 1731 3588 eum
1747 3533 1874 3589 adeste

158 3609 291 3682 phetam,
308 3615 397 3684 aque
418 3614 499 3670 labia
516 3617 581 3688 ejus
594 3617 734 3689 carbone,
762 3635 854 3690 quem
878 3619 989 3692 forcipe
1043 3621 1133 3677 rioria
1147 3625 1266 3689 exeunt,
1281 3621 1320 3677 ab
1341 3621 1472 3678 interiori
1488 3622 1741 3695 contemplatione
1754 3638 1818 3680 uon
1834 3639 1873 3678 re

158 3697 196 3752 de
211 3698 296 3755 altari
311 3699 425 3770 tulerat,
449 3703 576 3773 tetigisse
596 3710 779 3762 memoratur
794 3708 863 3778 (Iso.
883 3715 936 3777 vtt;
962 3712 990 3764 ct
1044 3710 1163 3776 cedunt,
1179 3709 1252 3782 quia
1264 3710 1347 3767 illum
1361 3711 1574 3784 aspiciuntqui
1583 3726 1717 3784 praesens
1734 3711 1808 3784 ipsis
1822 3717 1871 3771 est

158 3788 189 3844 in
210 3788 339 3861 Epistola
363 3790 402 3846 ad
428 3790 565 3847 liebrreos
588 3793 747 3865 Apostolus
768 3809 873 3849 omncs
897 3795 990 3850 admi·
1043 3815 1236 3872 quocumque
1262 3798 1384 3855 vadunt.
1402 3803 1435 3855 Et
1454 3800 1618 3856 hocmodc
1636 3799 1761 3872 quidem
1781 3801 1872 3873 prius·

158 3877 342 3934 nistratorios
376 3879 505 3951 spiritus,
534 3884 562 3936 et
593 3881 623 3935 in
657 3881 853 3938 ministerium
881 3884 989 3940 missos
1044 3886 1319 3958 quamverbalibri
1339 3886 1566 3956 discuteremus,
1582 3887 1821 3944 adevidentiam
1833 3888 1872 3944 di·

159 3969 291 4031 testatur,
323 3970 445 4038 propter
474 3983 534 4034 cos,
562 3968 614 4040 qui
642 3969 845 4026 tranctantem
868 3972 990 4045 capiunt
1045 3974 1208 4032 caudarum
1223 3976 1398 4047 hujusmodi
1422 3977 1595 4049 quaestionis
1608 3977 1797 4033 mentionem
1811 3977 1869 4033 hrc-

159 4052 261 4108 salutis
274 4054 376 4121 (Hebe.
390 4059 431 4123 tt:
455 4072 566 4127 magna
587 4058 675 4114 nobis
697 4061 899 4131 ambiguitatis
914 4062 989 4118 dith-
1043 4065 1118 4121 riter
1130 4064 1299 4122 faciendam
1312 4080 1376 4120 esse
1398 4065 1581 4138 putavimus,
1597 4064 1794 4121 nihiltemcre
1805 4065 1870 4121 ‹leti-

159 4139 252 4239 eultas
275 4133 417 4213 oboritur,
440 4149 468 4201 et
482 4146 555 4219 quid
581 4151 681 4221 potius
699 4149 769 4206 hinc
793 4152 988 4209 asserendum
1043 4155 1167 4222 aientes
1191 4154 1243 4211 sed
1263 4159 1409 4211 secretum
1430 4159 1613 4223 venerantes,
1636 4155 1722 4228 quod
1742 4155 1869 4212 fortassis

159 4232 268 4286 sitnon
283 4230 367 4289 facile
382 4233 539 4292 invenitur.
559 4241 668 4295 Auctor
688 4238 767 4297 hanc
791 4241 988 4313 quaestionem
1044 4245 1173 4299 nescisse
1200 4243 1324 4300 venialis
1352 4246 1396 4299 cst
1421 4243 1588 4311 infirmitas,
1616 4259 1749 4300 asserere
1773 4249 1868 4300 autem

158 4319 281 4378 inhunc
294 4323 420 4380 modum
435 4324 530 4383 solvit.
547 4329 660 4383 Nomen
674 4329 849 4398 angelorum
871 4300 1024 4384 inlerio-D
1044 4337 1291 4406 praesmnptuose,
1319 4332 1468 4388 damnatis
1492 4331 1651 4389 temeritas.
1685 4334 1747 4388 iloc
1774 4338 1869 4390 umen

158 4409 241 4466 ribus
256 4414 372 4470 tanttnn
387 4414 552 4484 ordinibus,
570 4420 598 4473 ct
612 4432 648 4473 eu
663 4415 761 4473 oitieio
776 4418 895 4490 proprie
911 4422 988 4474 csto-
1044 4421 1198 4478 sciendum
1222 4423 1362 4496 estquod
1386 4425 1489 4478 auctor
1503 4420 1543 4478 iili
1557 4420 1656 4495 potius
1680 4420 1760 4494 parti
1773 4433 1870 4478 assen-

158 4498 238 4556 ricra
247 4503 384 4560 nuntiare
399 4504 520 4573 habent,
534 4506 691 4563 convenire
703 4510 835 4562 testatur.
848 4506 904 4564 Sed
917 4508 989 4580 qnia
1044 4527 1111 4566 sum
1125 4510 1258 4583 praebere
1280 4511 1404 4578 vitletur,
1428 4510 1579 4584 quosdam
1593 4509 1799 4578 solummodo,
1813 4522 1870 4565 uon

159 4589 260 4647 divina
288 4597 409 4660 secreta,
439 4611 507 4667 quae
531 4594 569 4651 ab
597 4594 669 4668 ipsis
695 4594 884 4667 interioribus
913 4602 990 4653 este·
1043 4615 1148 4655 omnes
1172 4599 1305 4656 caelestes
1333 4599 1452 4656 ordines
1483 4599 1523 4655 ad
1553 4598 1698 4655 exteriora
1725 4598 1819 4666 mitti;
1845 4601 1870 4651 et

159 4678 220 4733 rius
233 4679 272 4735 ad
286 4681 444 4738 hominum
458 4683 658 4754 cognitionem
673 4682 855 4754 deseruntm,
876 4686 988 4742 eisdem
1043 4693 1144 4744 tamen
1167 4692 1288 4761 propter
1309 4688 1445 4760 ejusdem
1462 4688 1650 4762 proprietatis
1672 4687 1870 4761 participatio

160 4769 394 4839 asapericribus
409 4774 606 4839 nuntiantur3
629 4788 739 4829 nomen
759 4789 880 4845 quoquc
900 4790 989 4843 ange·
1043 4788 1123 4841 trem,
1139 4788 1200 4846 qua
1223 4773 1390 4846 superiores
1405 4772 1578 4829 interiorum
1599 4772 1728 4843 gratiam
1743 4777 1773 4828 et
1784 4771 1871 4828 virtu-

159 4853 258 4910 lorum
273 4858 476 4930 superioribus
488 4877 552 4917 esse
567 4860 816 4918 communicabile
833 4879 840 4916 ε
857 4862 908 4935 qui
923 4862 990 4918 lieet
1043 4861 1103 4913 tem
1118 4857 1351 4924 communicant,
1376 4857 1501 4914 nomina
1521 4873 1643 4931 qu⁰que
1663 4856 1872 4914 interioruma

160 4943 199 5000 ad
211 4945 356 5004 exteriora
368 4949 534 5006 nuntianda
544 4966 606 5006 non
616 4955 732 5018 exeant,
747 4967 783 5007 ea
797 4955 907 5020 tamen,
921 4969 988 5025 quae
1043 4944 1246 5018 superioribus
1261 4946 1468 5005 assumi.Sicui
1478 4946 1568 5004 eiiam
1579 4945 1745 5019 aliquando
1757 4945 1873 5002 inferiti-

160 5034 288 5091 exterius
302 5037 469 5094 nuntianda
493 5042 571 5106 sunt,
596 5038 724 5111 desuper
745 5040 801 5111 ipsi
815 5040 989 5114 accipiendo
1043 5049 1100 5101 res,
1126 5034 1249 5106 quando
1273 5035 1461 5108 superbiunt
1485 5037 1698 5109 PPOPPissialem
1722 5051 1761 5092 ΕΣ
1785 5034 1872 5092 Officii

160 5125 327 5182 secundum
347 5125 445 5197 legem
466 5125 574 5181 divinae
596 5125 790 5182 ordinationis
812 5129 850 5184 ad
872 5128 989 5184 infcrio-
1043 5122 1184 5195 qualitate
1200 5123 1365 5197 suscipiunt
1385 5140 1497 5181 nomen
1513 5140 1635 5197 quoque
1658 5122 1781 5180 illorum
1796 5126 1828 5180 in
1841 5125 1873 5179 si-

160 5229 216 5282 res,
241 5220 269 5270 et
293 5219 361 5288 post
384 5230 414 5270 se
439 5214 655 5288 subsequentes
679 5215 797 5271 ordines
822 5217 988 5273 nuntiando
1044 5212 1232 5282 gnificationc
1256 5219 1423 5271 assumunt.
1444 5217 1527 5271 Nune
1542 5214 1582 5270 ad
1608 5212 1754 5270 litteram:
1779 5235 1794 5266 ι(
1810 5217 1872 5270 tine

159 5305 376 5376 transportans,
392 5319 574 5376 omnemque
587 5305 733 5374 virtutem,
759 5311 786 5362 et
810 5305 946 5377 gratiam,
962 5312 989 5363 ct
1043 5302 1167 5373 quidem
1190 5306 1243 5373 est,
1266 5307 1413 5375 quantum
1429 5304 1468 5360 ad
1489 5319 1555 5370 nos,
1576 5318 1668 5359 causa
1685 5303 1872 5373 angelicam

160 5393 371 5464 proprietatem
399 5393 572 5449 inferiorum
600 5395 766 5467 superiores
790 5395 986 5469 participare:
1043 5389 1168 5462 eloquiis
1180 5390 1684 5464 cognominationis.»«lisoiuquit
1695 5397 1770 5460 est,»
1781 5409 1873 5467 (tumn

160 5485 474 5556 proptereaqueetiem
485 5485 760 5555 cognominationes
769 5485 988 5542 interiorumad
1043 5477 1180 5551 superius
1191 5477 1332 5548 diximus
1344 5503 1358 5530 «
1373 5497 1465 5538 cansa
1479 5481 1620 5552 angelica
1637 5482 1874 5551 cognominatio

160 5567 328 5638 superiores
342 5574 482 5643 trausire;
496 5577 635 5634 virtutem
650 5578 759 5646 autem,
774 5575 989 5647 etg1·attam,et
1043 5567 1106 5636 nis;
1123 5590 1137 5617 u
1163 5567 1235 5639 quia
1249 5567 1384 5628 videlicet
1397 5573 1509 5630 secreta
1527 5570 1630 5628 divina
1647 5586 1702 5646 per
1716 5586 1771 5628 ecs
1787 5571 1873 5629 uobis
