3832 6044
72 111 126 163 3835

732 106 909 173 exaestuo
931 109 963 161 ΙΝ
983 108 1124 164 Attollat.
1202 142 1205 148 ·
1272 104 1277 112 ’

1727 128 1778 181 386

64 237 210 289 stercora.
235 229 354 299 Serpitc
379 244 458 297 arpo,
488 230 579 285 arra'ec'
600 232 665 300 uzei,
688 231 729 286 acl
756 231 935 290 attinuerat
952 232 1105 289 etiamalii
1123 253 1129 289 :
1148 234 1338 306 Coronernas,
1363 237 1511 310 inquiunt,
1527 256 1579 297 aas
1594 244 1677 314 rosis,
1700 252 1780 303 onte-

66 319 169 388 bostis,
195 318 236 374 cael
263 318 521 385 triortificatioacrn
545 320 656 374 carnis.
684 319 724 374 Et
751 325 898 388 qrcanturn

63 413 240 476 preparato
266 411 349 462 estet
365 407 394 460 ia
410 405 524 461 deliciis
547 407 618 477 suit,
635 407 836 463 taciturnitate
854 407 903 461 itti

66 502 258 567 tormentant,
274 501 300 551 et
316 496 428 554 tactam
444 493 567 563 (Taren.
584 500 633 564 n).
652 498 691 551 lle
706 501 814 552 eventu
828 511 899 565 ergo

66 583 177 653 negotii
199 583 369 640 nullatenus
396 583 482 638 vohis
507 583 674 639 timendum
699 589 742 640 est
757 604 763 640 :
779 584 817 640 de
847 601 899 656 spe

68 674 211 746 triumphi
226 673 348 729 minime
362 672 449 727 vobis
468 671 667 743 diffidendum
682 678 734 730 est.
753 673 808 739 Qui
820 673 900 729 enim

66 780 121 819 sos
137 763 269 834 adjuvat,
294 778 356 817 non
378 765 475 833 potest
489 761 577 829 vinci,
593 762 664 835 qnia
686 761 902 835 omnipotentia

67 857 112 909 est
128 870 134 919 ;
151 851 203 924 qui
217 865 270 905 sos
285 850 381 917 docet,
398 867 458 905 non
474 855 569 922 potest
583 850 653 917 latii,
671 851 742 924 quia
757 851 901 923 sapientia

67 945 113 996 est
128 939 198 1012 ;qui
213 938 365 1011 promittit,
383 956 443 994 non
459 944 555 1011 potest
575 940 736 1012 eorrumpi,
755 939 826 1012 quia
838 940 901 1011 jus-

68 1031 131 1087 titia
147 1034 190 1086 est
207 1048 213 1098 ;
229 1046 291 1088 non
314 1033 412 1102 potest
433 1029 580 1096 sustineri,
605 1030 677 1102 quia
692 1035 819 1087 aeternus
837 1035 900 1097 est3

69 1136 131 1177 non
153 1123 250 1192 potest
270 1118 365 1187 vitari,
394 1118 465 1192 quia
490 1119 601 1191 ubique
624 1123 677 1176 cst.
707 1119 830 1189 Surgite,
859 1119 901 1175 iu-

69 1225 174 1282 quam,
187 1206 284 1276 amici,
299 1207 369 1279 quia
378 1207 471 1263 hostis
481 1206 628 1279 infirmus,
643 1208 727 1263 loeus
740 1223 901 1278 congruus,

70 1297 191 1368 adjutor
204 1294 340 1364 ursicius,
357 1295 478 1351 victoria
494 1300 582 1362 certa,
599 1296 818 1364 meritanmlta,
830 1313 903 1368 pree-

70 1386 132 1442 mia
147 1385 248 1456 digna.
276 1385 380 1451 Hostis,
400 1401 469 1440 earo
489 1384 630 1440 intirma:
654 1384 748 1452 locus,
771 1400 903 1458 praesens

70 1475 154 1530 riht:
180 1474 308 1544 adjutor,
336 1472 433 1528 Deitas
458 1489 600 1528 summa:
627 1472 796 1545 preamium,
828 1472 903 1528 sisio

952 337 1042 392 patara
1057 329 1252 379 marcescant.
1275 326 1488 396 delinquamus
1509 329 1616 400 atique
1629 331 1716 400 sipara
1731 335 1780 389 te-

954 411 1020 466 te'tta
1048 417 1164 466 nostra.
1193 410 1396 484 Coniectomas,
1419 421 1446 471 ct
1466 416 1618 473 triturans:
1636 434 1703 476 eras
1727 425 1782 477 cte-

953 499 1015 553 aim
1030 515 1201 556 irroremur.
1218 501 1292 557 Ilaec
1315 503 1393 558 enirn
1408 507 1458 558 est'
1473 520 1546 577 sors,
1572 513 1599 563 ct
1622 507 1782 566 tnereoaus

955 592 1057 644 nostro
1071 589 1154 659 (Sap.
1168 605 1190 643 u
1207 607 1213 656 ;
1230 590 1288 645 Iso.
1306 591 1385 662 ssu).
1402 592 1558 665 Sequitur:

991 692 1018 752 si
1029 693 1174 749 exaltatus
1185 694 1275 749 tueris
1290 698 1321 750 ut
1336 695 1446 767 aquila,
1461 702 1489 753 et
1501 697 1524 753 si
1536 698 1610 755 inter
1623 701 1720 758 sidera
1731 719 1784 777 po-

955 781 1048 836 sueris
1071 781 1177 837 nidum
1201 787 1286 837 tuum
1303 801 1309 837 :
1327 783 1396 838 inde
1421 785 1577 842 detraham
1592 793 1630 860 te,
1645 789 1716 847 dicit
1730 794 1784 848 llo

954 867 1063 923 lirinus.
1085 868 1191 939 Aquila
1213 868 1266 925 luit
1290 871 1460 927 conditione
1475 875 1599 943 augelus
1625 883 1782 950 apostata:

955 954 1007 1008 sed
1021 970 1075 1026 per
1090 954 1264 1027 superbiam
1290 956 1384 1023 lactus
1406 964 1449 1014 cst
1475 960 1644 1018 leviathan.
1671 965 1782 1035 Sidera,

956 1047 1025 1097 sunt
1045 1041 1204 1098 bominum
1229 1060 1338 1111 genera
1362 1045 1687 1123 lampadopobilitatis,
1703 1053 1785 1109 clari·

956 1133 1013 1184 tate
1042 1129 1179 1198 scientia,
1208 1130 1303 1187 nitore
1327 1132 1497 1190 divitiarum
1521 1135 1552 1191 in
1581 1138 1695 1194 mundo
1722 1155 1785 1212 pra

956 1217 1020 1274 aliis
1048 1217 1186 1275 lucentia.
1212 1219 1304 1275 h'idus
1342 1225 1394 1287 est,
1428 1222 1589 1295 voluptatis
1621 1225 1785 1284 inhonestae

956 1321 1078 1378 pompa.
1096 1305 1168 1362 Dicit
1190 1323 1260 1377 crgo
1277 1308 1420 1365 Dominus
1435 1310 1575 1379 acl'Esau,
1602 1311 1633 1376 id
1656 1318 1700 1370 est
1724 1331 1786 1371 ear-

956 1410 1044 1450 nem:
1063 1394 1091 1452 Si
1106 1394 1250 1451 exaltatus
1263 1395 1353 1452 lucris
1369 1401 1400 1452 ut
1416 1398 1527 1470 aquila,
1544 1404 1598 1456 eto.
1617 1404 1656 1456 lte
1670 1400 1694 1456 si
1709 1395 1785 1460 dice

956 1487 1022 1537 ret:
1041 1483 1069 1540 Si
1086 1483 1141 1538 dos
1158 1483 1277 1556 AEgypti
1290 1484 1342 1540 tibi
1352 1485 1447 1552 cedat,
1462 1485 1517 1543 llos
1533 1487 1632 1544 saeculi
1647 1488 1789 1558 arrideat,

70 1562 227 1619 Trinitatis.
241 1561 355 1632 Surgite
370 1579 387 1616 a
399 1578 505 1617 somno
514 1561 651 1633 torporis,
664 1561 767 1621 alecto
780 1561 900 1628 doloris,
918 1588 938 1640 B
956 1584 1069 1643 pompa
1083 1571 1122 1625 ad
1137 1576 1240 1627 votum
1255 1570 1307 1627 tibi
1319 1572 1499 1644 respondeat
1515 1591 1521 1629 :
1544 1574 1569 1630 si
1583 1579 1681 1632 eutem
1694 1592 1786 1649 appo-

72 1652 249 1723 alanguorc
264 1650 575 1707 desolationis-,Primo
586 1667 640 1723 per
649 1650 834 1721 vigilantiam
845 1650 902 1706 dis·
958 1655 1010 1711 site
1032 1656 1192 1729 curareris,
1219 1657 1243 1712 si
1267 1657 1420 1730 splendide
1443 1660 1563 1732 epulata
1584 1662 1684 1731 tueris,
1707 1663 1787 1720 siin·

72 1740 220 1809 cretionis,
236 1740 368 1797 secundo
384 1757 437 1813 per
451 1739 710 1796 mortificationem
725 1739 832 1806 carnis,
849 1744 903 1796 ter·
958 1748 1089 1800 crassata
1099 1743 1218 1815 divitiis,
1234 1744 1421 1818 impinguata
1431 1746 1552 1815 deliciis,
1566 1749 1692 1806 dilatata
1702 1749 1787 1808 obse-

73 1830 115 1886 tio
130 1846 182 1902 per
194 1828 356 1902 spiritualis
371 1828 516 1898 gaudium
542 1828 762 1885 consolationis.
780 1832 904 1886 Constu-
958 1828 1046 1900 qniis,
1066 1831 1168 1888 subter
1189 1838 1217 1888 tc
1239 1839 1337 1890 tamen
1359 1840 1510 1890 sternetur
1532 1838 1623 1908 tineo,
1644 1843 1672 1894 et
1691 1840 1787 1908 opes-

74 1935 181 1989 gamus
195 1916 339 1973 advorsus
362 1934 432 1973 eum
447 1916 477 1973 in
492 1916 628 1989 pralium
645 1936 651 1972 :
668 1917 740 1989 quia
755 1916 846 1974 hostis
858 1921 905 1974 est
958 1922 1090 1974 rueret-ura
1107 1925 1191 1975 tuam
1205 1927 1294 1976 eraut
1309 1937 1420 1978 corrues
1435 1922 1504 1994 (Iso.
1521 1925 1588 1996 xis).
1602 1927 1683 1982 Unde
1695 1929 1788 1999 epos·

73 2005 312 2080 contemptibilis.
340 2006 420 2071 Unde
438 2023 599 2061 conversus
620 2006 659 2061 ad
681 2007 798 2063 hostem
812 2005 902 2062 dicit:
959 2002 1055 2059 tolus:
1071 2006 1149 2062 Esco
1164 2009 1262 2063 veratri
1274 2014 1301 2064 ct
1326 2014 1427 2065 aeriter
1440 2011 1513 2066 escis
1527 2027 1539 2066 .·
1553 2013 1632 2068 Deos
1646 2018 1744 2069 autern
1759 2018 1787 2069 et

75 2099 146 2151 Ecce
161 2094 322 2168 parvultnn
336 2094 406 2150 dedi
422 2098 447 2149 te
466 2093 495 2150 iu
511 2093 659 2163 gentibus,
676 2093 905 2166 contemptibihs
960 2091 1041 2150 branc
1055 2099 1081 2149 et
1098 2094 1153 2151 lias
1167 2097 1298 2154 destruct
1314 2098 1342 2170 (I
1355 2099 1423 2156 Cor.
1437 2099 1485 2168 u).
1502 2099 1788 2176 llinebominusper

75 2190 105 2241 tu
117 2202 149 2240 es
162 2183 259 2241 valde.
276 2187 368 2240 illotus
383 2183 462 2239 enim
477 2182 584 2250 earnis,
597 2181 671 2238 iuter
686 2182 734 2238 illa
748 2199 816 2256 qum
832 2199 905 2256 prce·
959 2182 1104 2237 ioannem
1118 2181 1148 2239 in
1162 2184 1343 2258 apocalypsi
1358 2204 1364 2241 :
1383 2188 1457 2254 Quia
1478 2189 1562 2260 stitis,
1576 2188 1682 2262 iuquit,
1697 2191 1787 2248 Scaea

75 2273 205 2330 diximus
229 2272 308 2341 vitia,
324 2273 467 2345 parvulus
491 2277 544 2343 est,
558 2271 630 2344 quia
652 2276 903 2340 moinentancus3
960 2271 1077 2340 regina,
1092 2276 1119 2326 ct
1138 2272 1229 2328 aidau
1248 2289 1307 2329 aon
1330 2290 1395 2330 sane
1410 2281 1438 2332 ct
1463 2277 1575 2332 tactum
1600 2293 1660 2333 aon
1681 2279 1764 2335 video

75 2362 285 2436 corruptibilia,
305 2362 377 2435 quia
392 2361 586 2418 inhonestus:
603 2360 756 2434 palardus,
771 2360 843 2434 quia
853 2360 906 2416 ubi
962 2358 1025 2414 idco
1041 2360 1072 2414 in
1094 2375 1156 2416 cerco
1177 2361 1225 2417 ctio
1239 2363 1355 2418 actitent
1367 2365 1468 2433 ptapae
1490 2371 1557 2439 tua,
1579 2383 1668 2440 triers,
1684 2372 1713 2425 et
1729 2369 1789 2425 lae-

77 2457 161 2523 grata
182 2451 272 2508 mella
286 2451 370 2516 fudit,
393 2449 476 2521 hrgit,
493 2454 519 2504 et
539 2449 629 2506 nimis
645 2450 741 2506 tenaci
761 2448 827 2504 lerit
848 2449 906 2505 icta
961 2452 1019 2519 tua,
1035 2453 1062 2502 ct
1075 2448 1171 2518 sorices
1183 2464 1196 2520 ‚·
1216 2454 1245 2505 ct
1263 2451 1340 2520 tanis
1355 2451 1504 2507 corrrbeoet
1521 2458 1548 2509 te
1569 2453 1672 2525 (Apoc.
1687 2456 1787 2529 sarid:

76 2542 165 2598 corda
181 2557 294 2596 morsu.
307 2538 540 2611 Contemptibilis
551 2543 603 2606 cst,
619 2537 691 2611 quia
705 2541 791 2594 nocet
805 2542 907 2610 empta
961 2534 1032 2608 quia
1055 2534 1137 2591 sortis
1162 2541 1206 2592 est
1228 2537 1383 2606 hominus,
1410 2539 1463 2611 qni
1474 2540 1589 2610 judicat
1610 2541 1702 2601 illam.
1718 2548 1791 2601 ltem

76 2630 177 2686 dolore
193 2629 342 2702 voluptas.
359 2628 502 2685 l‘arvulus
517 2631 569 2695 est,
590 2626 662 2699 qnia
678 2626 759 2682 hona
774 2627 904 2697 negligit.
962 2623 992 2678 in
1007 2623 1114 2680 eodem
1131 2641 1136 2679 :
1157 2624 1282 2684 aeaeae
1303 2627 1354 2681 itti
1372 2629 1449 2682 sicat
1466 2633 1494 2683 et
1513 2630 1579 2698 ipsa
1598 2631 1728 2687 reddidit
1741 2648 1791 2689 no-

77 2719 313 2793 Contemptihilis
333 2722 386 2785 est,
412 2717 484 2791 quia
507 2717 587 2774 mala
610 2716 735 2791 peragit.
764 2717 906 2774 Parvulas
963 2709 1005 2764 bis
1025 2726 1037 2766 .’
1067 2717 1094 2767 et
1124 2712 1277 2782 (triplicate
1309 2714 1444 2784 driptteto
1459 2732 1472 2787 ,·
1503 2719 1665 2774 secundam
1699 2735 1791 2789 opera

76 2817 119 2866 est
142 2811 214 2884 qnia
232 2808 398 2866 transitoria
423 2807 543 2881 appetit.
571 2807 814 2880 contemptibilis,
835 2807 907 2880 quia
962 2799 1026 2868 ejus
1041 2800 1072 2854 in
1082 2801 1203 2870 pacato,
1220 2802 1299 2872 picoti
1312 2805 1440 2876 miscuit,
1458 2805 1585 2874 roisnato,
1602 2807 1652 2862 itti
1663 2808 1790 2877 duplam

76 2905 187 2957 aeterna
215 2897 348 2972 despicit.
374 2897 516 2975 Parvulas
540 2897 657 2965 allecto,
679 2897 943 2994 contemptibilisC
962 2886 1066 2959 (ibid).

77 2995 155 3046 actu.
176 2988 319 3044 l‘arsulns
341 3004 440 3059 opere,
466 2985 696 3058 contemptibilis
720 2986 834 3042 merito.
860 2988 907 3045 Se·
1000 2993 1028 3050 Si
1042 2993 1121 3050 hares
1135 2994 1305 3052 introissent
1326 2997 1365 3052 ad
1380 3001 1416 3064 te,
1433 3002 1461 3052 et
1475 2997 1614 3066 latrones,
1637 2998 1792 3071 quomodo

78 3079 179 3151 quitur
192 3098 199 3134 :
964 3082 1155 3139 conticuisses
1171 3084 1184 3138 ‘t
1200 3086 1301 3140 Nonne
1312 3083 1400 3140 iurati
1416 3090 1514 3140 essent
1526 3085 1704 3141 sufficientia
1716 3084 1790 3140 sibit

119 3185 262 3257 Superbia
283 3184 381 3242 cordis
410 3183 450 3239 tui
469 3182 572 3239 extulit
595 3187 636 3248 10,
666 3181 850 3239 habitantem
877 3180 907 3237 jn
965 3171 999 3230 Si.
1013 3170 1243 3226 vindemiatores
1263 3170 1422 3226 intrassent
1444 3171 1484 3225 ad
1507 3175 1545 3238 te,
1572 3186 1672 3226 notrae
1687 3170 1792 3228 saltem

81 3273 217 3330 scissuris
237 3278 324 3347 petrea
341 3292 348 3329 t
363 3273 415 3345 qui
430 3272 503 3328 dieis
526 3271 556 3327 in
573 3271 662 3328 eorde
683 3275 756 3327 tuo:
775 3270 845 3336 Quis
859 3287 908 3326 mc
964 3277 1099 3317 racemos
1113 3257 1301 3330 reliquissent
1316 3257 1395 3312 tibit
1413 3260 1511 3325 Fures,
1521 3261 1590 3313 sunt
1605 3256 1792 3314 simidatores

78 3363 215 3419 detrahet
228 3362 258 3418 iu
280 3368 388 3419 terram
404 3362 417 3415 t
433 3365 516 3417 l’ctra
537 3360 585 3416 hie
606 3359 777 3429 intelligitur
797 3359 907 3428 anima,
965 3351 993 3402 Ol
1007 3346 1114 3412 callidi,
1132 3346 1184 3418 qui
1198 3350 1364 3418 provocant
1385 3345 1461 3401 iram
1480 3344 1795 3419 ⁰0hl⁴³ls0110⁵2⁵¹111l

78 3468 146 3523 qnae
160 3451 276 3520 integra
289 3450 406 3517 dicitur,
425 3447 548 3522 quando
563 3448 590 3503 ei
603 3447 686 3503 nulla
701 3447 828 3503 carnalis
843 3463 909 3519 pas·
964 3437 1119 3510 paSSiOHCS
1134 3440 1162 3492 θῙ
1176 3436 1283 3492 morbi.
1300 3440 1390 3492 P01'r0
1414 3436 1577 3504 (lfflfflfflws,
1599 3441 1669 3495 Sunt
1692 3437 1795 3495 Vinde-

79 3540 122 3595 sio
144 3538 325 3596 dominatur.
350 3538 507 3604 Scinditur,
535 3536 657 3609 quando
684 3535 909 3609 impugnatione
964 3525 1114 3582 miatores.
1135 3524 1223 3581 Primi
1253 3524 1390 3582 simulate
1411 3541 1532 3582 Carnem
1559 3531 1722 3584 macerant·
1746 3528 1794 3584 8⁰·

78 3629 220 3695 sitiormh
246 3627 417 3700 dissipatur.
435 3630 510 3697 Ergo
535 3625 670 3681 scissuras
692 3624 827 3681 carnales
842 3629 911 3680 sunt
965 3614 1055 3670 cundi
1070 3631 1137 3670 eam
1159 3613 1333 3683 gravissime
1355 3613 1497 3670 cruciant·
1521 3614 1606 3670 Tffl'ffl
1629 3615 1727 3688 ipsam
1746 3614 1795 3671 de·

80 3717 340 3790 coneupiscentiae.
358 3716 470 3774 Solium
488 3730 620 3786 namque
635 3714 753 3780 exaltat,
775 3713 826 3786 qui
842 3730 911 3786 ope-
965 3708 1095 3776 turpant,
1111 3707 1139 3759 et
1152 3701 1311 3758 humiliant
1328 3721 1334 3758 :
1349 3702 1402 3758 sed
1412 3719 1517 3758 omnes
1530 3703 1652 3776 rapiunt
1665 3703 1721 3759 sibi
1737 3703 1795 3759 sul-

79 3823 112 3863 ra
137 3807 235 3863 carnis
259 3806 299 3862 ad
323 3809 529 3877 contemptum
553 3804 604 3860 bei
632 3803 783 3877 praedicat.
809 3803 910 3860 Dicere
964 3791 1112 3847 ficiessfiss?
1129 3790 1201 3864 quia
1224 3807 1322 3862 neque
1337 3791 1468 3859 daemfflb
1484 3806 1581 3862 ¹10q1¹⁰
1595 3790 1729 3858 mrbus,
1745 3806 1796 3846 ΒΘ·

80 3912 149 3952 vero
168 3895 199 3952 in
214 3894 304 3953 eorde
321 3913 327 3950 :
344 3894 414 3961 Quis
435 3910 483 3948 me
507 3892 642 3949 ‹lehahet
661 3893 692 3947 in
716 3896 824 3948 terram
839 3893 853 3946 ‘t
869 3895 912 3947 est
965 3897 1023 3955 que
1045 3879 1202 3953 hl'll001'lffl
1225 3879 1393 3952 ‹piidqnam
1414 3878 1484 3949 ³812,
1510 3877 1567 3933 nisi
1589 3878 1670 3950 (lu0d
1693 3878 1795 3935 (filimi

44 4016 48 4021 -
81 3988 252 4056 contempto
274 3986 333 4040 Deo
357 3983 388 4039 in
409 3982 562 4054 voluptate
586 3981 695 4048 saeculi,
725 3980 811 4037 etsui
826 3996 911 4053 spem
965 3967 1148 4043 dispensatio
1172 3966 1362 4038 disponendo
1386 3966 1537 4040 permittit.
1559 3966 1630 4022 ltine
1651 3966 1795 4023 Dominus

81 4073 183 4129 salutis
198 4079 226 4130 ct
240 4071 410 4129 aeternitatis
425 4086 546 4143 ponere.
570 4074 601 4126 ln
615 4086 676 4142 quo
703 4070 757 4126 tria
771 4073 912 4126 notantur
966 4075 1019 4131 Pffl‘
1032 4057 1105 4114 ³01⁸
1125 4056 1326 4127 circumacti,
1338 4055 1444 4127 inquil»
1459 4071 1542 4112 ’ΜΝ
1557 4055 1702 4127 lemtim,
1712 4057 1794 4128 meib

80 4163 149 4218 ,pia
166 4179 172 4215 :
194 4161 299 4218 odium
313 4161 395 4229 boni,
409 4176 494 4216 amor
508 4159 589 4226 malj,
611 4158 721 4214 oblivio
735 4158 784 4215 001
815 4162 912 4215 Aspen.
966 4153 993 4203 ct
1002 4146 1093 4216 posui
1107 4149 1226 4209 nectere,
1239 4148 1265 4198 et
1274 4144 1359 4214 ostia,
1376 4149 1402 4198 et
1419 4144 1502 4198 diat:
1516 4144 1676 4214 Hucusque
1688 4145 1795 4215 aetates,

81 4251 138 4308 dite
160 4249 317 4319 diligentes
340 4248 494 4322 quomodo
523 4246 624 4303 inlclix
650 4246 752 4302 anima
774 4245 912 4303 velociter
966 4241 994 4291 el
1008 4235 1137 4303 &millitis
1152 4247 1211 4286 '²⁰7²
1224 4230 1376 4299 procedes,
1391 4235 1418 4284 θί
1435 4229 1483 4285 ΜΟ
1498 4231 1668 4299 ⁶⁰²²st⁴²l²9⁶⁸
1684 4235 1796 4326 mutet·

81 4340 169 4405 cadit,
185 4357 204 4397 a
219 4343 297 4395 statu
308 4337 429 4410 justitia
444 4335 542 4391 subito
560 4334 668 4401 deficit,
682 4333 712 4388 in
727 4333 911 4406 prolnndmn
967 4330 1009 4380 ²0⁸
1022 4326 1131 4392 (lucius
1155 4325 1165 4373 l
1169 4334 1220 4374 ²1⁰⁸
1235 4317 1300 4388 (J‘Jb
1322 4316 1449 4387 ‘llll'fl'i
1467 4319 1542 4411 ΜΨ
1566 4332 1637 4411 *ΨΟ
1652 4318 1796 4372 ⁰⁰m¹¹¹¹¹⁵

80 4428 199 4486 melitite
216 4428 245 4484 in
266 4430 420 4483 momento
442 4424 561 4481 decidit.
583 4423 713 4479 Primum
738 4421 818 4478 enim
841 4422 912 4478 inte·
967 4403 1435 4479 ⁰1¹¹011111dssbq¹1²1¹¹d⁰impetus
1459 4401 1796 4470 ssfflltlssssllumfflffleffl
1850 4433 1854 4436 ⁴

80 4517 140 4575 rius
168 4516 340 4591 pestiferam
367 4515 550 4587 voluptatem
583 4510 722 4583 concipit,
751 4510 859 4566 deinde
881 4510 912 4567 iu

82 4605 377 4676 eegtorificationcm
396 4603 490 4676 ponit.
517 4607 548 4658 ln
564 4602 621 4658 hac
643 4616 714 4657 vero
732 4615 912 4656 eonsensum

81 4694 152 4765 figit,
165 4700 194 4749 et
208 4697 312 4767 postca
335 4693 580 4749 deliberationem
604 4689 748 4746 adhibet:
771 4688 911 4761 deinceps

82 4783 286 4856 operationem
314 4781 441 4850 exhibet,
473 4785 577 4855 postea
612 4781 817 4849 contemptum
850 4776 910 4845 bei,

61 4870 188 4927 ‘deinde
218 4869 464 4943 praedicationem
490 4869 612 4944 peceati,
641 4867 783 4939 deinceps
808 4864 912 4920 odium

81 4959 162 5028 boni,
186 4963 291 5033 postea
312 4976 447 5015 amorem
474 4959 554 5021 anati,
580 4957 704 5011 demum
729 4953 911 5010 oblivionem

81 5048 141 5104 Dei.
168 5048 217 5103 llic
246 5051 290 5102 est
313 5046 475 5113 decalogus
506 5041 723 5107 inobedientias,
757 5057 849 5114 quem
880 5038 911 5094 in

80 5139 182 5193 monte
198 5133 288 5203 Sinai,
304 5132 386 5207 (prod
408 5131 615 5203 interpretatur
638 5129 801 5196 tremititas,
816 5126 912 5183 bomi-

80 5239 138 5279 nus
164 5222 247 5279 dedit
272 5220 373 5292 Moysi.
409 5222 492 5274 Hunc
520 5220 701 5290 beoalogum
726 5217 910 5289 impleverat,

80 5311 133 5383 qui
147 5310 287 5366 dicebat:
308 5310 415 5366 Nescio
437 5309 594 5364 Itorninum
609 5323 621 5377 ,·
644 5313 672 5362 et
690 5305 832 5362 Israelem
852 5320 912 5359 reon

81 5401 231 5456 atian'ttone
250 5400 357 5466 (anct.
371 5401 410 5466 s).
428 5401 508 5454 ttnnc
523 5400 551 5451 et
565 5394 613 5451 alii
623 5394 772 5450 dieentes:
790 5394 859 5472 Quis
871 5395 913 5448 est

82 5490 286 5559 Orurzipotcns,
303 5494 334 5543 at
350 5490 513 5546 serm'uruus
533 5487 560 5542 ei
573 5488 586 5540 t
601 5485 667 5551 caca
681 5484 796 5555 stultit
812 5501 818 5537 ι
836 5481 914 5549 (latet

81 5577 165 5635 stolis
185 5579 308 5648 prodest
332 5579 358 5635 st
381 5576 564 5635 orareriocas
591 5576 686 5630 earn?
709 5569 806 5644 (rora.)
831 5571 913 5624 llunc

963 4497 1146 4571 judiciorum
1170 4508 1294 4556 snonmr
1317 4489 1538 4562 dispensatione
1565 4487 1740 4546 modificat:
1764 4496 1798 4548 ut

966 4583 1064 4640 insani
1076 4581 1191 4638 tumida
1205 4578 1287 4635 unda
1298 4577 1421 4634 terroris
1432 4577 1523 4650 plano
1534 4576 1688 4646 frangatur
1700 4575 1798 4655 littore

966 4668 1090 4724 occulte.
1108 4667 1181 4723 uicit
1202 4682 1273 4735 ergo
1297 4664 1463 4722 Dominus:
1481 4663 1605 4722 Silures
1628 4663 1798 4723 introissent
1890 4685 1896 4715 .·

967 4757 1006 4813 ad
1020 4761 1057 4822 te,
1074 4759 1128 4811 ete.
1146 4758 1186 4810 he
1211 4753 1235 4809 si
1250 4753 1380 4810 diceret:
1408 4752 1437 4811 Si
1457 4752 1510 4821 illi,
1526 4753 1577 4828 qui
1593 4752 1656 4810 sine
1670 4770 1739 4811 meo
1750 4755 1797 4827 ju-

966 4845 1043 4901 dicio
1064 4843 1107 4898 nil
1133 4846 1260 4916 possunt
1282 4842 1358 4898 adeo
1383 4846 1411 4899 te
1431 4841 1462 4898 in
1489 4841 1628 4912 angustia
1647 4846 1675 4898 et
1695 4846 1797 4898 contra

967 4937 1052 4990 tuum
1076 4931 1271 4988 commodum
1300 4930 1446 5001 affligunt,
1476 4930 1549 5004 quid
1574 4928 1682 4986 sacient
1709 4927 1797 4985 amici

966 5022 1035 5090 mci,
1052 5019 1146 5094 quite
1170 5018 1331 5090 affligendo
1344 5018 1507 5092 placebunt
1524 5015 1607 5082 mihi,
1628 5018 1685 5070 tuce
1699 5009 1796 5084 provi-

966 5113 1070 5168 dentes
1084 5107 1226 5165 utilitati?
1243 5107 1325 5163 Unde
1335 5110 1364 5163 ct
1374 5105 1506 5178 seqnitur
1521 5123 1527 5157 z

1004 5214 1161 5283 Quomodo
1188 5212 1308 5268 scrutati
1333 5215 1402 5266 sunt
1422 5213 1518 5264 Esau:
1544 5201 1797 5270 investigaverunt

967 5303 1143 5362 abscondita
1164 5301 1252 5372 ejus‘l
1266 5297 1359 5353 Amici
1377 5294 1481 5351 Christi
1499 5289 1628 5348 veritatis
1647 5289 1795 5362 discipuli,

968 5395 1055 5458 Esau,
1074 5391 1104 5446 id
1123 5394 1167 5445 est
1190 5384 1296 5448 catenis,
1311 5381 1487 5438 abscondita
1509 5377 1687 5451 investigant
1702 5396 1708 5435 :
1724 5378 1797 5453 quia

968 5495 1029 5536 non
1041 5477 1139 5533 solum
1149 5471 1307 5531 manifesta
1317 5469 1415 5525 caruis
1427 5467 1682 5540 opera.sedet.iam
1693 5483 1797 5525 earna-

969 5566 1041 5622 lium
1062 5560 1274 5633 cogitatioumn
1300 5559 1456 5629 amputare
1486 5554 1605 5615 student
1634 5554 1794 5630 superflua.

1316 5676 1332 5707 4
