3832 6044
163 151 214 206 aar
306 145 457 202 HUGONIS
477 145 522 201 DE
543 143 571 201 S.
591 140 740 198 vtcreua
759 138 834 194 OPP.
854 133 943 189 PARS
962 134 983 187 l.
1004 159 1038 170 -

1058 127 1260 185 sinuantia.
1281 155 1315 165 -
1334 127 1355 193 l,
1376 125 1409 178 IN
1431 123 1458 177 S.
1481 119 1709 176 SCRIPTURAM.
1825 115 1888 172 628<

164 276 212 330 tur
226 286 280 345 per
293 283 408 327 novum
420 262 654 323 testamentum?
668 260 789 320 Salutio.
805 262 892 315 Vetus
908 260 991 313 testa-
1010 257 1033 309 Λ
1047 253 1138 310 sectos
1154 252 1284 308 lacerent
1303 246 1402 305 offerri
1427 247 1576 301 cessarent
1591 260 1598 296 ε
1629 241 1708 296 ιιιιιιι
1735 233 1888 312 (ριιιιιιιιιιΙ

163 365 308 427 mantum,
325 360 408 413 vetus
422 358 544 410 vocatur
559 368 614 424 pro
628 350 718 407 veteri
731 364 820 413 noxa,
845 362 913 418 qnae
941 356 994 413 ριι·

162 445 464 518 litteramjubentem,
481 445 510 500 et
521 440 687 498 minantem
701 453 762 493 non
777 439 908 490 sanatur.
934 433 993 485 Hoc

163 541 265 596 autam
288 548 403 592 novum
425 531 533 589 dicitnr
545 532 667 603 propter
688 521 847 582 noviarlem
863 519 992 593 spiritus,

163 642 233 700 qun
251 623 407 682 hominem
422 625 508 678 sanat
529 619 633 678 avitia
656 614 818 673 vetustatis.
834 615 908 668 Nota
931 606 994 663 dili-

163 719 268 788 gentar
281 730 350 787 quaa
364 712 402 769 sit
428 708 594 767 differenda
618 708 694 764 inter
717 706 779 761 duo
794 702 968 760 testamenta
986 715 992 751 :

160 802 344 868 illudatis,
360 800 418 857 hoc
432 812 557 855 novum.
574 795 617 852 lbi
634 794 740 861 littera,
758 809 827 865 quie
843 790 906 845 sola
920 784 995 842 ocei-

163 890 217 957 dit,
230 889 279 944 hic
294 888 414 961 spiritus
429 885 591 941 vivificans.
608 882 683 938 illud
696 881 894 952 scriptumest
908 875 936 930 in
954 878 995 928 ta·

162 976 242 1035 omis
256 974 392 1047 lapideis,
407 975 464 1030 hoc
488 972 519 1028 in
533 970 683 1027 mentibus
705 972 734 1024 ot
747 968 776 1022 in
793 963 944 1021 cordibus,
962 959 995 1015 ll-

162 1061 217 1120 lad
231 1062 374 1135 promittit
389 1066 513 1128 terrena,
530 1061 587 1116 hoe
602 1057 740 1116 ecclesiia.
758 1054 830 1111 iliud
846 1052 936 1109 ιιιιιιιι
951 1067 995 1105 sa-

163 1153 318 1207 cramenta
333 1150 460 1206 salutem
475 1146 682 1218 significantia,
705 1160 766 1200 non
790 1137 970 1198 conferentia
987 1155 994 1202 ·,

162 1237 222 1296 hee
236 1237 328 1296 habat
347 1241 535 1295 sacramenta
558 1234 683 1292 salumin
707 1229 897 1290 conferentia.
924 1232 995 1284 item

164 1327 237 1384 nota
249 1325 333 1399 quod
348 1329 558 1383 testamentum
572 1323 688 1390 dicitnr,
709 1326 737 1378 et
755 1321 821 1393 ipsa
836 1315 994 1391 promissio

164 1412 347 1486 temporalis,
385 1412 432 1469 rel
455 1416 575 1480 aterna,
606 1414 635 1466 cl
664 1409 807 1481 scriplum
840 1404 995 1462 continens

164 1501 265 1575 ipsam
292 1502 534 1575 promissionem.
566 1505 653 1558 Vetus
674 1514 753 1568 ,ergo
787 1497 995 1552 testamentmn

1047 360 1100 398 cnr
1114 341 1211 398 hostia
1223 337 1361 396 salutaris
1376 335 1447 392 ιιοιι
1467 331 1633 390 testamenti
1649 348 1720 386 cum
1734 328 1889 402 pelliciat,-

1047 436 1076 488 ιι
1088 430 1286 486 sanctifieatos
1308 428 1506 491 consummet,
1536 422 1645 494 saepius
1673 419 1825 487 offeratur,
1849 424 1877 474 et

1047 520 1146 576 offerri
1160 535 1221 587 non
1244 521 1337 573 cesset
1352 517 1365 571 ι
1392 513 1513 572 Salutio.
1532 510 1628 570 Semel
1642 509 1766 582 quidem
1779 507 1875 564 oblata

1047 625 1101 681 per
1114 608 1287 681 passionem
1310 604 1414 661 mortis
1437 604 1468 659 in
1483 618 1535 658 ara
1555 601 1650 656 erucis
1671 599 1701 655 in
1717 597 1815 653 forma
1827 597 1876 651 hu·

1047 713 1139 755 mana
1154 701 1213 764 est3
1228 712 1284 752 nec
1298 694 1406 750 iterum
1421 693 1462 749 sie
1475 694 1665 763 permortem
1678 687 1812 749 oliertur,
1827 685 1874 740 sed

1048 792 1149 844 tamen
1175 787 1205 841 in
1219 788 1406 841 sacramento
1432 781 1541 854 sapius
1557 778 1688 845 offertur,
1703 793 1766 833 non
1788 792 1876 833 causa

1049 893 1111 932 suae
1138 872 1327 944 infirmitatis
1345 871 1398 928 sed
1417 871 1516 943 potins
1531 873 1650 934 nostrie,
1680 865 1732 938 qni
1746 864 1875 938 quotidie

1048 980 1236 1037 peccamus:
1262 967 1290 1018 et
1318 960 1468 1033 praecipue
1496 962 1616 1030 propter
1641 954 1878 1011 recordationem

1048 1052 1152 1109 mortis
1167 1051 1281 1119 Christi,
1299 1055 1331 1106 ut
1358 1065 1444 1106 amor
1458 1048 1523 1119 ejus
1551 1044 1692 1102 cordibus
1715 1043 1824 1099 nostris
1838 1043 1876 1098 ai-

1049 1143 1106 1199 tius
1120 1142 1262 1212 infigatur
1277 1157 1330 1213 per
1344 1140 1411 1207 hoc,
1428 1138 1511 1210 qnod
1526 1151 1675 1192 memores
1690 1150 1795 1190 sumus
1808 1133 1875 1189 tanti

1047 1231 1194 1288 beneficii.

1085 1322 1214 1386 Quamne
1229 1321 1345 1376 LXXXV.
1363 1318 1479 1387 Comus
1493 1321 1592 1372 arctoae
1607 1314 1720 1382 optasti
1733 1311 1875 1381 mittete.

1050 1409 1196 1476 Quaeritur
1210 1409 1240 1464 in
1253 1425 1314 1482 quo
1331 1406 1476 1480 aptaverit
1489 1421 1598 1476 corpus
1614 1402 1742 1459 Christi?
1757 1399 1875 1458 Solatia

1049 1502 1115 1554 tinec
1130 1498 1265 1571 aptitudo
1279 1498 1310 1553 in
1325 1497 1444 1554 dnobus
1459 1494 1601 1561 consistit,
1627 1491 1738 1548 scilicet
1750 1492 1781 1546 in
1795 1505 1876 1546 mnn-

80 1631 86 1640 ·
165 1591 320 1647 continens
349 1591 578 1664 promissionem
608 1589 648 1646 ad
681 1592 810 1643 veterem
841 1583 995 1639 hominem
1014 1580 1877 1659 Baitia,etmortaljtaaa:11isjenimessatmundum,pcr

165 1678 372 1753 pertinentem.
387 1684 502 1738 Novum
512 1696 581 1736 vcro
596 1681 816 1741 testamcutum,
829 1672 910 1746 quod
926 1686 996 1726 con·

166 1768 238 1827 tinet
264 1770 495 1843 promissionem
522 1774 639 1826 aeterna
665 1762 844 1824 luercditatis
868 1778 936 1834 quie
957 1759 996 1814 ad

165 1870 279 1916 novum
293 1857 446 1916 hominem
461 1861 583 1931 spectat.

200 1947 330 2012 Quaene
345 1949 451 2004 LXXXI.
461 1947 496 2002 Se
509 1947 587 2004 calar
602 1943 676 2000 aaa
691 1943 792 2000 vitale
802 1955 939 2010 aspersas
953 1939 996 1992 ia-

165 2035 304 2106 culantes
318 2035 488 2104 sanctificat
502 2033 604 2105 (Hehr.
622 2032 672 2103 ιιι),
688 2035 742 2087 etc.
766 2027 911 2095 Quaeritur
923 2025 996 2099 quid

165 2127 252 2181 vocet
275 2122 559 2196 coinquinationem,
575 2138 593 2177 a
615 2136 676 2193 qua
691 2115 855 2174 sanctificat
869 2115 942 2171 cinis
958 2114 998 2169 ιι-

166 2209 235 2267 uilla
258 2210 427 2284 aspersus?
457 2209 578 2269 Solutio.
607 2210 782 2265 Coniectum
809 2209 997 2260 mortuorum

166 2296 209 2355 sio
222 2302 310 2356 vocat
325 2317 332 2367 ;
358 2297 405 2356 vel
416 2298 542 2371 lepram,
559 2313 652 2370 aqua
666 2295 793 2352 mundat
808 2293 880 2349 cinis
894 2292 950 2359 ille,
968 2290 998 2346 id

164 2389 210 2444 cst
236 2402 254 2445 a
280 2403 380 2461 poena,
403 2404 471 2463 quoe
493 2386 659 2443 seeundum
684 2382 845 2453 legemtali
866 2381 996 2437 immun-

165 2474 244 2534 diue
259 2476 425 2534 debehatur
441 2495 447 2532 :
464 2493 526 2550 quo
541 2480 621 2532 tactu
636 2473 818 2544 significatur
832 2485 997 2526 consensus

165 2565 289 2638 peccati.

202 2656 332 2718 Quaene
347 2656 466 2709 Lililxll.
481 2654 519 2708 Et
533 2651 780 2723 pacenzadmoclaru
794 2654 939 2703 stolatam
955 2652 996 2701 cst

165 2738 332 2795 hominibus
347 2742 436 2795 serael
450 2742 536 2795 errori.
548 2739 621 2794 Dicit
635 2737 784 2810 expositor
794 2735 877 2808 qirod
891 2732 996 2788 euclem

162 2825 348 2894 necessitate,
363 2832 392 2882 et
415 2827 480 2897 jure
495 2831 609 2883 naiman
626 2826 756 2884 Christus
778 2829 913 2880 mortuus
928 2825 972 2877 est
989 2838 995 2885 ;

1048 1677 1148 1749 ipsum
1162 1676 1311 1732 immmrdi
1324 1691 1385 1732 non
1400 1677 1522 1746 possent
1530 1669 1704 1738 redimi‚uisi
1719 1672 1795 1725 essct
1805 1683 1878 1724 mor·

1048 1764 1159 1821 latitate
1173 1781 1235 1820 non
1250 1769 1352 1837 posset
1371 1762 1539 1829 immolari,
1565 1775 1685 1816 necesse
1709 1762 1752 1814 cst
1764 1772 1835 1826 ergo
1849 1760 1877 1811 ut

1050 1853 1165 1910 Domini
1195 1869 1304 1925 corpus
1326 1857 1403 1908 esset
1429 1851 1579 1907 mundum
1593 1865 1645 1922 per
1662 1846 1877 1903 immunitatem

1049 1942 1163 2016 peccati
1177 1948 1207 1999 ct
1219 1942 1354 2000 mortale.

1087 2034 1216 2097 Qensrlo
1250 2032 1379 2087 lxxxvi.
1394 2032 1462 2086 Noa
1491 2030 1655 2086 deserentes
1677 2027 1876 2084 collectiones

1051 2127 1191 2177 vestram.
1209 2119 1354 2186 Orraerilur
1368 2135 1407 2175 an
1420 2117 1578 2190 Apostolus
1595 2117 1718 2172 damnat
1731 2115 1781 2170 hic
1800 2114 1878 2187 quod

1052 2210 1195 2266 Dominus
1205 2208 1355 2282 permittit,
1371 2209 1490 2265 dicens:
1506 2209 1542 2264 Si
1549 2208 1756 2277 oospeesecati
1766 2206 1877 2274 facetat

1052 2301 1083 2354 ia
1098 2313 1158 2356 aaa
1173 2300 1295 2355 civitate
1310 2298 1408 2369 serpae
1434 2299 1464 2354 ia
1488 2299 1580 2354 aliam
1597 2295 1715 2367 titlottlr.
1732 2294 1772 2364 ιι),
1797 2293 1878 2363 eujus

1052 2387 1092 2442 rei
1108 2387 1197 2442 etiarm
1222 2386 1284 2458 ipse
1299 2387 1381 2441 dedit
1399 2385 1571 2458 exemplum
1597 2383 1739 2452 fugiendo
1753 2383 1784 2437 in
1799 2385 1879 2451 AEgy·

1051 2480 1146 2549 ptum.
1165 2479 1197 2531 Et
1211 2475 1320 2531 Paulus
1335 2475 1466 2531 simililer
1478 2474 1625 2530 multoties
1639 2471 1789 2528 invenitur
1804 2470 1879 2525 idem

1051 2564 1154 2621 fecisse
1172 2582 1178 2619 ε
1193 2564 1267 2637 quid
1281 2569 1324 2619 est
1335 2580 1405 2634 crgo
1420 2563 1503 2636 quod
1517 2563 1564 2618 hic
1579 2562 1679 2634 culpat
1693 2577 1754 2627 coo,
1766 2559 1820 2632 qui
1833 2559 1879 2613 de-

1051 2657 1152 2710 serunt
1168 2652 1400 2708 collectionem?
1428 2651 1548 2707 Solutio.
1565 2653 1620 2706 Eos
1636 2648 1736 2722 culpat
1759 2651 1880 2720 Aposto-

1050 2741 1097 2797 lus
1111 2742 1141 2797 in
1156 2741 1213 2797 hoc
1224 2741 1299 2807 loce,
1315 2740 1367 2813 qui
1378 2741 1464 2813 quusi
1475 2757 1566 2796 cansa
1577 2738 1737 2795 sanctitatis
1754 2753 1814 2791 sure
1840 2735 1880 2790 in·

1051 2836 1093 2888 ιιι·
1108 2829 1181 2886 alios
1195 2829 1340 2895 infirmos,
1371 2829 1418 2883 rel
1445 2828 1633 2902 imperfectos
1660 2826 1795 2882 trabituc
1822 2843 1878 2881 nou

163 2930 226 2989 ‘1¹¹a
246 2915 431 2981 necessitate,
447 2920 476 2972 θι
501 2915 531 2971 in
546 2931 576 2970 ιθ
592 2915 641 2971 alii
655 2914 791 2970 immines
817 2912 993 2967 moriuntur.
1015 2923 1177 3010 Cpossunt
1193 2937 1199 2972 :
1216 2922 1245 2972 cl
1259 2916 1326 2972 ideo
1342 2917 1507 2973 descrendo
1524 2916 1728 2972 collectionem
1744 2914 1881 2971 scindunt

165 3002 248 3061 Unde
258 3003 402 3077 quaeritur
416 3020 456 3060 an
472 3003 603 3061 Christus
616 3003 652 3060 sit
662 3001 834 3059 necessitate
848 3005 994 3069 mortuus,
1050 3007 1203 3073 unitatem,
1228 3011 1255 3061 01
1272 3006 1312 3061 sic
1328 3012 1454 3078 peceant
1467 3006 1505 3061 aa
1526 3010 1663 3060 morem,
1690 3009 1763 3061 Cum
1791 3002 1880 3075 aliqui

163 3096 246 3150 0¹11ss
260 3092 366 3150 habuit
380 3092 601 3150 ssssoesssssiitiiem
621 3091 794 3148 moriendi?
809 3090 893 3155 Quod
916 3091 994 3145 title·
1051 3094 1215 3168 specialiter
1229 3100 1403 3167 qnueruntur
1418 3112 1436 3150 a
1449 3093 1697 3166 persecutoribus
1722 3098 1792 3148 tunc
1814 3091 1879 3146 licet

164 3184 211 3238 ιιιι
226 3180 380 3239 manifeste
395 3182 561 3239 seeundum
581 3180 755 3253 praedictam
780 3179 994 3235 auctoritatem.
1049 3184 1164 3240 rabiem
1179 3188 1402 3256 persecutorum
1424 3182 1581 3251 declinare,
1598 3182 1696 3238 silleri
1710 3181 1879 3254 potostsinc

165 3270 223 3327 Sed
238 3269 263 3327 si
277 3271 461 3345 necessitate,
490 3270 644 3343 quomodo
668 3268 896 3326 solaroluntate
920 3284 998 3323 mor·
1051 3272 1228 3329 detrimento
1243 3270 1432 3328 collectionis.

165 3362 246 3427 tuns,
261 3358 491 3432 sioutscriptum
506 3364 548 3416 est
559 3377 564 3414 :
577 3359 700 3415 Oblatas
715 3360 787 3428 qaia
801 3359 996 3429 oolailltlsa.

165 3451 235 3512 nn.)
262 3446 383 3504 Solutio.
400 3447 504 3504 Dicunt
531 3447 657 3519 quidam
681 3446 761 3518 quod
778 3445 854 3502 inter
877 3451 998 3500 coeteras

165 3535 362 3607 poenalitates,
392 3552 469 3608 quas
485 3535 627 3592 Dominus
655 3534 784 3607 suscepit
798 3552 866 3590 eum
892 3539 998 3590 natura

164 3628 267 3680 nostra
282 3623 345 3679 sino
361 3624 469 3696 culpa:
487 3624 576 3679 etiarm
602 3624 680 3678 hanc
695 3622 908 3695 poenalitatem,
926 3623 999 3678 scili·

167 3714 213 3769 cet
239 3710 447 3769 necessitatem
479 3710 626 3767 moriendi
653 3710 781 3781 suscepit
807 3710 995 3767 volontarie:

165 3816 233 3872 quae
250 3816 311 3857 non
327 3800 457 3858 excludit
480 3799 673 3865 voluntalem,
694 3815 749 3854 nec.
773 3799 939 3854 excluditur
960 3800 998 3854 ab

166 3904 212 3946 ea.
227 3892 284 3946 Neo
298 3893 398 3946 tamen
413 3888 639 3957 intelligendum
653 3893 696 3943 est
711 3887 784 3960 quin
800 3887 931 3944 t'lluistus
947 3905 997 3960 po·

167 3977 258 4034 tentia
270 3977 431 4034 divinitatis
442 3982 544 4051 posset
552 3977 701 4049 deponere
709 3978 788 4033 hauc
803 3993 924 4048 pernam
936 3977 997 4032 sinc

1088 3364 1217 3428 Qunsrro
1242 3363 1384 3416 liixxvii.
1412 3361 1585 3416 Volautorie
1597 3359 1800 3430 peccantibus,
1826 3363 1878 3414 etc.

1053 3451 1197 3518 Quaeritru
1216 3449 1268 3523 qui
1292 3454 1361 3505 snrrt
1386 3448 1550 3505 voluntarie
1574 3452 1739 3522 peccantes
1771 3447 1880 3520 quibus

1052 3556 1113 3595 non
1128 3539 1304 3612 relinquitur
1317 3538 1414 3594 hostia
1439 3555 1494 3611 pro
1508 3543 1641 3611 peccato.
1672 3537 1793 3593 Salutio.
1810 3536 1881 3593 Dicit
1894 3555 1896 3559 ⁷

1054 3628 1153 3698 glossa
1172 3627 1255 3700 quod
1269 3627 1433 3682 voluntarie
1457 3632 1613 3699 peccantes
1628 3630 1838 3700 permanentes
1852 3625 1879 3681 ιιι

1052 3721 1175 3790 ριιιιιο
1189 3732 1225 3770 ex
1238 3715 1386 3771 voluntate
1401 3716 1545 3788 peccandi
1561 3719 1648 3771 vocat
1663 3734 1668 3770 :
1695 3714 1806 3787 quibus
1822 3730 1879 3770 non

1053 3806 1174 3878 prodest
1201 3805 1343 3872 Christus,
1372 3804 1424 3878 qui
1444 3808 1487 3860 cst
1502 3805 1598 3860 hostia
1613 3821 1668 3877 pro
1680 3808 1815 3878 peccato,
1831 3803 1880 3877 qui

1053 3893 1264 3969 penitentibus
1280 3898 1395 3949 tantum
1410 3894 1540 3966 prodest.

1089 3985 1217 4045 Qt'nsrro
1234 3985 1387 4038 iiixviii.
1406 3982 1462 4039 Sed
1486 3982 1592 4037 iteruin
1607 3981 1749 4053 qrrreritur
1774 3997 1828 4036 cur
1841 3979 1880 4034 ui-

167 4066 276 4123 ttssifflae
291 4067 465 4139 eiGOPDOPiS
478 4066 723 4134 diSSOIUfiOssssiet
737 4066 933 4138 supervestire
947 4084 999 4123 na-
1053 4075 1101 4127 ιιι
1122 4070 1280 4143 Apostolus
1304 4076 1371 4140 post
1399 4077 1550 4140 acceptam
1574 4072 1712 4125 notitiam
1738 4070 1880 4133 caritatis,

168 4158 266 4211 turam
278 4159 466 4227 assumptam
480 4155 555 4210 stolo
569 4154 819 4221 immortalitatis,
834 4155 884 4209 scd
902 4155 924 4209 si
935 4172 997 4210 am·
1054 4176 1123 4216 cum
1137 4175 1192 4214 nco
1208 4164 1276 4214 ante
1289 4159 1425 4214 notitiam
1440 4159 1568 4214 veritatis
1583 4157 1775 4213 manentibus
1789 4157 1820 4212 in
1833 4173 1882 4212 ro

167 4241 245 4316 plius
269 4258 331 4299 non
346 4244 500 4311 conterret,
528 4260 621 4317 (lnam
641 4243 667 4300 ei
688 4243 829 4299 collatum
858 4248 902 4299 cst
930 4250 997 4299 ante
1054 4249 1165 4304 luntate
1193 4249 1336 4320 peccandi
1363 4248 1457 4320 prosit
1472 4248 1630 4304 tlirristns‘?
1656 4247 1787 4303 Forsitan
1807 4246 1883 4301 dicet

167 4336 305 4402 mortem,
321 4333 488 4390 necessario
501 4338 675 4389 moreretur.
1054 4336 1122 4410 quis
1148 4336 1232 4409 quod
1259 4335 1368 4392 talibus
1393 4340 1489 4408 potest
1516 4336 1659 4407 prodesse
1681 4351 1735 4407 per
1759 4334 1882 4405 gratiam

202 4423 332 4487 Quaene
348 4425 480 4480 aarum.
504 4422 756 4492 Easpcctaatllras
770 4437 801 4478 se
815 4424 845 4478 ia
859 4425 995 4489 saltuem,
1053 4425 1241 4498 baptismatis
1270 4429 1302 4481 ut
1325 4441 1380 4495 nec
1402 4425 1502 4496 aliqua
1528 4425 1617 4479 ctiam
1646 4439 1736 4496 poena
1756 4422 1884 4479 satisfac·

167 4515 223 4571 ato.
241 4512 426 4586 Superhunc
450 4512 550 4568 locam
565 4511 636 4568 dicit
649 4511 799 4583 expositor
822 4512 905 4584 quod
920 4512 998 4568 mu-
1055 4513 1143 4569 tiouis
1157 4513 1341 4586 injungatur,
1365 4513 1520 4585 quomodo
1535 4517 1602 4584 post
1624 4511 1750 4581 gratiam
1764 4526 1882 4581 regene-

168 4603 231 4658 stus
256 4616 318 4657 non
347 4600 529 4668 necessitate,
557 4600 609 4656 sed
631 4601 781 4657 voluntale
806 4616 860 4660 nro
875 4605 997 4673 peccato
1054 4601 1177 4657 rationis
1198 4617 1260 4657 non
1283 4605 1381 4674 potest
1395 4601 1531 4656 renovari
1546 4600 1635 4657 etiam
1661 4615 1715 4673 per
1740 4599 1885 4672 poeniten

168 4687 405 4759 exspectantium
424 4705 454 4743 sc
469 4688 499 4743 in
514 4689 640 4745 salntem
654 4694 790 4745 mortuus
806 4695 849 4745 est
865 4709 870 4744 ε
885 4689 937 4744 sed
951 4705 998 4743 su·
1055 4690 1137 4746 tiam.
1154 4692 1213 4745 Hoc
1237 4689 1368 4745 dicentes
1392 4705 1454 4746 non
1469 4688 1655 4745 cxciiulimus
1667 4687 1883 4760 poenitentiam,

167 4773 269 4849 parius
293 4774 463 4833 dictumest
487 4776 570 4849 quod
585 4781 721 4833 mortuns
736 4783 779 4834 cst
800 4779 971 4834 necessitate
989 4798 996 4833 ι
1055 4783 1088 4834 ιιι
1101 4778 1226 4850 quidam
1241 4777 1344 4833 volunt
1360 4794 1394 4832 er
1405 4777 1450 4833 his
1465 4777 1563 4833 verbis
1577 4776 1707 4850 Apostoli
1724 4795 1730 4831 ε
1749 4777 1886 4832 volunta·

169 4862 253 4936 quod
268 4861 384 4920 videtur
410 4879 474 4919 esse
490 4864 681 4921 contrarium.
707 4866 827 4922 Salutio.
853 4867 938 4932 Quod
952 4865 999 4921 tric

170 4949 251 5020 dicit,
277 4949 318 5008 sic
339 4948 479 5022 intellige.
502 4953 633 5009 Christus
652 4959 788 5011 mortuus
816 4960 934 5009 estnon
951 4971 1000 5009 nc-

170 5039 315 5110 casiae,
340 5039 372 5096 id
396 5045 441 5097 est
464 5040 495 5097 in
519 5057 555 5098 eo
583 5058 644 5098 non
672 5042 727 5098 luit
754 5047 921 5115 peceatum,
946 5060 1001 5116 pro

170 5144 233 5203 quo
259 5146 381 5188 neccsse
402 5129 457 5188 fuit
482 5146 552 5187 cum
577 5130 674 5187 mori:
698 5131 776 5186 unde
801 5131 888 5202 quasi
913 5148 1005 5203 expo.

170 5234 256 5289 nens,
277 5219 362 5294 quod
380 5219 504 5287 dixerat,
527 5219 704 5290 subiungit:
732 5219 785 5274 sed
809 5235 864 5291 pro
879 5224 1002 5291 peccato

171 5321 277 5366 aarum
291 5312 438 5377 mortuus,
464 5308 573 5366 scilicet
586 5307 638 5381 qui
652 5324 723 5364 enm
745 5308 959 5379 exspectationi
974 5308 1003 5364 in

174 5394 312 5454 salutem.

209 5485 338 5549 Onasrro
354 5490 482 5544 LXXiilV.
492 5489 615 5559 Alioqui
624 5492 773 5544 cessarent
784 5488 891 5555 offerri
899 5487 1007 5562 (Helie,

173 5573 215 5635 x),
239 5575 293 5632 eto.
310 5573 415 5640 itostioe
437 5574 557 5642 legales,
573 5578 606 5633 ut
618 5574 689 5642 dicit
702 5574 874 5648 Apostolus,
901 5575 925 5631 si
940 5572 1005 5647 perss

1055 4869 1100 4923 rie
1109 4865 1312 4935 peccantibus,
1335 4871 1400 4931 etc,
1425 4866 1614 4921 occasionem
1628 4870 1788 4921 sumentes.
1818 4863 1886 4931 Qui-

1057 4954 1187 5010 busdam
1202 4959 1303 5009 autem
1316 4953 1433 5009 ridetm·
1446 4955 1528 5027 qnod
1551 4954 1713 5010 voluntarie
1727 4959 1886 5026 peccantes

1057 5046 1153 5110 uocet,
1181 5043 1233 5114 qui
1259 5042 1384 5098 scienter
1411 5044 1565 5099 veritatem
1587 5042 1709 5108 inuidia,
1732 5042 1780 5099 rel
1803 5043 1885 5108 odio,

1059 5133 1105 5189 vcl
1120 5132 1220 5205 aliqua
1235 5147 1326 5189 eausa
1346 5132 1520 5202 hujusmodi
1539 5132 1750 5204 impugnantes
1769 5131 1799 5187 in
1824 5131 1888 5203 Spi-

1059 5223 1149 5279 ritum
1173 5227 1309 5280 sancumr
1336 5226 1470 5294 peceant,
1499 5226 1527 5277 et
1554 5222 1620 5278 ideo
1649 5221 1889 5278 irremissibiliter

1058 5315 1184 5384 peceant
1198 5328 1204 5377 ;
1219 5309 1290 5382 quia
1305 5310 1361 5366 lroe
1388 5315 1544 5382 peccatum
1558 5327 1612 5366 nae
1627 5311 1656 5366 in
1672 5310 1820 5382 praesenti,
1831 5326 1888 5366 nce

1057 5400 1088 5457 ιιι
1115 5399 1214 5456 latmo
1241 5399 1333 5455 habet
1355 5400 1571 5468 remissionem,
1600 5405 1632 5456 nt
1663 5399 1807 5456 Dominus
1835 5401 1885 5458 ait.

1060 5488 1146 5554 Quod
1159 5487 1249 5544 etiam
1271 5487 1385 5544 videtur
1411 5488 1554 5545 insinuari
1567 5488 1714 5563 superius,
1736 5487 1791 5544 uhi
1816 5488 1890 5546 dicit

1059 5575 1217 5648 Apostolus
1242 5594 1249 5632 ι
1278 5577 1460 5646 ιιιιροιιιιιιι
1481 5583 1521 5633 est
1549 5593 1596 5632 eos
1618 5579 1672 5648 qai
1696 5578 1786 5632 sarriet
1818 5578 1888 5632 illir-
