3832 6044
157 105 208 188 ata
476 84 627 164 nocens
646 81 692 162 n'n
712 99 739 160 s
761 94 908 161 ricronn
928 101 1002 158 ore.
1023 93 1111 158 rans
1131 104 1151 157 1.
1172 133 1205 142 -
1225 98 1416 159 sanonum
1436 103 1553 157 nenia.
1813 100 1867 158 ott

157 233 202 290 cst
215 235 274 290 Noe
292 228 474 287 :intellectus
488 228 639 286 rationalis
654 230 681 283 et
692 243 796 283 sensus
809 224 979 300 spiritualis,
995 224 1019 280 A
1036 226 1172 301 tapheth,
1189 227 1273 284 idest
1284 225 1416 302 populus
1430 225 1591 299 gentilisad
1601 226 1692 282 tidem
1704 226 1866 295 conversis,

157 321 302 381 affectaris
316 320 413 377 bonas
428 319 605 375 voluntates.
622 315 777 385 Animalia,
799 333 890 390 opera
916 333 983 389 quae
1037 317 1128 390 pallio
1143 317 1273 386 verenda
1283 316 1375 391 patris
1388 316 1514 390 operuit,
1525 315 1597 388 quia
1607 314 1779 388 passionem
1791 315 1869 374 Chri·

158 396 368 469 eirea‘terrcna
380 412 515 480 agentur.
539 407 693 464 Volucres:
722 405 923 476 cogitationes
952 408 984 461 Et
1038 405 1074 462 sti
1085 423 1148 462 non
1162 404 1321 474 (luteciam,
1339 405 1391 462 sed
1412 405 1501 462 totins
1528 404 1643 460 virtutis
1668 404 1818 474 effectum,
1842 409 1870 461 et

157 494 313 558 inundatio
326 514 484 572 aquarum,
500 497 629 570 impetus
644 495 849 552 tentationum.
874 497 984 552 Montes
1037 512 1140 552 verum
1153 496 1292 551 hunranae
1306 494 1521 567 redemptionis
1536 492 1626 549 fnisse
1646 497 1868 550 sacramentum

157 589 313 657 Armeniis,
329 584 453 644 altitudo
466 584 726 659 contemplationis
739 583 858 640 divinae.
1038 583 1175 640 ostendit.
1194 583 1276 640 L'ndc
1291 586 1320 640 et
1333 584 1475 641 Chanaan
1490 581 1569 638 filius
1581 580 1673 639 Charn
1688 582 1870 639 maledictio-

301 677 367 735 tlan.
383 678 435 734 XV.
448 676 532 733 -De
543 691 639 741 coreo,
654 679 680 732 ct
695 673 841 731 coloratio.
1039 689 1077 728 nc
1090 672 1221 746 punitur,
1236 671 1308 745 quia
1320 672 1491 729 tiulaeorum
1515 671 1673 745 progenies
1697 672 1869 727 ludaeorum

193 771 315 832 Corvus,
331 765 383 840 qui
397 766 435 821 dc
450 781 520 821 area
530 763 656 820 emissus
667 767 710 819 est
724 766 753 818 et
762 778 823 818 non
835 765 878 818 est
891 777 985 818 rever-

158 875 218 925 sae,
235 854 382 926 signifieat
394 852 485 909 salsos
501 851 690 919 Christianos
706 850 840 924 quidum
852 850 985 923 aliquan-

158 945 197 1002 do
211 952 304 1001 eausa
318 941 499 998 necessitatis
512 940 551 997 ad
564 940 708 997 exteriora
723 939 890 1004 mitttmtur,
914 937 985 994 loris

1039 760 1246 817 maledictione
1261 761 1431 817 damnatur.
1449 764 1482 816 Et
1496 763 1572 828 Sem,
1589 766 1617 817 et
1629 760 1765 833 tapheth,
1783 760 1870 816 idest

1039 849 1170 925 populus
1204 867 1241 906 ex
1266 853 1392 923 utraque
1416 854 1502 920 gente
1529 867 1699 919 conversus,
1725 853 1870 923 perpetua

1039 937 1245 995 benedictione
1259 939 1377 995 ditatm‘.
1393 941 1427 995 Et
1446 940 1588 996 Chanaan
1612 937 1689 994 tilius
1716 940 1810 995 Cham
1837 939 1870 994 tit

157 1035 313 1090 remanent
329 1030 420 1103 :qnia
434 1027 600 1087 visibilibus
615 1027 769 1096 inhiarent,
791 1042 985 1099 nequaquam
1041 1045 1144 1084 servus
1156 1027 1403 1101 servorum,qnia
1413 1027 1548 1084 infideles
1559 1044 1745 1084 successores
1774 1027 1869 1084 ludin-

158 1121 198 1178 ad
212 1119 382 1176 interiorem
396 1117 525 1192 quietem
545 1120 745 1184 revc1·tuntur;
762 1117 835 1171 dum
857 1115 927 1171 ioris
955 1115 985 1170 in
1040 1134 1128 1174 orum
1140 1116 1217 1173 servi
1230 1121 1300 1172 sunt
1314 1116 1559 1183 Christianorum,
1570 1116 1802 1190 quiaChristiani
1811 1134 1868 1173 scr-

158 1205 351 1266 tlnetuationc
378 1206 590 1280 temporalimn
617 1205 810 1261 delectantur.
840 1203 986 1261 Columba
1040 1207 1070 1262 vi
1082 1210 1151 1262 sunt
1162 1205 1276 1274 Christi,
1293 1205 1341 1262 cni
1353 1206 1461 1263 servire
1475 1222 1601 1275 regnare
1614 1209 1666 1261 est.
1695 1209 1754 1261 Noe
1781 1205 1870 1276 igitur

157 1315 239 1365 vere,
255 1316 322 1372 quae
336 1313 454 1353 reversa
470 1299 522 1364 est,
538 1295 635 1351 bonos
656 1293 812 1366 signifieat,
837 1293 889 1367 qui
912 1293 985 1349 dum
1041 1295 1388 1366 Ch1·istns,vinea,gens
1415 1295 1547 1361 ludaico,
1573 1295 1738 1363 inebriatio,
1758 1296 1868 1368 passio,

158 1404 213 1461 pro
226 1384 400 1442 necessitate
415 1383 621 1457 proximorum
645 1383 683 1439 acl
712 1382 857 1439 exteriora
884 1398 986 1456 proce·
1040 1382 1144 1441 mortis
1155 1383 1335 1441 obdormitio
1352 1383 1524 1451 (leundatio,
1539 1401 1614 1440 verae
1629 1383 1804 1440 luunilitatis
1822 1385 1870 1439 de·

158 1474 242 1544 dunt,
256 1472 391 1542 redeunt,
407 1474 481 1529 dum
496 1471 566 1529 loris
582 1472 712 1546 quietem
731 1489 792 1528 non
821 1471 984 1539 inveniunt,

1040 1473 1216 1530 monstratio
1232 1491 1238 1540 ;
1257 1472 1366 1529 derisio
1393 1474 1485 1530 Cham
1509 1472 1661 1542 derogatio
1688 1472 1867 1540 ludaeorum,

159 1569 188 1622 et
200 1560 329 1622 afferunt
342 1579 461 1619 ramum
487 1561 583 1627 olivie,
610 1561 681 1635 quia
704 1564 883 1634 peregerunt
910 1575 986 1633 opus
1001 1579 1021 1634 Β
1042 1566 1109 1622 Sem
1126 1563 1288 1636 etlaplreth
1298 1563 1472 1636 duepopuli
1484 1563 1646 1627 eredentes,
1659 1566 1868 1619 vestimentum

159 1649 378 1711 misericordiae.

311 1744 378 1799 Cae.
395 1744 459 1798 xvi.
472 1774 506 1781 -
519 1743 562 1797 De
576 1738 666 1796 iridis
681 1740 839 1797 coloribus.

196 1826 256 1899 trie,
277 1827 460 1886 idestarcns
480 1827 611 1896 caelestis,
640 1829 717 1884 duos
743 1827 834 1884 habet
863 1826 986 1882 colores,

1043 1657 1280 1709 sacramentum:
1296 1651 1466 1740 maledictio
1475 1650 1676 1709 Chanaanlllii
1686 1653 1780 1709 Cham
1789 1652 1870 1709 (lam-

1043 1742 1124 1799 natio
1134 1746 1177 1798 est
1189 1746 1217 1797 et
1230 1740 1375 1814 dispersio
1389 1741 1518 1797 iudaicae
1531 1741 1637 1812 gentis.

1114 1836 1180 1888 Car.
1198 1831 1457 1888 xvttt.-Moratts
1472 1833 1617 1888 sententio
1632 1830 1668 1887 cie
1682 1830 1792 1888 eodem.

159 1915 274 1976 Primus
287 1917 369 1975 color
383 1923 427 1975 est
439 1915 550 1985 viridis,
568 1916 717 1973 secundus
736 1917 859 1973 rubeus.
884 1915 988 1971 Viridis
1077 1923 1136 1976 Noe
1148 1919 1294 1991 signifieat
1306 1918 1461 1993 praelatos:
1478 1921 1530 1993 qui
1544 1921 1619 1975 dum
1631 1920 1707 1976 bene
1728 1921 1867 1992 praesunt.

160 2002 308 2080 significat
319 2006 468 2081 judicium
481 2006 564 2080 quod
579 2004 736 2062 lecitDeus
765 2005 795 2061 in
823 2003 987 2079 primordio
1042 2008 1528 2084 quasitotfiliorumsuntpatres,
1544 2014 1617 2082 quot
1639 2013 1707 2065 sunt
1722 2013 1869 2064 rectorum

159 2113 213 2172 per
223 2114 335 2171 aquam
343 2093 579 2153 diluviiltubeus
589 2094 736 2167 signifieat
742 2093 988 2168 judieiinmquod
1043 2102 1180 2155 rectores.
1197 2099 1253 2165 Qui
1267 2097 1404 2171 plantant
1416 2098 1546 2166 vineam,
1563 2097 1636 2153 dum
1652 2097 1802 2152 mitificant
1822 2098 1869 2150 lic-

160 2190 238 2244 Deus
251 2186 383 2243 facturus
399 2189 443 2242 est
457 2201 511 2258 per
525 2185 625 2254 ignem
640 2183 740 2240 infine
760 2183 876 2240 mundi.
903 2186 988 2255 Aqua
1043 2189 1182 2245 alesiam:
1199 2188 1236 2244 de
1249 2189 1335 2259 enjus
1349 2187 1418 2244 rino
1431 2187 1624 2255 inebriantur,
1641 2187 1714 2243 dum
1741 2187 1779 2242 de
1809 2202 1869 2240 suc·

159 2291 292 2348 namque
306 2274 424 2331 virescit
439 2277 467 2330 ct
482 2274 558 2344 ignis
570 2273 710 2330 rubescit.
1043 2272 1870 2350 cessavirtutumetregiminissuiprosperitate,humana

195 2366 262 2422 ttae.
276 2365 537 2426 xliii—Deoineo
548 2364 618 2429 Noc,
632 2367 659 2420 et
670 2365 733 2434 ejus
745 2362 950 2420 inebriatione.
1043 2366 1180 2440 pulsante
1193 2365 1373 2433 infirmitate,
1389 2365 1436 2421 vel
1452 2366 1491 2421 ad
1512 2365 1666 2421 modicum
1695 2362 1867 2434 gloriantur.

194 2452 353 2511 l'tontooit
367 2453 427 2511 Noe
440 2454 567 2521 cineam,
583 2459 612 2510 et
627 2452 792 2510 inebriatos
806 2457 859 2524 est,
882 2456 910 2508 et
936 2467 989 2506 titt·
1044 2458 1077 2511 Et
1090 2455 1221 2511 verenda
1234 2471 1338 2511 eorum
1348 2454 1548 2521 denudantur,
1563 2453 1637 2509 dum
1652 2456 1803 2527 conceptae
1818 2453 1870 2508 ha-

159 2542 259 2601 dattts.
275 2543 360 2612 ancl
374 2560 439 2599 curu
454 2542 573 2600 vidisset
591 2543 696 2610 Ciani,
712 2542 826 2614 derisit,
847 2542 898 2597 sed
920 2542 988 2596 Sem
1043 2562 1141 2601 manae
1156 2544 1340 2614 gloriationis
1356 2544 1559 2614 cogitationes,
1570 2543 1617 2599 rel
1632 2559 1685 2616 per
1705 2542 1870 2616 quamlibet

104 2662 118 2672 ··
160 2633 310 2703 etiophet
325 2639 675 2703 cooperueruntpotieni.
689 2632 918 2688 UndeetChorn
933 2646 989 2686 me-
1041 2635 1226 2705 jactantiam,
1241 2630 1286 2689 vel
1301 2649 1355 2705 per
1369 2633 1490 2689 inanem
1505 2633 1646 2700 laetitiam,
1670 2633 1714 2688 rel
1743 2647 1796 2704 per
1821 2629 1870 2687 ali-

159 2724 469 2779 ruitnioleciictioucm
481 2725 581 2791 petris
594 2723 650 2778 sui.
672 2723 738 2778 Seia
755 2727 783 2777 et
804 2720 914 2791 tophet
934 2719 991 2775 sibi
1043 2739 1136 2796 quam
1151 2722 1280 2795 deniqne
1304 2721 1430 2778 humani
1454 2738 1591 2778 accessus
1610 2719 1869 2792 intemperantiam

159 2815 333 2866 ineruerent
350 2809 589 2864 bericdictioneni.
607 2813 676 2876 Noe,
692 2806 744 2880 qni
758 2807 797 2864 ab
821 2808 917 2865 Adam
936 2806 990 2863 tuit
1043 2809 1258 2866 manifestatur.
1273 2810 1329 2866 Sed
1344 2811 1437 2866 Cham
1451 2810 1582 2866 terenda
1595 2809 1717 2875 deridet,
1734 2809 1805 2882 qum
1826 2824 1870 2863 rc-

159 2897 304 2961 neamus,
321 2895 469 2965 significat
484 2897 643 2965 Christum,
658 2896 709 2968 qui
723 2895 901 2967 decalogum
915 2895 989 2965 legis
1004 2935 1024 2988 C
1043 2897 1129 2972 probi
1146 2898 1257 2970 quique
1273 2897 1347 2953 dnm
1361 2899 1511 2971 quoslibet
1524 2898 1715 2971 prolatorum
1730 2915 1767 2952 ex
1792 2896 1871 2952 intir-

159 2982 328 3058 complevit,
344 2982 381 3040 de
394 3001 455 3058 quo
468 2984 593 3055 legitur:
610 2986 676 3042 Non
687 2988 753 3042 ceni
767 2985 880 3041 solvere
897 2987 988 3055 legem
1042 2988 1144 3044 mitate
1159 2986 1337 3043 eonditIonis
1354 3005 1493 3044 excessus
1509 2987 1665 3061 aspiciunt,
1696 2986 1796 3059 pravis
1820 3002 1871 3041 cos

158 3072 210 3130 rect
223 3073 388 3144 adimplere
402 3070 521 3144 (Metili.
539 3073 575 3145 v).
600 3076 659 3129 Noe
687 3089 758 3128 vero
780 3070 990 3145 interpretatur
1045 3076 1235 3133 sermonibus
1246 3076 1412 3150 discerpere
1423 3083 1450 3134 et
1471 3076 1605 3133 (irridere
1628 3092 1688 3131 non
1714 3074 1869 3131 desistent.

105 3168 110 3174 '
158 3161 286 3235 requies.
304 3164 337 3218 Et
352 3159 484 3219 Christus
498 3166 542 3218 est
556 3161 675 3234 requies
689 3160 835 3216 nostruin
850 3161 990 3233 praesenti
1045 3165 1101 3223 Sed
1114 3168 1191 3234 Sem,
1206 3165 1237 3221 id
1252 3170 1295 3222 est
1322 3166 1395 3222 boni
1419 3164 1651 3238 contemplativi,
1682 3165 1711 3220 in
1740 3181 1870 3237 qnorum

157 3247 361 3323 pergratiam,
377 3247 409 3304 in
424 3247 523 3305 laturo
538 3265 591 3322 per
616 3246 751 3321 gloriam.
778 3245 868 3304 Vinea
895 3247 989 3322 ipsius
1043 3253 1242 3309 tabernaculis
1256 3256 1332 3310 llens
1348 3253 1494 3310 inhabitat
1508 3269 1561 3326 per
1573 3254 1718 3308 internam
1729 3251 1870 3325 quietem.

157 3334 212 3395 fuit
224 3355 298 3410 gens
312 3337 470 3395 lsraclitiea
481 3337 556 3394 sicut
571 3337 715 3411 scriptum
731 3339 774 3393 est
791 3356 796 3393 :
820 3337 910 3394 Vinea
933 3340 990 3393 Do-

157 3426 235 3484 mini
246 3430 432 3485 caeercituum
449 3426 553 3484 domas
567 3427 664 3484 Israel
676 3433 728 3484 cst.
744 3430 813 3494 tluae
841 3426 915 3482 dam
940 3426 989 3482 de-

158 3515 332 3573 buittacere
347 3517 516 3586 accesserit
539 3514 704 3586 labruscos,
728 3521 754 3571 et
779 3532 921 3572 converso
947 3521 989 3572 est

159 3606 190 3661 io
204 3604 439 3661 oritarituctiuem
454 3603 536 3672 (lsai.
554 3609 591 3666 rt.
607 3603 728 3660 Vineam
745 3603 988 3659 Barrnbbadimi-

158 3687 204 3761 sit,
220 3697 248 3749 et
261 3692 470 3767 plantatorem,
500 3696 528 3748 et
554 3691 697 3748 etiltorem
724 3708 812 3748 suurn
841 3692 988 3748 Christum

157 3782 387 3856 vinopassiouis
400 3780 566 3837 inebriavit.
589 3780 644 3847 Oui
671 3797 777 3837 somno
804 3781 907 3837 mertis
937 3781 988 3838 ob-

157 3872 305 3940 dormivit,
322 3878 351 3929 et
364 3871 469 3939 vilitas,
486 3871 516 3926 id
533 3875 576 3927 est
590 3870 764 3939 mortalitas,
779 3887 872 3944 quam
887 3870 924 3928 de
937 3889 988 3929 no·

158 3956 204 4017 bis
220 3966 316 4033 cipro
336 3958 423 4016 nobis
445 3962 657 4032 assumpserat,
683 3957 841 4016 manifesta
867 3977 988 4034 compa-

158 4047 225 4105 ruit.
240 4051 334 4115 Quem
349 4047 450 4103 infelix
470 4050 573 4118 Cham,
589 4047 620 4103 id
633 4053 677 4104 cst
688 4046 860 4106 incredulus
870 4050 987 4107 iudaeo-

157 4154 225 4193 rum
240 4134 370 4210 populas
385 4135 494 4205 derisit,
518 4136 642 4194 dicens:
670 4139 755 4194 Alios
783 4141 881 4196 saletos
903 4141 985 4213 fecit,

157 4229 285 4298 seipsam
294 4232 456 4298 ricopotest
469 4230 585 4285 salvom
595 4230 707 4299 secere.
716 4229 752 4285 Si
762 4244 816 4286 rear
834 4229 930 4286 Israel
944 4236 987 4287 est

157 4316 316 4374 descendet
337 4333 418 4374 none
440 4317 476 4374 cie
498 4333 595 4390 eruce,
611 4324 637 4374 ct
658 4316 810 4375 credemus
828 4318 983 4385 ci'uliotth.

157 4411 258 4476 xxva).
276 4404 333 4465 Sed
347 4409 424 4475 Sem,
440 4405 472 4462 id
487 4411 532 4463 est
545 4407 672 4480 apostoli
685 4409 713 4463 et
725 4405 821 4462 caeteri
835 4405 984 4480 discipali,

156 4495 368 4570 etquicunque
381 4494 537 4554 exludaeis
551 4494 582 4552 in
606 4494 706 4570 ipsum
731 4494 930 4564 erediderunt,
958 4500 986 4553 et

1043 3341 1220 3414 etlaplreth‚
1236 3341 1325 3398 idest
1350 3342 1421 3399 honi
1445 3343 1540 3410 actisi,
1569 3358 1645 3414 quos
1672 3344 1749 3396 licus
1768 3339 1873 3395 dilatat

1043 3427 1226 3503 perbonam
1254 3430 1412 3498 actionem,
1439 3430 1513 3485 dum
1539 3429 1658 3485 intirma
1679 3427 1872 3500 praelatorum

1043 3518 1230 3575 dissimulare
1256 3522 1284 3575 et
1318 3535 1459 3575 exerasare
1489 3522 1637 3590 satagtmt,
1666 3517 1752 3590 qnasi
1781 3513 1871 3589 pallio

1043 3607 1134 3681 patris
1159 3607 1289 3663 serenda
1314 3607 1461 3681 operiunt.
1492 3611 1525 3663 Et
1548 3609 1641 3665 Citam
1672 3604 1866 3671 maledicitur,

1042 3696 1116 3752 dnm
1131 3712 1294 3770 pravorum
1313 3695 1517 3769 subjectorum
1541 3700 1633 3764 aetus,
1664 3692 1782 3751 servitio
1811 3692 1868 3749 dae·

1043 3801 1169 3841 monum
1183 3783 1404 3857 mancipantur,
1420 3785 1472 3857 qui
1488 3788 1556 3840 sunt
1567 3782 1643 3840 servi
1657 3780 1778 3839 diaboli.
1802 3784 1868 3839 Sem

1043 3890 1113 3930 sero
1140 3877 1169 3930 et
1186 3872 1312 3946 tapheth
1334 3872 1500 3930 benedictio
1526 3872 1673 3938 tribuitur,
1703 3871 1774 3945 qnia
1797 3869 1868 3927 boni

1041 3959 1248 4020 benedictione
1287 3962 1385 4034 prima
1422 3967 1660 4020 remunerantur.
1694 3964 1753 4018 Noe
1781 3957 1869 4031 igitur

1042 4050 1164 4126 praelati,
1189 4051 1240 4107 tilii
1269 4053 1333 4123 ejus
1361 4051 1495 4124 subjecti.
1522 4051 1614 4110 Cham
1638 4049 1768 4124 reprobi,
1801 4051 1866 4106 Sem

1042 4145 1070 4196 et
1089 4140 1216 4213 tapheth
1239 4140 1323 4196 electi
1350 4141 1570 4214 contemplativi
1599 4145 1627 4197 et
1652 4139 1749 4196 activi.
1780 4139 1867 4194 Vinea

1042 4229 1182 4299 Ecclesia,
1196 4228 1353 4286 inebriatio
1369 4230 1513 4301 gloriatio,
1530 4229 1692 4286 denudatio
1717 4227 1866 4300 cogitatio·

1041 4317 1087 4374 nis
1103 4318 1326 4387 demonstratio,
1341 4317 1449 4376 derisio
1468 4318 1630 4391 derogatio,
1647 4318 1762 4391 opertio
1781 4332 1865 4373 excu-

1041 4408 1125 4465 satie.

712 4890 903 4982 LIBER
968 4891 1316 4989 SECUNDUS.

389 5096 434 5151 DE
454 5096 615 5161 REthUlS
634 5097 815 5154 distenas
835 5097 1014 5155 GENESEOS
1033 5101 1078 5154 nn
1096 5102 1264 5159 abundari
1285 5103 1398 5167 USQUE
1418 5104 1464 5157 nh
1484 5102 1633 5160 dorset.

909 5228 1095 5243 μ*

229 5385 294 5439 Can
313 5388 369 5440 1.-
384 5384 426 5439 De
437 5373 519 5440 crito
531 5382 684 5440 dirotano
696 5383 731 5439 dc
747 5389 828 5441 terro
839 5400 904 5441 suo.

192 5470 987 5546 Eprederedeterrotonet‹ireopnotionctauriacoi

159 5556 190 5613 io
199 5560 407 5629 terromqooni
418 5568 622 5620 aionsouoero
636 5562 708 5632 tibh·
717 5568 745 5620 et
755 5562 831 5622 ciebo
842 5579 907 5622 eom
919 5563 982 5636 titi,

1039 5393 1065 5442 et
1074 5387 1180 5442 seruitii
1189 5392 1248 5442 tuo
1259 5384 1379 5455 rtbranr,
1395 5388 1447 5459 qai
1459 5387 1761 5460 interpretaturpotei·
1771 5386 1867 5443 erret-

1038 5492 1097 5545 stu,
1110 5475 1252 5532 etdeinde
1263 5476 1359 5533 (lictus
1370 5477 1583 5546 estrtbrahanr,
1595 5477 1625 5533 lcl
1640 5483 1684 5532 cst
1693 5476 1868 5548 proterenti-

1039 5571 1137 5622 torum
1149 5563 1292 5637 gentium,
1305 5563 1452 5636 significat
1463 5560 1620 5622 Christum.
1638 5568 1703 5638 ipse
1718 5568 1767 5621 est
1783 5566 1869 5638 pater
