3832 6044
67 270 103 324 is
455 275 627 335 innonat.
648 278 829 338 nunciant.
849 282 883 337 IN
903 277 1186 339 PENTATEUCIION.
1207 308 1242 321 -
1261 280 1294 338 IN
1314 280 1392 339 GEN.

67 390 1775 440 Q

102 616 902 776 ADNOTATIONES
939 628 1738 780 IILUGIDATORIAE

558 963 636 1087 IN
681 964 1285 1117 Priuernatium,

431 1265 708 1391 ananan
745 1269 893 1368 amc
932 1272 1101 1373 suar
1140 1180 1412 1368 urrinni

63 1524 98 1581 Ia
115 1524 289 1611 hotonem
307 1527 371 1587 dici
387 1531 567 1603 Hieronymi
584 1534 616 1590 in
634 1534 870 1596 Pentateacbon.
892 1537 966 1610 Cap.
982 1539 1007 1596 I.

63 1597 107 1653 Dc
122 1612 250 1657 maome
263 1601 360 1671 priori
377 1602 450 1659 iibri
464 1604 672 1664 Pentateuctti.
694 1607 769 1680 Cap.
788 1610 829 1667 II.
996 1679 998 1683 ¹
1569 1679 1574 1692 ,

64 1666 150 1736 Quod
165 1668 328 1730 ecribeado
347 1672 482 1732 Genesin
499 1676 616 1748 Mogses
632 1678 695 1749 fait
718 1680 978 1753 nasammonas
1000 1684 1028 1738 et
1046 1679 1204 1752 propbeta,
1233 1684 1261 1738 et
1284 1680 1365 1752 picoti
1391 1678 1450 1739 duo
1469 1684 1540 1739 sant
1562 1696 1594 1737 m
1617 1694 1653 1739 eo
1675 1683 1772 1740 otten-

96 1736 225 1825 deneimq
240 1746 343 1828 utpote
360 1746 591 1830 ceritas'reoum
608 1754 771 1821 gestarum,
790 1758 818 1810 et
833 1696 936 1823 floreno
954 1751 1122 1810 amborum.
1143 1750 1217 1836 dap.
1237 1750 1293 1810 III.

64 1809 134 1877 (iun
149 1816 193 1868 at
211 1818 339 1872 attentio
356 1816 456 1888 Moysi
472 1834 504 1874 en
523 1818 631 1878 Genesi
640 1836 652 1878 .·
669 1827 699 1880 et
716 1837 756 1880 aa
775 1824 876 1881 omnia
894 1824 986 1880 timot
1004 1828 1106 1882 creora
1123 1827 1193 1883 reat.
1214 1821 1289 1897 Gap.
1309 1823 1328 1882 I
1333 1823 1363 1881 V.

63 1882 107 1938 lte
122 1885 258 1942 materia
272 1887 385 1959 mino,
405 1890 526 1960 quando
545 1891 598 1947 abt
613 1898 642 1950 et
659 1895 760 1965 quotu
777 1900 881 1952 meato
898 1896 947 1953 rit.
969 1895 1043 1965 cap.
1070 1895 1101 1951 V.

63 1953 104 2010 Ite
119 1954 267 2025 oporibus
283 1972 338 2017 tea
354 1957 472 2018 dierum
489 1962 648 2021 dictinctio.
669 1965 743 2036 Gap.
770 1966 818 2024 VI.

62 2024 545 2172 Ἢὲιιὲιαριαιῦιηιενὸονιιη
567 2049 659 2107 quom
681 2039 896 2097 sententiarum
920 2038 1071 2111 Geneseos,
1092 2056 1150 2115 per
1171 2037 1294 2113 etagota
1314 2036 1381 2111 sere
1398 2034 1463 2112 (ati
1484 2052 1520 2098 eo
1544 2034 1771 2109 adnotabimus)

62 2166 282 2228 ecunacum
300 2173 488 2244 eapositorie
505 2176 538 2233 ia
556 2176 696 2236 Eundem
715 2194 780 2252 qtae·
799 2181 994 2239 constituunt.
1016 2180 1090 2253 cop.
1117 2181 1195 2243 VIII.

62 2238 283 2300 immtatioace
299 2244 333 2300 ia
351 2245 515 2304 leviticam
534 2246 596 2306 tec
615 2248 725 2308 babent
743 2254 846 2323 capito
859 2267 871 2310 .·
1327 2322 1332 2335 ,
1377 2323 1383 2334 ,

62 2311 102 2369 tte
118 2313 247 2371 nomme
263 2316 402 2389 Levitici,
420 2322 450 2374 et
488 2320 616 2392 amque,
636 2323 669 2378 ia
687 2338 721 2380 eo
743 2323 883 2382 distincte
901 2322 1051 2396 tractatis,
1070 2339 1135 2395 oren
1157 2329 1228 2381 eant
1251 2323 1402 2392 sucronem
1412 2363 1421 2395 ,
1442 2337 1589 2395 pamma,
1614 2327 1769 2397 tannero,

94 2384 164 2443 teca
182 2389 215 2444 et
233 2400 341 2443 cause.
362 2386 437 2472 Gap.
472 2430 482 2461 ,
502 2391 584 2463 qaod
600 2392 738 2459 adnotat,
759 2396 790 2452 ia
808 2395 1035 2454 Pentotcncboa
1053 2400 1106 2452 eat.
1128 2394 1203 2467 dap.
1224 2394 1278 2458 IX.

62 2454 102 2512 ne
117 2455 294 2531 merr'ficiie,
314 2456 474 2532 oblatione,
493 2466 522 2518 et
542 2461 693 2522 libatione.
715 2464 790 2537 Cap.
809 2467 844 2524 II
859 2472 887 2525 et
906 2467 996 2525 totiaa
1017 2465 1089 2523 libri
1107 2466 1144 2528 X.
1410 2539 1419 2553 ⁴
1466 2532 1486 2549 „
1515 2530 1525 2547 ,
1568 2522 1626 2546 .,.
1668 2520 1678 2536 .
1707 2543 1713 2551 ,

62 2526 101 2583 ite
115 2528 262 2597 aaronis
279 2542 299 2588 a
317 2529 424 2602 quibua
440 2532 520 2601 iiunt
535 2532 692 2604 predicto.
715 2536 860 2609 capili.
881 2542 909 2595 et
929 2538 1019 2594 totim
1039 2538 1092 2599 XI.
1165 2558 1223 2608 322
1353 2554 1388 2619 j,
1484 2590 1527 2612 ..
1569 2596 1578 2607 .
1607 2576 1626 2601 ·.
1731 2604 1741 2622 ,

61 2598 755 2683 Deterrporibtuetcaasioiaeiaoffereadi.
778 2608 851 2680 Cap.
871 2609 963 2666 IVet
983 2609 1052 2667 IIII.
1167 2608 1302 2691 ’‘fif-fg
1473 2634 1478 2646 ’
1517 2624 1527 2639 ·
1571 2618 1580 2637 ’

61 2669 100 2726 Ite
118 2670 208 2741 men,
228 2672 329 2729 comio
346 2678 374 2729 et
393 2675 577 2745 expositione
595 2678 724 2736 litterati
740 2681 874 2738 Levita'ci.
896 2679 971 2754 Cap.
997 2681 1066 2739 Vei
1087 2680 1176 2740 XIII?

61 2740 280 2801 idnotationes
296 2758 402 2814 pauca
420 2746 452 2804 ia
469 2747 626 2806 Naoeeroa.
648 2749 722 2821 Cap.
745 2751 827 2810 XIV.
1434 2808 1438 2815 .

62 2812 281 2873 Adnototioaea
298 2816 389 2874 etiam
403 2830 511 2892 poure
530 2819 562 2876 ia
580 2820 949 2895 praeonominatum
973 2824 1039 2888 XV.
1101 2859 1110 2903 3
1157 2848 1247 2902 ,-,,;
1365 2874 1369 2885 .
1424 2847 1431 2856 ·

807 2979 1032 3000 m

63 3129 122 3186 tiu.
146 3131 167 3187 1.
184 3159 222 3171 -
240 3129 277 3186 Ia
290 3130 455 3203 Protooam
469 3132 533 3190 divi
544 3133 723 3206 Hieronymi
736 3137 768 3192 ia
781 3120 889 3193 Penta·
903 3136 927 3191 A
943 3133 1086 3208 adjiciens
1095 3134 1137 3195 illi
1148 3151 1186 3195 ex
1197 3134 1388 3195 translatione
1399 3134 1619 3205 Theodotionis,
1630 3135 1704 3210 ania
1715 3134 1770 3194 mi·

183 3200 315 3260 mem
327 3202 535 3263 mmmmm
548 3207 764 3266 ‘lucidflwit'ae-
944 3242 1002 3284 nus
1016 3230 1084 3283 ante
1097 3225 1254 3284 babuerat.
1270 3224 1380 3283 Deinde
1390 3223 1535 3300 appositis
1548 3223 1670 3283 duabus
1682 3222 1773 3293 nom,

89 3306 266 3366 desiderius
276 3309 434 3384 proprium
454 3327 566 3370 nomon
581 3317 646 3370 cst:
667 3314 737 3371 hinc
750 3314 890 3371 Desiderii
944 3314 975 3372 ld
985 3318 1038 3383 cst,
1053 3313 1194 3372 asterisco
1206 3312 1342 3382 etobelo,
1361 3328 1452 3371 omne
1465 3329 1553 3388 opus,
1564 3311 1596 3370 id
1609 3315 1664 3381 eet,
1678 3315 1773 3371 totam

61 3397 124 3466 mei,
130 3397 318 3456 subauditur
325 3399 428 3469 emici;
437 3400 621 3460 desideratas
628 3403 731 3476 accepi
737 3402 888 3478 epistolas.
944 3404 1050 3462 seriem
1065 3403 1200 3475 ciusdem
1211 3402 1342 3477 uanuae
1352 3401 1489 3461 edItiouis
1500 3399 1775 3460 damnitatem

61 3486 133 3552 auid
142 3503 218 3545 oum
228 3488 348 3547 Daniele
358 3489 477 3548 sortitus
486 3497 531 3550 eat
540 3507 662 3562 nomen,
672 3492 889 3567 quoniamipse
945 3509 1014 3552 cum
1028 3508 1162 3567 namque
1180 3492 1264 3568 quod
1278 3492 1488 3567 interpretatur
1501 3490 1639 3560 steiluila,
1653 3489 1690 3550 iia
1699 3489 1774 3549 loeis

61 3574 162 3633 mnicl
173 3576 224 3634 vie
232 3576 451 3638 desideriorum
464 3586 588 3640 vocatus
600 3586 645 3641 est
658 3583 699 3640 ab
709 3583 837 3655 angelo;
852 3583 890 3641 si·
944 3582 1085 3657 apposuit
1093 3581 1146 3641 ubi
1160 3582 1327 3655 adiectione
1341 3581 1429 3652 iacta,
1438 3597 1509 3656 qum
1521 3581 1623 3640 minus
1636 3584 1706 3640 ante
1712 3579 1775 3639 iuo-

61 3671 105 3723 cnt
116 3664 176 3723 istc
187 3682 273 3725 nunc
288 3668 457 3727 Desiderius
468 3670 646 3745 appellatur.
662 3671 749 3739 Quod
759 3673 890 3731 vocabu·
943 3675 1022 3740 runt,
1034 3671 1203 3747 supplendo
1216 3670 1441 3731 dilucidaverat.
1454 3670 1580 3730 obolum
1594 3668 1774 3744 veroitruod

60 3753 119 3813 lum
130 3755 285 3830 prasagIo
300 3758 436 3831 quodam
448 3759 617 3818 tatarorum
634 3760 808 3836 impositum
820 3761 890 3820 dici·
944 3776 1049 3819 verum
1059 3760 1176 3829 dicitur,
1185 3760 1258 3835 quia
1268 3776 1304 3818 ca
1312 3760 1424 3835 quibus
1434 3758 1597 3834 apponitur
1605 3757 1694 3833 quari
1703 3772 1773 3816 con·

60 3848 112 3911 tur,
126 3848 163 3903 ut
182 3844 217 3903 in
233 3861 272 3905 oo
290 3847 374 3921 quod
386 3848 554 3921 itesidcrius
574 3855 699 3909 vocatum
711 3855 764 3921 est,
776 3851 890 3910 doside·
944 3849 1086 3909 fodienda
1097 3852 1128 3908 ct
1138 3848 1315 3923 perimenda
1327 3848 1484 3920 significat,
1496 3844 1689 3921 adjunmtiia
1703 3862 1774 3921 qua

60 3932 186 3992 rabilem
207 3933 354 4006 intimam,
375 3936 424 3997 vol
434 3937 645 3998 desiderabilia
668 3939 889 4014 postulaturum
944 3939 1051 3997 cadem
1075 3936 1165 3996 editio
1188 3938 1313 4015 mique
1336 3936 1490 4012 superflua
1512 3935 1685 3997 continebat
1704 3934 1772 4010 (ιθ).

60 4019 287 4093 significaretur.
309 4027 528 4085 Penmteuchon
549 4042 681 4098 grecum
699 4044 810 4087 nomen
835 4034 888 4098 cst,
944 4027 1031 4094 Quod
1049 4043 1121 4086 vero
1133 4026 1312 4102 supradicte
1326 4025 1448 4086 editioni
1465 4025 1658 4102 Septuaginta
1678 4023 1775 4126 mutto

60 4111 140 4184 quod
151 4111 184 4169 in
195 4111 322 4171 latium
332 4113 468 4187 linguam
477 4116 654 4175 mandatum
663 4117 798 4192 quinque
807 4117 890 4176 rolu-
943 4116 1041 4175 desInt
1053 4133 1122 4191 qua
1135 4116 1167 4174 in
1181 4115 1328 4175 Hebraico
1339 4115 1460 4174 veritate
1474 4115 1673 4190 reperiuntur,
1687 4129 1726 4171 ex
1737 4129 1774 4173 us

60 4202 178 4260 minum
202 4202 520 4278 interneciuum
548 4212 637 4281 pente
665 4208 746 4266 enim
778 4223 888 4280 grece,
944 4205 1202 4281 ostenditurque
1227 4204 1485 4277 evangelistarum
1511 4209 1541 4263 et
1561 4201 1773 4280 Apostolomm

60 4290 147 4349 latine
165 4296 256 4351 sonat
276 4293 409 4368 quinque
425 4313 432 4364 ;
455 4297 560 4365 rann,
582 4298 715 4366 teuchos,
736 4297 888 4356 volumen.
944 4294 1104 4353 auctoritas
1117 4294 1321 4369 promulgavit
1331 4311 1339 4364 ;
1351 4294 1384 4351 in
1397 4292 1509 4368 quum
1522 4292 1667 4392 musitando
1678 4288 1774 4350 Veteri

61 4380 129 4439 iiiuc
140 4381 365 4441 Peumteuchon
379 4398 457 4458 opus
475 4384 609 4460 quinque
623 4386 812 4445 voluminum
826 4385 889 4443 sinc
943 4386 1131 4444 Testamenta
1143 4382 1282 4455 legimus,
1300 4399 1371 4458 que
1383 4381 1415 4439 in
1427 4379 1537 4438 nocuis
1558 4377 1713 4437 codicibus
1728 4394 1773 4437 aa·

62 4469 216 4529 librorum.
231 4469 385 4542 Significat
392 4477 493 4531 auum
502 4474 637 4549 quinque
646 4475 738 4534 libros
747 4475 822 4547 legis
829 4475 889 4533 edi·
906 4442 927 4496 Β
943 4473 1078 4531 cundum
1091 4472 1281 4547 septuaginta
1293 4471 1468 4545 interpretes
1481 4485 1543 4527 non
1556 4467 1724 4527 habentur:
1740 4470 1775 4529 ut

63 4563 103 4615 tos
114 4576 135 4617 a
146 4562 257 4633 itoyse.
271 4561 525 4633 Suggillationem,
537 4563 750 4623 detractionem
764 4564 826 4622 sire
835 4581 887 4639 cp
942 4567 986 4622 est
995 4562 1083 4621 illud:
1098 4565 1275 4635 ExAEgypto
1284 4559 1391 4619 rocavi
1400 4558 1498 4619 tilium
1507 4573 1620 4629 meum,
1627 4561 1657 4617 ot
1664 4560 1774 4661 cantora

64 4650 246 4720 pressionem
258 4649 634 4726 quidaminterpretantur,
648 4654 735 4729 quasi
748 4653 888 4725 subgula·
942 4653 972 4710 in
985 4652 1081 4710 littera
1103 4668 1173 4726 qum
1195 4655 1376 4726 sequuntur;
1398 4666 1467 4725 qum
1490 4649 1594 4709 omnia
1614 4664 1773 4724 propritim

64 4737 172 4796 donem
184 4754 204 4796 a
214 4737 312 4796 subet
322 4738 393 4811 gula
404 4759 410 4798 :
423 4739 498 4801 sicut
508 4741 663 4801 suffocatio
673 4742 759 4817 quasi
768 4742 889 4801 subtau-
943 4741 1151 4816 syntagmata
1160 4744 1204 4801 cst
1214 4740 1462 4816 compositionem
1470 4740 1637 4815 requirunt.
1646 4742 1689 4799 No
1698 4738 1773 4799 torto

64 4827 136 4885 catio
155 4842 175 4885 a
197 4827 255 4885 sub
274 4831 303 4885 et
319 4827 406 4887 iaucc
421 4829 538 4891 dicitur.
562 4835 604 4890 lta
625 4831 780 4903 ingenium
800 4832 888 4907 quasi
942 4832 1009 4906 quis
1022 4831 1111 4901 dicat,
1124 4832 1183 4889 hoc
1197 4831 1227 4889 iu
1240 4829 1384 4889 Hebraico
1395 4829 1516 4889 veritato
1528 4829 1698 4890 secundum
1707 4844 1774 4889 aeu-

65 4914 165 4973 vinum
186 4916 359 4991 probantes,
374 4934 437 4993 quo
455 4921 681 4994 superveniente
702 4937 783 4979 novo
804 4926 888 4979 vctus
942 4938 1020 4990 sum,
1036 4925 1065 4979 et
1077 4937 1139 4979 non
1152 4922 1192 4979 ud
1207 4920 1335 4979 verbum
1349 4920 1492 4979 contineri
1504 4938 1512 4990 ;
1526 4919 1595 4981 idco
1609 4919 1690 4989 dicii,
1705 4933 1773 4993 pro-

63 5004 188 5073 acescit3
202 5022 273 5063 cum
294 5005 407 5065 eisdem
428 5007 590 5069 similitudo
611 5025 672 5068 non
687 5009 745 5069 sit:
766 5009 838 5084 quia
852 5026 888 5067 ex
942 5010 1041 5084 prium
1055 5015 1216 5085 syntagma
1229 5009 1411 5080 desiderant,
1425 5015 1459 5069 ut
1470 5026 1596 5069 suorum
1609 5008 1772 5108 verborum

63 5108 151 5151 sensu
159 5095 354 5168 prementium
364 5096 505 5172 sapientis
514 5098 707 5173 andquorum
714 5099 831 5157 dulcior
838 5115 889 5173 ap·
942 5099 1040 5158 torma
1052 5104 1081 5157 et
1094 5099 1312 5173 compositione
1321 5099 1535 5174 exprimantur.
1552 5097 1628 5167 Quin
1639 5095 1730 5195 Igitur
1740 5110 1772 5153 ιιι

63 5188 143 5254 paret
152 5183 204 5241 viii
214 5184 359 5258 pordano.
369 5185 483 5244 Iudicio
493 5202 562 5246 mco
572 5187 715 5259 exiguum
726 5192 771 5246 est
781 5193 811 5247 et
820 5204 890 5247 con·
943 5187 1136 5263 Septuaginta
1146 5205 1207 5246 non
1219 5188 1420 5255 inveniuntur,
1432 5188 1472 5246 ad
1481 5185 1657 5245 Hebraicam
1666 5186 1773 5243 ιιιιιι-

63 5272 224 5346 temptibiie
233 5273 382 5349 quidquid
399 5273 496 5333 iacere
505 5292 630 5351 poesim
640 5277 670 5335 in
685 5277 778 5335 domo
790 5278 888 5336 Domi·
942 5283 1001 5336 tem
1014 5294 1181 5347 curramus,
1193 5278 1245 5336 ubi
1256 5278 1456 5336 inveniuntur.
1469 5273 1567 5342 Quod,
1578 5272 1665 5331 idest
1675 5272 1772 5333 deice·

62 5361 98 5417 ni.
111 5360 239 5421 EditIoni
249 5362 428 5438 antiqumid
437 5365 673 5424 esttranslationi
684 5368 886 5443 Septuaginta,
941 5373 1005 5426 tum
1017 5384 1099 5426 nunc
1112 5384 1178 5426 osse
1195 5368 1226 5425 in
1248 5366 1442 5442 Septuaginta
1459 5361 1663 5435 translatione,
1683 5364 1772 5425 multi

61 5450 654 5526 coeantquiorcaeterisnranslatoncm
662 5457 885 5516 theodotionis:
940 5457 1122 5530 ignorantes,
1150 5455 1394 5530 apocryphorum
1409 5452 1678 5515 eciicctiibroram
1699 5454 1772 5515 deii-

62 5621 278 5755 st'itt'itiaenhti'sl
292 5623 452 5683 notisride
467 5624 604 5685 diffusius
625 5627 708 5701 apud
723 5629 751 5685 F.
774 5627 888 5685 sixtum
912 5626 943 5685 in
958 5643 1014 5686 sua
1034 5626 1106 5685 niul.
1129 5625 1181 5685 lib.
1204 5642 1244 5694 ιιι,
1270 5629 1382 5699 spart,
1398 5624 1477 5695 eoin
1499 5642 1568 5689 meo
1591 5627 1668 5689 libro
1692 5625 1769 5689 nnc.
