3832 6044
70 115 136 171 toti
390 114 567 172 uxrosrrto
587 116 622 170 ΙΝ
642 115 826 172 eremum.
847 115 1005 172 COELEST.
1027 115 1055 172 S.
1075 117 1237 175 DIONYSll.
1254 149 1288 160 -
1307 121 1372 177 Lm.
1392 121 1462 177 Vlll.
1714 127 1783 182 tota

69 238 132 291 rius
146 235 184 291 ad
201 236 387 292 sanctitatem
403 238 571 311 reparando
587 237 723 295 salvaret.
741 239 787 294 Sic
799 239 899 310 itaque
916 238 939 293 Α
957 235 1142 296 habitabitur
1157 240 1348 298 Hierusalem.
1366 263 1380 293 »
1397 242 1456 299 Sub
1472 242 1579 299 eodem
1601 247 1703 318 utique
1718 261 1783 303 sen-

68 327 164 398 pietas
177 328 229 382 [tei
239 330 362 399 paterne
377 330 540 401 corripiens
555 328 644 399 lsrael
656 332 685 384 et
698 328 818 384 tradens
831 343 900 383 eum
957 344 1002 394 su,
1017 343 1071 400 pro
1087 345 1122 384 eo
1137 330 1219 403 quod
1228 336 1296 403 post
1305 332 1478 388 intcmicien
1491 333 1667 405 captivitatis
1681 335 1784 392 divina

68 415 111 469 in·
131 416 363 487 correptionem,
393 415 503 473 adhoc
530 417 641 472 scilicet
656 420 687 472 ut
706 419 902 487 corrigeretur
957 417 1053 484 gratia
1067 417 1198 490 populus
1213 418 1261 474 ille
1276 421 1307 474 in
1318 423 1434 475 tantum
1444 418 1688 491 multiplicandus
1698 420 1782 488 toret,

67 501 189 557 tradens
205 518 275 558 eum
296 503 480 572 nationibus,
497 503 644 560 Chaldaeis
671 504 828 561 videlicet:
849 521 901 561 na·
957 508 989 559 ut
1003 503 1120 560 ambitu
1134 521 1291 562 murorum
1307 507 1489 564 Hierusalem
1499 506 1700 565 habitantium
1709 508 1785 566 mul-

68 590 201 647 tionibus
228 590 306 659 dico,
336 596 363 647 ct
391 591 613 659 ulciscentibus,
643 597 672 649 et
697 593 899 663 immanibus;
956 592 1051 649 titudo
1066 593 1178 649 includi
1194 601 1379 669 uonpcsset.

68 681 141 752 quia
167 684 196 735 et
224 679 366 750 injuriam
388 683 439 736 Dei
463 679 531 737 ultre
561 686 638 750 sunt,
666 687 695 740 et
718 687 818 739 tamen
843 683 900 739 hoc

69 782 130 824 non
155 767 218 824 zelo
238 768 360 838 justitiae
371 769 424 824 scd
439 769 621 827 crudelitatis
647 769 898 828 iurorefecerunt.
993 773 1174 846 Sequitur:«
1186 774 1265 830 Alter
1279 780 1379 832 autem
1404 775 1612 845 theologorum
1631 775 1781 832 Ezechiel:

68 856 198 914 Tradcns
224 856 293 913 dico
332 857 536 927 traductionc3
564 865 597 916 ut
634 860 744 916 scilicet
768 861 900 917 traduce·
956 865 984 916 et
998 861 1037 917 ab
1049 864 1125 933 ipsa,
1139 864 1246 935 inquit,
1262 865 1319 920 hcc
1341 866 1540 921 sacratissime
1559 865 1784 938 promulgatum

68 950 170 1004 rentur
179 946 217 1002 dc
233 948 329 1019 patria
344 948 375 1002 in
397 947 547 1017 exsilium,
564 950 601 1004 de
626 954 704 1006 terra
717 967 771 1005 sua
786 952 817 1005 in
845 955 900 1006 ter·
955 966 1019 1006 esse
1034 951 1188 1007 cherubim
1203 953 1412 1026 superfirmata
1432 952 1649 1023 gloriosissima
1675 952 1784 1010 divini·

66 1052 134 1093 ram
159 1036 298 1104 alienam,
328 1036 366 1092 dc
379 1039 562 1095 Hierusalem
586 1041 617 1094 in
643 1039 836 1111 Babylonem,
862 1041 899 1096 de
956 1044 1023 1096 tate.
1039 1065 1052 1090 »
1068 1040 1194 1097 Alterius
1223 1041 1352 1113 theologi
1367 1043 1537 1098 testimonio
1559 1042 1677 1114 probat,
1700 1042 1784 1115 quod

66 1124 183 1181 risione
205 1127 288 1197 pacis
317 1126 347 1180 in
376 1127 578 1197 captivitatem
607 1126 815 1184 confusionis:
842 1133 899 1185 tra·
955 1130 1038 1198 dixit,
1055 1130 1782 1204 scilicetquoddivinaconsiliaaprimisangelis

67 1213 208 1269 ductione
235 1216 303 1270 dico
330 1217 502 1284 omnigena,
520 1216 611 1273 idest
637 1217 806 1284 universali,
838 1220 898 1274 sive
955 1221 1128 1277 immediate
1144 1220 1412 1293 suscepta;deinde
1424 1237 1478 1293 per
1492 1220 1646 1276 interiores
1660 1218 1783 1290 angelos

67 1302 199 1373 generali
213 1304 350 1359 omnium
374 1307 562 1375 provisorum
595 1307 625 1360 in
640 1305 757 1374 melius,
773 1307 896 1374 hocesi,
955 1308 1102 1380 usquead
1118 1307 1326 1378 theologorum
1340 1309 1458 1364 animos
1472 1308 1781 1376 deferuntur,hccest,

66 1390 249 1449 adsalutem
275 1391 563 1464 predestinatorum.
580 1396 633 1449 Pcr
646 1394 725 1450 hanc
747 1396 897 1468 siquidem
942 1396 1037 1469 ⁴quod
1051 1398 1107 1452 ait:
1127 1396 1235 1453 «Alter
1252 1396 1460 1466 theologorum
1485 1396 1626 1469 Ezechiel,
1644 1419 1659 1447 »
1674 1395 1784 1453 scilicet

67 1480 272 1551 captivitatem
283 1485 311 1536 et
325 1480 541 1548 reductionem,
568 1498 635 1555 quae
648 1484 679 1538 in
707 1499 769 1539 uno
784 1484 896 1557 populo
954 1486 1010 1542 hoc
1020 1486 1179 1543 consitium
1194 1486 1428 1543 divinumetiam
1439 1486 1478 1542 ab
1489 1488 1555 1559 ipsa
1568 1486 1783 1556 gloriosissima

65 1568 262 1642 corporaliter
290 1568 368 1626 facta
394 1575 437 1626 est
465 1575 600 1627 omnium
627 1572 799 1642 electorum,
829 1579 857 1630 et
879 1591 897 1630 a
915 1590 935 1644 Β
955 1574 1119 1643 divinitate,
1135 1580 1164 1631 et
1177 1574 1386 1648 superfirmata
1396 1576 1596 1632 sacratissime
1610 1574 1783 1649 promulga-

66 1660 238 1731 captivitate
246 1661 361 1731 peccati
372 1659 597 1717 liberandorum
606 1661 703 1717 torma
712 1661 897 1720 demonstra·
954 1667 1019 1719 tum
1042 1679 1106 1720 esse
1129 1662 1303 1719 cherubim:
1330 1664 1397 1732 hoc,
1411 1666 1517 1737 inquit.
1547 1661 1679 1721 Ezechiel
1701 1663 1782 1733 dicit,

67 1751 98 1803 ta
110 1750 162 1804 est.
176 1747 302 1813 Quando
317 1750 406 1817 igitur
420 1747 524 1804 divina
538 1752 632 1823 pietas
647 1751 897 1822 paternctradens
954 1752 1035 1824 quod
1050 1751 1190 1808 divinitas
1205 1753 1272 1825 ipsa
1284 1753 1501 1823 gloriosissima
1519 1756 1549 1808 in
1562 1753 1717 1824 majestate
1736 1768 1783 1809 su-

65 1835 156 1893 tsrael
172 1837 222 1893 tali
239 1837 423 1894 traductione
438 1857 445 1906 ;
470 1843 575 1910 postea
590 1844 617 1895 et
637 1842 838 1912 captivitatem
853 1842 897 1896 di·
954 1840 1126 1912 periirmata
1141 1842 1170 1896 in
1186 1841 1358 1907 eternitate,
1374 1840 1534 1898 consilium
1561 1857 1651 1897 suum
1678 1840 1783 1897 cheru-

66 1927 158 1994 misit,
170 1930 198 1982 et
212 1929 312 2000 ipsum
341 1928 430 1984 lsrael
449 1927 488 1983 ad
513 1930 644 2001 priorem
666 1929 896 1987 henelioentiam
952 1928 1017 1985 bim
1028 1931 1227 1986 sacratissime
1242 1929 1445 2002 promulgavit
1458 1931 1505 1986 vel
1519 1930 1669 1997 revelavit,
1684 1943 1703 1986 a
1716 1930 1783 2002 qui·

64 2014 228 2070 clementer
255 2015 382 2071 reduxit.
411 2018 491 2071 Tunc
507 2038 520 2066 «
537 2017 612 2073 vidit
640 2033 718 2073 unus
746 2018 897 2089 theologo·
952 2019 1010 2074 bus
1028 2018 1394 2091 posteaconsequentibus
1409 2023 1454 2075 est
1474 2019 1631 2075 ordinibus
1658 2017 1783 2074 manile·

63 2120 134 2159 rum
157 2104 315 2160 Zacharias
343 2104 462 2172 scilicet,
493 2121 588 2163 unum
616 2108 783 2178 primorum
809 2123 897 2180 ange·
953 2111 1062 2163 statum
1077 2107 1255 2181 ampliusiu
1284 2110 1386 2178 lpsum
1401 2108 1482 2162 enirn
1498 2106 1595 2174 lsrael,
1616 2110 1649 2162 ut
1666 2104 1781 2161 dictum

65 2192 174 2261 lorum,
204 2215 218 2243 »
248 2193 280 2248 id
307 2198 361 2261 est,
391 2209 486 2248 unum
512 2193 671 2266 deprimis
699 2194 823 2266 angelis,
840 2195 897 2253 hoc
952 2201 1005 2263 est,
1021 2195 1083 2251 dux
1097 2196 1243 2251 exercitus
1268 2195 1452 2263 humanitas,
1468 2210 1522 2268 per
1546 2193 1722 2266 disciplinas
1749 2194 1782 2249 iu

65 2284 112 2337 est
136 2297 232 2337 unum
271 2282 308 2338 de
337 2281 550 2338 excellentibus
575 2287 604 2340 et
625 2286 839 2358 superioribus,
870 2288 899 2341 et
952 2283 1059 2340 melius
1090 2282 1259 2352 traducens,
1285 2285 1400 2340 lustitia
1433 2283 1537 2340 divina
1564 2281 1781 2352 corrigentibus

65 2371 146 2426 circa
157 2372 250 2425 Deum
263 2372 367 2442 positis
393 2369 518 2441 angelis.
543 2374 628 2439 Dicit,
645 2394 659 2422 a
677 2389 771 2429 unum
786 2372 823 2428 de
839 2375 898 2446 pri·
941 2371 1160 2444 respondetur,
1189 2377 1336 2429 correctos
1360 2372 1571 2444 justificavit.»
1596 2371 1780 2438 Humanitas,

64 2461 134 2527 mis,
151 2464 183 2517 ut
197 2476 253 2531 cgo
267 2462 405 2516 existimo
422 2479 428 2516 ε
448 2484 461 2510 n
489 2477 561 2516 nam
581 2462 732 2532 theologia
755 2462 812 2518 hcc
835 2478 897 2519 non
953 2463 1060 2534 inquit,
1076 2460 1108 2516 id
1121 2463 1174 2528 est,
1185 2463 1291 2534 pietas,
1305 2460 1368 2517 dux
1389 2463 1534 2518 exercitus
1549 2462 1611 2517 sive
1638 2461 1782 2530 magistra
1866 2496 1869 2508 .

65 2549 148 2621 dicit,
160 2550 242 2623 quod
256 2550 304 2606 ille
317 2567 395 2607 unus
410 2551 567 2623 deprimis
581 2551 678 2607 fuerit.
694 2552 751 2609 Sed
757 2567 813 2622 ego
822 2555 897 2607 exis·
952 2551 1182 2618 exercitationis,
1194 2550 1352 2607 traducens
1363 2553 1463 2623 ipsum
1474 2549 1562 2606 lsrael
1573 2551 1603 2605 in
1614 2548 1783 2622 meliuspcr

66 2640 152 2707 timo,
165 2639 248 2712 quod
264 2638 312 2695 ille
323 2656 402 2696 unus
415 2639 452 2695 de
477 2641 583 2711 primis
613 2640 677 2709 fuit,
694 2642 766 2713 quia
787 2657 896 2714 praece·
953 2640 1139 2713 disciplinas,
1157 2640 1265 2696 noxios
1276 2640 1497 2708 condemnavit,
1518 2643 1665 2697 correctos
1676 2636 1783 2709 justili-

66 2732 153 2801 ptum
163 2728 202 2784 ab
210 2728 269 2785 alio
278 2731 377 2802 priore
392 2744 453 2784 non
466 2731 591 2802 accepit,
605 2729 657 2786 sed
669 2729 847 2787 mandatum
857 2730 896 2786 ad
952 2731 1041 2797 cavit,
1067 2729 1164 2786 ethoc
1187 2729 1298 2785 scilicet
1318 2729 1467 2800 judicium
1480 2745 1517 2785 ex
1544 2727 1649 2784 divine
1667 2726 1783 2798 justitia

65 2817 232 2874 secundum
251 2818 341 2875 dedit.
369 2818 447 2885 ideo,
474 2820 580 2891 inquit,
608 2841 622 2868 «ι
634 2821 772 2875 existimo
800 2834 866 2889 ego,
882 2842 896 2869 η
955 2818 1152 2891 respondetur
1167 2817 1384 2889 corrigentibus
1395 2818 1519 2889 angelis,
1535 2818 1588 2889 qui
1599 2817 1684 2873 missi
1698 2818 1783 2872 erant

64 2905 290 2978 quodilleunus
303 2906 530 2978 luitprimorum
539 2907 725 2978 angelorum.
736 2908 893 2974 Quomodo
912 2941 932 2994 C
952 2907 991 2964 ad
1005 2907 1213 2980 puniendum:
1228 2907 1311 2979 quod
1326 2907 1439 2963 idcirco
1448 2907 1653 2979 divinapietas
1664 2903 1783 2974 flagella

64 2996 235 3067 primorum
248 2995 433 3065 angelorum,
446 3012 515 3051 cum
530 2996 628 3067 angeli
640 2998 729 3069 primi
745 3014 807 3052 non
826 2999 894 3064 sint,
951 2996 1115 3066 induceret,
1140 2999 1174 3052 ut
1213 2995 1359 3068 reprobos
1391 2994 1616 3061 condemnaret,
1634 2997 1782 3050 correctos

64 3085 214 3156 quoniam
233 3087 285 3156 qui
305 3085 483 3141 ultimi-sunt
497 3091 525 3143 et
538 3085 635 3141 infimi
658 3090 772 3141 tantum
797 3086 895 3155 angeli
949 3085 1136 3156 justificaret.
1164 3085 1214 3140 Vel
1229 3087 1295 3156 ipsa
1315 3085 1419 3140 divina
1443 3085 1559 3154 justitia
1586 3082 1783 3155 respondetur

65 3172 286 3228 nominantur?
321 3177 384 3230 Non
411 3175 517 3246 inquit,
561 3177 603 3231 sic
646 3174 787 3243 angelum
815 3173 893 3230 dico.
952 3173 1171 3242 corrigentibus
1189 3171 1273 3244 quod
1289 3174 1405 3244 justum
1433 3175 1486 3238 est,
1515 3176 1548 3227 ut
1567 3169 1688 3244 reprobi
1714 3186 1785 3227 con·
1896 3195 1898 3206 ·

66 3259 125 3317 Sed
139 3260 303 3316 secundum
314 3261 381 3329 hoc,
394 3263 476 3334 quod
493 3265 662 3318 communis
675 3266 718 3318 est
732 3261 896 3335 aliquando
952 3262 1142 3334 damnentur,
1151 3265 1274 3317 correcti
1282 3260 1491 3332 justificentur.
1504 3259 1555 3315 Vel
1565 3258 1783 3330 corrigentibus

63 3348 218 3417 omnibus
245 3352 322 3406 sicut
346 3367 437 3424 supra
464 3352 578 3408 dictum
601 3356 654 3419 est,
669 3352 734 3406 brec
759 3350 896 3420 angelica
953 3351 1109 3418 Chaldaeis,
1125 3351 1217 3417 idest,
1229 3347 1478 3422 persequentibus
1490 3363 1631 3421 perquos
1644 3350 1783 3420 licuspc
1872 3383 1879 3392 .

64 3441 291 3508 cognominatio
333 3456 413 3495 nunc
437 3456 594 3513 supremos
622 3441 743 3497 ordines
772 3440 896 3510 angelos
951 3440 1058 3514 pulum
1070 3456 1160 3496 suum
1171 3438 1334 3508 flagellavit
1345 3443 1373 3494 ct
1383 3440 1520 3505 correxit,
1536 3453 1573 3494 ex
1585 3436 1690 3493 divina
1698 3436 1784 3508 justi·

63 3542 151 3584 voco.
181 3529 227 3584 Sic
265 3529 367 3602 itaque
393 3545 472 3585 unus
501 3528 709 3599 theologorum
739 3530 896 3586 Zacharias
954 3530 995 3585 tia
1019 3527 1227 3601 respondetur,
1251 3530 1282 3582 ut
1309 3528 1456 3598 recipiant
1486 3527 1563 3583 sicut
1587 3527 1782 3593 meruerunt;

63 3618 139 3674 vidit
166 3635 263 3675 unum
288 3621 455 3691 primorum
484 3620 660 3690 angelornm
684 3621 809 3692 abipso
837 3623 895 3677 lieo
953 3617 1100 3674 israelitas
1110 3622 1211 3673 autem
1227 3620 1374 3673 correctos
1385 3616 1488 3674 divina
1498 3617 1593 3690 pietas
1599 3613 1781 3687 justificavit.

64 3707 230 3763 discentem
244 3707 444 3764 consolatoria
465 3709 566 3777 verba,
582 3708 619 3765 de
641 3709 698 3765 hcc
723 3708 834 3765 scilicet
846 3724 897 3764 ne·
951 3730 965 3758 o
980 3711 1039 3764 lloc
1053 3707 1177 3764 docetur
1193 3708 1310 3780 primus
1325 3712 1393 3781 post
1411 3706 1569 3763 cherubim
1582 3704 1703 3762 lumbos
1718 3719 1784 3776 sap

63 3797 146 3868 gotio
161 3800 350 3871 captivitatis,
364 3800 594 3855 elreductionis‘
608 3799 706 3868 lsrael,
720 3803 753 3856 ut
780 3799 895 3855 dictum
950 3797 1038 3871 phiro
1065 3798 1256 3871 praecinctus,
1282 3798 1335 3869 qui
1363 3796 1474 3868 podere
1496 3795 1582 3866 juxta
1610 3790 1782 3866 symbolum

64 3886 152 3940 estin
175 3885 343 3958 prophetia,
367 3885 478 3942 scilicet
506 3888 600 3959 ipsius
627 3888 786 3944 Zachariae.
818 3887 897 3943 Vidit
953 3886 1174 3943 hierarchicum
1185 3885 1368 3943 induebatur
1384 3902 1390 3941 :
1408 3905 1422 3934 »r
1444 3884 1511 3951 hoc,
1528 3883 1635 3956 inquit,
1645 3880 1784 3937 divinum

65 3975 156 4028 etiam
169 3973 294 4030 alterum
319 3974 522 4047 subjectorum
544 3975 720 4046 augelorum
739 3978 771 4032 in
793 3991 896 4032 occur-
953 3974 1114 4031 consilium
1140 3975 1401 4032 condemnationis
1428 3977 1457 4029 et
1469 3950 1691 4044 justificatio'nis
1705 3967 1784 4025 «do

65 4077 134 4118 sum
148 4063 238 4134 primi
254 4063 352 4133 angeli
377 4066 602 4137 provenientem
616 4062 649 4118 id
669 4068 712 4119 est
726 4068 895 4129 exeuntem,
953 4066 1045 4130 cetur,
1061 4064 1178 4135 primus
1205 4066 1273 4134 post
1286 4061 1443 4118 cherubim
1471 4064 1648 4119 constitutus
1671 4059 1725 4132 qui
1739 4058 1784 4113 in·

64 4150 112 4207 vel
125 4154 364 4222 praevenientem,
374 4152 405 4209 id
420 4157 473 4220 cst,
487 4157 718 4226 praecurrentem
733 4157 897 4225 antequam
953 4148 1102 4204 duehatur
1115 4149 1226 4220 podere
1236 4148 1323 4217 juxta
1334 4148 1507 4219 symbolum
1520 4148 1751 4205 hierarchicum.
1769 4166 1783 4196 »ι

64 4243 197 4307 vocetur,
211 4242 357 4314 tanquam
369 4245 518 4313 paratum,
535 4245 564 4298 et
587 4242 729 4298 devotum
743 4256 797 4314 per
811 4257 842 4297 se
858 4240 895 4296 ad
955 4236 1040 4303 Quod
1051 4237 1131 4292 enim
1145 4240 1213 4307 post
1226 4234 1384 4291 cherubim
1404 4234 1531 4308 quidam
1556 4236 1697 4308 apparuit
1708 4233 1785 4288 ium-

64 4329 298 4400 susceptionem,
313 4335 341 4385 et
353 4331 574 4402 perceptionem
587 4329 815 4386 illuminationis
823 4345 895 4399 suae,
953 4325 1009 4381 bos
1024 4324 1168 4397 sapphiro
1183 4324 1372 4396 praecinctus,
1386 4321 1535 4395 etpodere
1554 4321 1687 4388 indutus,
1704 4336 1784 4392 sym·

64 4431 158 4488 quam
178 4422 357 4490 accepturus
382 4421 446 4473 erat
460 4416 499 4472 ab
515 4415 575 4474 illo.
605 4419 716 4474 Deinde
731 4418 806 4474 vidit
833 4419 898 4489 ipse
953 4413 1058 4469 bolum
1069 4415 1132 4468 erat
1143 4411 1374 4479 hierarchicum,
1387 4410 1419 4466 id
1429 4408 1577 4479 estfigura
1587 4408 1783 4477 hierarchice,

65 4503 223 4560 Zacharias
252 4504 337 4560 illurn
370 4504 538 4562 secundum
578 4505 720 4575 angelum
748 4505 898 4561 eruditum
954 4503 1027 4574 quia
1038 4501 1206 4557 hierarchia
1217 4499 1388 4556 visibilibus
1402 4497 1507 4569 figuris
1525 4499 1617 4554 utitur
1630 4496 1670 4553 ad
1684 4497 1785 4552 invisi·

65 4590 226 4647 consilium
250 4591 289 4647 ab
304 4592 371 4664 ipso
385 4595 485 4665 primo
500 4591 608 4663 angelo
624 4597 770 4664 tanquam
785 4608 803 4647 a
818 4608 898 4648 snm-
953 4590 1062 4646 hilium
1090 4590 1388 4646 demonstrationem.
1403 4590 1437 4644 Et
1449 4602 1512 4643 non
1541 4584 1711 4672 solumille,
1731 4586 1785 4658 qui

65 4693 117 4733 mo
131 4677 296 4744 sacerdote,
311 4683 412 4751 utpote
427 4679 538 4736 scilicet
557 4695 576 4735 a
602 4680 759 4751 superiori,
768 4683 801 4754 et
813 4695 899 4735 sacra
953 4682 1022 4750 post
1037 4674 1195 4734 cherubim
1210 4679 1328 4750 primus
1340 4680 1412 4744 erat,
1426 4674 1550 4732 docetur
1562 4674 1698 4731 divinum
1715 4688 1785 4730 con·

65 4767 155 4824 dante
173 4786 179 4823 :
196 4771 224 4823 et
243 4767 319 4824 vidit
343 4769 434 4825 etiam
458 4769 599 4825 eumdem
620 4767 787 4825 secundum
811 4784 900 4838 ange·
954 4767 1065 4834 silium,
1078 4765 1130 4822 sed
1146 4769 1235 4823 etiam
1255 4765 1373 4838 reliqui,
1398 4767 1451 4840 qui
1475 4768 1650 4838 sequuntur.
1666 4766 1726 4822 lloc
1740 4766 1785 4821 est

65 4855 130 4911 lum
144 4859 249 4929 postea
277 4873 466 4923 conversum,
498 4859 554 4914 hoc
582 4857 689 4915 docere
715 4856 897 4927 theologum,
955 4858 1036 4912 enim
1061 4855 1144 4928 quod
1171 4855 1498 4930 subjungittlieliquos
1526 4859 1627 4913 aulem
1649 4852 1783 4927 angelos,

66 4944 124 4999 hoc
134 4949 177 5000 est
185 4960 364 5000 conversum
378 4948 503 5018 aprimc
518 4946 636 5016 angelo,
646 4948 693 5001 cui
709 4945 897 5013 intendebat;
954 4946 1007 5017 qui
1023 4959 1140 4999 secures
1155 4943 1317 5013 habebant,
1330 4944 1434 5002 divina
1463 4945 1611 5002 ordinatio
1624 4945 1784 5016 imperata

65 5033 106 5092 ad
121 5033 304 5104 theologum,
332 5035 389 5090 hoc
403 5039 447 5092 cst
472 5036 511 5090 ad
527 5038 627 5108 ipsum
653 5036 838 5102 Zachariam,
867 5038 900 5090 ut
955 5033 1049 5105 priori
1072 5032 1172 5088 doceri
1186 5033 1223 5090 de
1248 5034 1306 5091 hoc
1320 5034 1459 5091 divinum
1485 5034 1644 5104 judicium.
1661 5033 1702 5085 De
1726 5029 1783 5086 hoc

65 5137 136 5179 eum
161 5122 290 5191 doceret,
318 5124 375 5179 hoc
413 5124 525 5180 scilicet
550 5124 709 5181 consilium
749 5123 897 5191 divinum,
954 5121 1210 5191 scilicctconsilio,
1225 5124 1286 5179 sivc
1302 5123 1404 5180 dehoc
1418 5138 1508 5195 opere
1520 5123 1622 5177 divina
1635 5116 1784 5175 ordinatio

67 5211 150 5284 quod
164 5214 228 5285 ipse
239 5213 385 5270 didicerat
395 5229 412 5269 a
423 5215 521 5285 primo
530 5214 654 5283 angelo:
669 5214 785 5286 primus
799 5216 898 5268 autem
954 5213 1147 5285 imperatipsi
1157 5211 1314 5268 cherubim
1329 5210 1483 5296 «reliquos
1496 5208 1618 5276 angelos
1632 5205 1733 5261 doceri
1744 5205 1783 5262 ab

68 5299 308 5369 angelusaueo,
336 5302 393 5357 hoc
423 5305 468 5357 cst
491 5305 591 5358 autern
618 5301 787 5369 consilium,
817 5300 899 5373 quod
955 5317 1000 5368 ec,
1019 5323 1032 5351 »
1048 5304 1098 5373 qui
1115 5303 1230 5373 primus
1241 5303 1304 5354 erat
1318 5303 1386 5369 post
1396 5296 1563 5363 cherubim,
1580 5299 1613 5352 ut
1628 5310 1664 5351 eo
1678 5294 1783 5351 ordine

67 5389 132 5461 ipse
159 5392 377 5448 annuntiavit«
408 5393 555 5464 quoniam
584 5392 743 5458 fructuose,
762 5412 775 5439 n
791 5390 822 5446 id
845 5392 898 5462 est,
955 5388 1279 5463 praeccptumdivinum
1288 5384 1785 5458 primumincherubimdescendc·

67 5479 218 5551 copiose«
235 5480 450 5536 habitabitur»
468 5480 650 5536 Hierusalem
677 5477 898 5535 amullitudine
953 5495 995 5544 re,
1012 5475 1120 5532 deinde
1145 5491 1198 5547 per
1224 5474 1380 5531 cherubim
1404 5473 1444 5529 ad
1467 5488 1536 5528 eum
1549 5474 1602 5546 qui
1627 5473 1783 5547 proximus

66 5569 237 5630 hominum.
254 5571 319 5628 Alia
340 5571 494 5647 translatio
519 5570 613 5627 dicit:
630 5569 777 5641 «Absque
803 5569 898 5624 muris
954 5570 1017 5623 erat
1030 5564 1142 5638 podere
1154 5563 1288 5632 indutus,
1312 5578 1366 5636 per
1391 5577 1483 5637 quem
1502 5562 1625 5622 tandem
1647 5563 1687 5623 ed
1714 5577 1784 5619 con-
