3832 6044
32 115 90 185 'tlt
428 112 653 176 damnosas
674 114 706 166 m
727 95 915 166 cristatas
931 114 1042 170 tntilli.
1059 145 1093 154 -—
1110 119 1142 173 ΙΝ
1159 119 1209 174 ΕΡ.
1225 121 1272 174 at)
1287 119 1370 177 ROM.
1701 126 1753 179 lta

40 251 78 289 ex
94 234 151 289 lroc
177 233 278 290 idonei
305 233 427 301 aeram
456 236 503 290 vel
529 237 552 291 si
579 236 686 297 idonei,
715 233 869 307 qrromodo
890 236 970 316 ¹gris
987 241 1224 311 sarpmrenicntis
1240 242 1305 306 sibi,
1321 242 1367 298 rel
1383 242 1456 299 radii
1472 242 1615 311 sotiarat
1636 243 1755 300 alterius

42 325 152 390 sciunt,
167 324 250 397 quod
262 323 339 379 fides
353 323 476 379 daratur
490 324 555 380 eis‘?
571 327 671 379 Nonne
687 322 762 396 Tyrii
778 328 805 378 et
832 323 870 378 Si·
927 325 999 397 qtria
1014 327 1118 382 oculus
1134 329 1254 386 ulterior
1269 331 1310 386 nil
1325 335 1421 403 potest
1433 346 1486 403 per
1500 347 1531 386 se
1546 330 1608 386 sine
1630 329 1755 386 illustra-

40 413 138 468 doncs
151 411 253 468 idonei
262 411 382 468 luerunt
392 414 405 467 ⁴?
420 427 482 467 non
497 416 597 467 tamen
611 412 688 467 lacn
702 416 746 466 est
766 410 872 484 prredi·
928 414 1007 470 tione
1018 415 1172 490 lucisque
1182 418 1330 475 illuminat
1338 435 1459 475 arranem
1470 419 1623 476 hominem
1634 418 1665 475 in
1674 418 1755 475 hunc

42 500 130 557 cutia.
145 499 267 557 Salutio.
280 503 337 556 Nos
352 504 453 555 aarum
482 499 643 561 credimus,
671 498 752 572 qnod
779 502 872 554 iterun
929 503 1078 561 rnumlum
1096 506 1367 564 venientern.ltatio
1377 525 1448 579 ergo
1459 507 1603 564 naturalis
1614 508 1677 565 sine
1690 523 1756 578 gra-

42 588 543 661 gloriticarepotuerrmtcxparte,
561 594 588 644 et
608 588 631 642 si
650 587 786 643 uomlum
808 604 873 660 per·
930 591 1179 667 tiaquidpotcst,
1196 613 1266 651 cum
1283 596 1348 652 talis
1366 596 1416 652 lnx
1438 597 1474 653 sit
1503 612 1538 652 ex
1567 596 1687 665 gratia?
1711 595 1758 652 Ad

43 676 127 745 lecte,
144 676 262 733 sienim
285 679 343 732 lico
358 677 552 732 attribuerent
578 676 662 749 quod
687 680 872 749 acceperant,

42 771 71 822 et
85 767 151 838 eins
167 766 292 834 gloriam
307 771 334 822 et
350 781 409 821 non
422 783 507 821 suam
519 768 695 837 qrnerereut,
713 769 805 821 tirum
831 782 873 818 se.-

42 855 178 912 cundum
194 855 306 929 aliqnid
318 855 516 924 glorilicarent
534 873 539 909 :
557 855 586 910 in
601 871 663 928 quio
692 857 784 909 ltenm
810 854 873 908 dili-

42 949 157 1014 gerent,
170 948 198 1001 ct
213 944 236 998 si
252 960 313 1000 non
329 943 459 1016 perlecto
476 949 607 1016 possent.

80 1033 288 1104 Olijieiturdix
306 1032 355 1088 illa
384 1033 562 1103 cognitione,
591 1048 684 1104 qnam
711 1031 872 1095 lraliclrant,

44 1126 182 1194 poterant
194 1121 298 1177 saltem
314 1137 348 1176 ex
365 1126 448 1194 parte
465 1125 556 1176 iteum
570 1120 712 1186 diligere:
740 1137 810 1187 ergo
838 1137 872 1174 ex

44 1210 187 1266 charitate
203 1210 258 1264 lroe
274 1214 420 1282 poterant,
433 1225 526 1282 qnam
541 1207 703 1276 habehant,
720 1208 767 1263 rel
781 1225 873 1281 qnam

44 1315 106 1355 non
120 1298 485 1366 habebant;scdnonex
503 1314 548 1365 ea,
578 1314 671 1369 quam
696 1314 754 1352 nora
784 1297 874 1353 halre-

44 1387 118 1443 bant
135 1407 141 1443 :
158 1403 229 1458 ergo
243 1404 279 1442 ex
292 1403 337 1455 ea,
352 1403 445 1460 qnam
460 1386 623 1454 liniebant,
639 1385 873 1441 etsielraltelrant

929 682 1010 753 quod
1026 684 1208 755 respondent
1223 684 1346 756 quidam
1362 685 1403 740 sic
1420 703 1426 740 :
1445 689 1475 739 ln
1489 684 1586 756 prima
1609 685 1756 741 creatione

929 773 970 823 est
981 771 1124 841 exposita.
1141 776 1169 826 et
1184 771 1337 844 proposita
1350 771 1478 827 interiori
1494 771 1581 827 oculo
1603 770 1756 829 illustratio

929 875 1055 913 surnuue
1070 859 1144 915 lueis
1161 879 1166 916 :
1191 860 1416 933 quoadusque
1443 864 1471 915 ct
1485 860 1524 916 ad
1551 877 1643 932 quem
1665 860 1754 916 sanem

929 963 982 1020 per
998 966 1027 1001 se
1042 965 1077 1002 cs
1093 948 1142 1003 tali
1156 946 1349 1020 expositione,
1366 953 1394 1003 et
1408 947 1611 1020 propositione
1629 948 1691 1003 sine
1707 945 1757 1002 ali-

930 1052 989 1107 rpra
1007 1035 1101 1104 gratia
1125 1036 1313 1109 superviente
1342 1036 1496 1110 pervenire
1530 1035 1662 1092 valeret:
1688 1051 1756 1107 quae

932 1124 1085 1181 illustratio
1100 1142 1160 1181 nou
1178 1125 1230 1181 luit
1245 1125 1282 1180 dc
1294 1125 1460 1181 substantia
1484 1123 1616 1192 rationis,
1639 1139 1693 1178 nec
1720 1121 1757 1177 dc

930 1215 995 1283 eJus
1009 1219 1126 1282 natura,
1143 1214 1193 1269 scd
1221 1214 1257 1270 de
1282 1214 1362 1270 tlono
1390 1214 1455 1285 ejus
1481 1212 1618 1281 gratuitu.
1647 1214 1758 1268 Tamen

931 1301 1094 1374 potestatui
1114 1302 1195 1374 qirod
1212 1301 1384 1358 naturaliter
1398 1302 1476 1358 videt
1491 1320 1497 1361 :
1514 1301 1595 1375 quia,
1612 1315 1681 1356 eum
1708 1314 1758 1355 na-

931 1396 997 1446 tura
1012 1391 1083 1447 data
1099 1396 1143 1445 est
1157 1391 1292 1464 aptitudo
1308 1395 1335 1446 ct
1346 1390 1491 1447 idoneitas
1519 1388 1640 1446 ridendi
1667 1402 1757 1460 expo-

44 1474 235 1531 dilectionem
246 1474 305 1542 liei,
318 1479 347 1530 ct
362 1474 402 1529 sie
414 1469 496 1543 digni
519 1475 623 1530 salute.
655 1475 775 1530 Salutio.
802 1478 875 1529 tlon·
931 1480 985 1534 sita
1000 1478 1049 1534 illa
1064 1478 1129 1534 luite
1146 1499 1152 1535 :
1169 1480 1206 1535 de
1218 1496 1280 1552 qna
1295 1495 1393 1535 sermo
1408 1478 1567 1552 praecessit.
1585 1475 1757 1550 ltaquesinc

45 1564 215 1620 cedendum
229 1569 274 1621 est
299 1562 381 1636 quod
411 1566 504 1618 lteram
529 1563 650 1632 diligere
679 1568 815 1636 poterant
839 1578 873 1616 ex
895 1567 1111 1660 R‹rnrnimoda
1126 1566 1220 1636 gratia
1239 1566 1281 1622 nil
1295 1572 1391 1640 potest
1403 1567 1504 1623 videre
1519 1562 1755 1622 oenlnsmcntis:

45 1653 199 1720 charitate,
213 1668 306 1725 quam
320 1650 491 1717 halielrant;
508 1667 568 1707 non
585 1656 684 1707 tamen
706 1650 876 1723 simpliciter
931 1660 1028 1729 potest
1044 1659 1142 1711 tamen
1158 1655 1235 1711 bene
1255 1655 1318 1710 sine
1330 1657 1424 1725 gratia
1449 1653 1674 1728 superveniente
1700 1650 1759 1707 alia

45 1741 269 1797 dicendumest
289 1741 371 1815 quod
394 1740 445 1796 lici
472 1740 642 1797 habuerunt
662 1739 874 1796 dilectionem:
931 1743 970 1798 ali
986 1742 1044 1812 illa,
1060 1761 1128 1816 ⁴aute
1145 1743 1250 1800 collata
1266 1749 1392 1800 csteum
1414 1748 1530 1811 natura,
1559 1758 1627 1816 quae
1657 1755 1758 1812 super·

46 1833 124 1887 sicut
138 1830 191 1887 iste
219 1830 356 1886 infirmus
381 1836 409 1886 et
434 1829 539 1885 dennis
568 1834 666 1902 portat
684 1829 816 1902 lapidem
840 1846 875 1884 cx
931 1833 1054 1888 veniens
1070 1833 1164 1902 gratia
1175 1831 1304 1888 maxime
1320 1832 1394 1888 solet
1407 1832 1465 1889 dici
1480 1832 1584 1902 gratia.

45 1918 228 1987 fortitudine,
243 1934 335 1991 quam
365 1917 473 1984 lraliet3
499 1934 553 1972 nec
587 1921 688 1973 tamen
716 1916 876 1972 dicendum
968 1925 1096 1987 oresrra
1112 1924 1200 1977 xtatl.
1216 1921 1351 1977 Tradidit
1366 1922 1435 1977 illas
1455 1923 1531 1978 Dens
1550 1921 1582 1975 in
1611 1917 1758 1974 ‹tesideraa

44 2013 89 2062 est
97 2005 266 2080 simpliciter
278 2004 430 2061 hnnccsse
440 2004 606 2074 ior·tem,rel
614 2004 723 2060 haltere
733 2003 877 2060 tortitudi-
932 2011 1030 2065 car-(tis
1045 2011 1100 2081 sai,
1117 2016 1145 2066 et
1159 1997 1190 2065 in
1202 2011 1357 2080 passiones
1374 2010 1555 2080 ignorariniee,
1584 2013 1611 2063 et
1639 2009 1669 2061 in
1696 2019 1760 2061 sen·

46 2112 127 2152 uem.
145 2098 207 2151 Non
223 2096 304 2151 enim
315 2094 507 2150 concedimus
524 2094 608 2167 rprrod
621 2094 672 2162 illi,
689 2094 741 2167 qui
756 2094 785 2150 in
799 2110 877 2149 nior·
932 2116 997 2154 suin
1012 2098 1181 2168 reprobam.
1199 2101 1239 2153 Ex
1272 2097 1317 2152 his
1341 2095 1576 2157 auetoritatibus.
1603 2099 1631 2151 et
1657 2091 1758 2150 multis

48 2185 101 2240 tali
115 2190 238 2257 peceato
253 2189 330 2252 sunt,
358 2184 473 2241 nullum
503 2184 619 2240 lionam
647 2201 723 2257 opus
751 2189 877 2258 possunt
932 2188 1007 2249 aliis,
1025 2193 1057 2242 nt
1071 2192 1114 2243 est
1127 2186 1198 2243 illud
1214 2187 1320 2242 :Dedit
1335 2188 1396 2241 iilis
1412 2183 1759 2256 spiritamcontpanetio·

47 2274 155 2343 faeere,
171 2274 493 2347 utquidamsentiunt‚
508 2274 877 2331 sedrrrtrltaiaciuntliona
932 2281 989 2350 nis,
1006 2285 1037 2333 ut
1062 2278 1193 2333 ridentes
1217 2292 1276 2332 reon
1303 2276 1434 2347 videant,
1462 2283 1490 2331 et
1517 2275 1670 2330 assilientes
1698 2287 1757 2327 reon

46 2364 168 2421 licetad
182 2364 529 2420 serlrdcminsuffieientia
546 2370 666 2437 propter
687 2365 786 2436 majus
816 2381 877 2420 ma-
932 2367 1069 2423 audiant.
1086 2366 1179 2437 (Bora.
1198 2369 1248 2431 xi).
1265 2363 1405 2420 Etillnd:
1434 2363 1614 2418 Indaratum
1639 2365 1681 2417 est
1707 2374 1759 2414 cor

47 2452 112 2508 lum
127 2453 210 2525 qaod
225 2453 347 2510 habent.
557 2443 560 2448 ’
931 2456 1103 2512 Pharaonis
1116 2453 1225 2522 (daed.
1242 2454 1297 2525 ru).
1311 2455 1344 2508 Et
1358 2451 1430 2507 illud
1448 2470 1454 2507 :
1471 2451 1559 2520 Quem
1580 2450 1644 2506 nteit
1671 2447 1758 2504 inda-

85 2543 214 2607 01'AEST10
232 2544 283 2598 XL·
300 2545 343 2597 An
373 2543 447 2599 ratio
474 2542 616 2598 naturalis
643 2542 756 2614 aliquid
783 2541 877 2614 possit
932 2551 992 2615 rat,
1004 2546 1091 2612 rarius
1106 2544 1170 2598 arri!
1185 2544 1342 2597 miseretur·
1356 2542 1449 2613 (Rern.
1466 2540 1514 2612 ut).
1532 2542 1572 2594 Ex
1587 2538 1634 2594 his
1647 2541 1676 2594 et
1694 2535 1759 2592 aliis

48 2646 104 2703 per
118 2646 149 2685 se
164 2630 226 2685 sine
243 2630 392 2700 adjutorio
407 2632 531 2701 gratiae?
548 2631 670 2688 Solatio.
686 2631 790 2686 llicunt
812 2631 877 2703 qni·
931 2631 1164 2705 quarnpluribus
1179 2631 1319 2704 quaedam
1347 2628 1428 2685 mala
1456 2628 1594 2685 ridentur
1621 2624 1685 2681 lieri
1708 2623 1758 2680 Dei

47 2720 121 2775 stam
132 2718 459 2791 quodrationatnralis
475 2720 679 2792 multapotest
695 2735 748 2791 per
775 2735 816 2785 se,
847 2724 879 2774 ut
932 2721 1113 2794 operatione.
1128 2719 1311 2789 augustinus
1326 2717 1414 2773 ctiam
1429 2715 1524 2773 multa
1545 2715 1701 2770 coacervat
1728 2710 1759 2766 in

48 2814 174 2881 apparet
202 2809 232 2864 in
264 2808 460 2882 philosophis,
486 2809 538 2882 qui
568 2808 621 2864 soli
650 2808 756 2864 rationi
783 2807 875 2863 innixi
932 2827 1026 2865 uuum
1051 2809 1088 2864 ad
1118 2807 1293 2878 hujusmodi
1319 2807 1360 2862 rei
1386 2796 1605 2880 probationem.
1627 2803 1759 2857 Postmo-

48 2897 144 2953 rnnlta
182 2913 241 2953 non
270 2897 368 2953 solum
395 2898 425 2954 in
453 2898 718 2970 comprehensione
746 2896 875 2953 veritatis
933 2898 1007 2952 dum
1028 2898 1124 2954 inlert.
1153 2899 1193 2952 Ex
1221 2895 1332 2969 quinus
1366 2892 1556 2951 manifestum
1590 2894 1634 2947 est
1666 2892 1759 2946 [teum

48 2986 128 3042 eirca
141 2989 301 3053 creaturas,
318 2986 369 3041 scd
385 2986 474 3042 etiarn
489 2987 567 3041 eirea
582 2988 749 3041 Creatorem
766 3000 875 3054 eogno—
933 2987 1048 3058 operari
1064 2987 1093 3042 in
1109 2985 1249 3041 cordibus
1260 2984 1427 3049 hominum,
1444 2981 1472 3037 in
1501 2980 1589 3037 bonis
1616 2977 1760 3035 inclinan-

49 3079 168 3142 rcrunt,
180 3074 287 3130 scilicet
300 3074 383 3146 quod
396 3077 472 3130 licus
488 3078 540 3142 est,
556 3079 584 3129 ct
599 3090 677 3129 arnus
693 3079 745 3141 cst,
755 3077 781 3128 et
793 3072 876 3144 quod
932 3076 972 3132 do
987 3075 1025 3132 ad
1052 3076 1130 3130 liena
1151 3090 1206 3146 pro
1233 3071 1445 3136 misericordia,
1460 3069 1506 3125 sel
1521 3068 1551 3123 in
1567 3067 1653 3123 malis
1679 3064 1760 3121 incli-

49 3162 211 3219 trinnsest.
229 3163 284 3218 Sed
298 3164 337 3219 ad
352 3164 430 3219 hanc
450 3164 659 3232 cogitationem
687 3179 748 3218 non
776 3161 878 3217 riden-
933 3166 1034 3222 nando
1049 3164 1086 3219 ad
1102 3161 1183 3218 nrala
1204 3160 1317 3231 judicio
1346 3175 1400 3214 sno
1426 3156 1610 3229 ‹prandoane
1632 3151 1758 3216 occidte,

49 3256 99 3306 tur
112 3250 281 3323 pervenisse
297 3251 359 3307 sine
375 3251 476 3321 gratiae
492 3251 649 3322 adjutorio.
676 3251 757 3307 Unde
785 3255 877 3322 Apos-
933 3252 1116 3327 quandoque
1129 3247 1297 3312 manifesto,
1313 3261 1432 3318 semper
1446 3243 1649 3313 autemj11st0.
1668 3243 1759 3296 ltem:

49 3339 128 3395 ¹⁰¹⁰ss
145 3358 152 3396 :
169 3340 253 3406 Quod
269 3346 373 3396 notum
389 3346 432 3396 est
446 3341 495 3396 tici
510 3341 700 3396 manifestum
711 3339 737 3394 in
754 3337 877 3403 illisest;
934 3346 1038 3399 Nonne
1048 3344 1165 3409 justum
1180 3341 1233 3400 est,
1248 3341 1281 3391 ut
1296 3336 1349 3407 qai
1362 3336 1392 3389 in
1406 3332 1542 3388 sordibus
1566 3335 1619 3402 est,
1647 3327 1760 3385 sordes-

50 3428 211 3502 statimqne
252 3428 428 3500 srdijungit:
459 3433 536 3486 Deus
560 3429 640 3485 enim
669 3427 879 3483 imaniiestarit

51 3515 118 3574 illis,

86 3608 215 3671 Ormsno
226 3608 290 3662 ΧΗ.
307 3606 464 3672 Quomodo
479 3621 550 3676 crgo
564 3605 626 3661 sinc
643 3609 738 3674 gratia
757 3620 786 3656 se
800 3605 876 3658 licus

50 3694 253 3751 manifestavit
266 3694 332 3763 illis,
349 3695 514 3750 nonnclroc
531 3695 624 3766 gratia
637 3695 652 3751 ‘i
664 3694 708 3749 dd
734 3693 791 3748 lroc
819 3708 878 3747 res·

24 3782 319 3857 ,pendentquidam
336 3783 398 3838 sic:
424 3785 500 3839 lteris
527 3781 634 3838 dicitnr
661 3779 876 3845 manifestasse,

49 3872 123 3945 qnia
139 3871 211 3928 tales
222 3872 289 3927 lecit
304 3876 467 3939 creaturas,
496 3876 527 3928 ut
546 3888 582 3927 ex
602 3871 658 3926 illis
688 3874 787 3943 posset
816 3869 878 3940 ipsc

50 3966 171 4017 Creator
185 3960 336 4031 cognosci.
352 3959 433 4016 ttnde
442 3960 595 4030 subjungit
610 3977 615 4015 :
628 3958 785 4015 invisibilia
799 3957 877 4012 enim

50 4051 113 4118 [tari.
130 4053 185 4106 ete.

87 4157 310 4221 Quasrrotllilt.
335 4160 404 4213 ltem
434 4157 458 4211 si
486 4155 560 4212 ratio
590 4154 732 4210 naturalis
764 4157 879 4210 tantam

933 3439 981 3487 cat
997 3430 1097 3486 adicere
1112 3427 1238 3498 stapes.
1255 3427 1337 3491 ssu.)
1353 3428 1376 3478 A
1390 3425 1508 3495 quaest
1535 3421 1591 3476 hoc
1618 3415 1760 3490 justum?

933 3535 1063 3575 nannca
1079 3520 1147 3582 lico,
1164 3531 1182 3570 a
1212 3529 1273 3586 quo
1293 3528 1381 3568 omne
1400 3513 1514 3583 justum
1529 3510 1543 3565 ‘i
1569 3512 1670 3581 ltaque
1683 3507 1760 3562 Deus

934 3608 1049 3663 ridetur
1063 3604 1179 3678 operari
1190 3604 1257 3659 hoe.
1274 3606 1344 3658 item
1360 3604 1517 3673 peceatum
1527 3596 1610 3663 illud,
1625 3593 1762 3670 qnodest

934 3712 1023 3771 pirna
1038 3693 1233 3768 praecedentis
1246 3689 1360 3764 peceati
1375 3705 1393 3745 a
1407 3704 1468 3761 quo
1489 3687 1557 3743 est?
1584 3699 1674 3741 omne
1698 3682 1761 3753 jus-

934 3792 996 3842 tum
1010 3789 1053 3841 est
1066 3800 1084 3839 a
1098 3786 1168 3849 lieo,
1184 3786 1212 3836 ct
1226 3779 1299 3836 illud
1314 3781 1470 3852 peceatum
1486 3778 1529 3830 est
1552 3787 1643 3846 poena
1668 3771 1758 3841 justa.

933 3879 1034 3947 ltaque
1047 3873 1163 3928 ridetur
1179 3869 1323 3939 originem
1338 3866 1449 3923 habere
1464 3882 1482 3921 a
1497 3867 1556 3919 [leo
1578 3859 1699 3917 solutio.
1715 3857 1760 3914 Ad

933 3965 991 4019 lroe
1018 3962 1140 4035 quidem
1168 3958 1350 4032 respondent
1373 3956 1504 4012 dieentes
1534 3967 1623 4008 onrne
1655 3963 1760 4022 pecca-

934 4060 998 4110 tum
1014 4068 1077 4108 esse
1093 4069 1110 4108 a
1127 4054 1195 4117 lleo,
1212 4065 1273 4103 non
1286 4046 1384 4102 solum
1405 4043 1489 4118 quod
1512 4047 1556 4099 est
1578 4055 1666 4115 prena
1691 4038 1761 4095 alte-

934 4144 1005 4209 rins,
1018 4142 1069 4197 sed
1080 4140 1169 4196 etiam
1180 4136 1261 4209 qnod
1275 4140 1318 4190 est
1328 4138 1444 4191 tantum
1454 4132 1553 4205 eulpa,
1565 4128 1761 4186 concedentes

50 4244 140 4311 salet,
156 4248 186 4299 nt
202 4244 242 4300 ad
274 4245 354 4300 hunc
385 4245 513 4313 gradum
536 4243 713 4313 cognitionis
740 4241 876 4303 sulliciat,
936 4233 1057 4297 lurtum,
1073 4225 1271 4291 latrocinium,
1284 4222 1462 4278 adulterium
1475 4221 1652 4285 csseatleo,
1675 4216 1761 4286 jtaxta

49 4333 195 4406 quoerittll'
221 4333 250 4388 in
277 4349 339 4406 quo
367 4333 421 4389 fuit
445 4333 594 4389 efficacior
625 4336 692 4387 ante
721 4335 878 4403 peceatum
897 4293 1008 4376 Dfflud
1023 4317 1175 4392 pl'ophelit!
1192 4333 1198 4369 :
1214 4313 1281 4368 Noti
1296 4317 1338 4366 etl
1353 4311 1466 4365 millum
1482 4310 1511 4363 ὑὶ·
1531 4307 1661 4404 t‘t't’t'litle,
1682 4299 1762 4401 (guod

50 4437 146 4493 qnam
162 4421 273 4478 morlo:
291 4422 502 4495 relquomodo
522 4419 763 4478 nunciatirmior
785 4434 877 4491 quam
935 4409 1101 4479 transaciat
1130 4408 1208 4460 lienis
1234 4399 1407 4472 (naiasin).
1431 4396 1505 4495 Quid
1533 4394 1761 4492 ‘'iffiffltlfflffisse

49 4514 123 4565 tunc
137 4511 151 4565 't
167 4510 246 4565 Sicut
260 4511 340 4566 enirn
353 4515 422 4566 tunc
437 4509 586 4579 cognorit,
600 4509 682 4582 qnod
699 4511 774 4564 llens
788 4512 840 4571 est,
852 4511 881 4562 et
936 4499 986 4555 tali
1001 4498 1148 4551 conantur
1163 4493 1242 4547 idem
1252 4487 1391 4562 probare.
1408 4488 1511 4542 Omnis
1536 4485 1663 4537 essentne
1688 4483 1762 4535 esta

52 4602 195 4660 nauseet,
211 4601 238 4653 et
253 4598 347 4654 trinus
363 4617 369 4667 ;
387 4599 426 4655 ita
452 4604 481 4654 et
505 4614 595 4655 nune.
628 4601 658 4652 tn
687 4596 762 4651 sicut
788 4594 880 4650 modo
936 4576 1374 4652 ttae,Setll'OlUnlssS”1⁰¹aet
1400 4573 1477 4630 ‘¹⁰50
1505 4571 1585 4629 ⁰¹⁸¹st
1604 4573 1761 4646 P⁸⁰⁰³²¹¹m

51 4686 265 4742 incarnationis
280 4687 455 4758 mysterium
470 4689 635 4758 nonpotest
648 4682 881 4756 comprehende-
936 4679 1015 4741 snut,
1029 4679 1058 4729 02
1071 4669 1230 4726 ‘Sistssllaffl
1242 4666 1370 4722 habe¹¹¹²
1399 4663 1479 4719 unde
1504 4661 1652 4732 ⁰⁰ffissi¹¹¹l
1678 4657 1761 4732 ‘1¹¹⁰‘l

51 4791 83 4830 rc
99 4775 163 4830 sine
178 4773 327 4845 adjutorio
340 4774 453 4844 gratiae,
469 4775 510 4830 ita
521 4790 574 4829 nec
590 4777 659 4830 tunc
675 4770 757 4844 quod
773 4775 881 4843 myste-
936 4766 1092 4838 peceatum
1108 4759 1143 4814 sit
1158 4775 1176 4814 a
1190 4761 1249 4814 lieo
1265 4753 1433 4810 secundum
1445 4753 1553 4809 horum
1578 4748 1761 4825 0Pi⁰i⁰¹¹⁰¹¹l

50 4864 131 4920 rium
144 4863 354 4920 absconditum
371 4864 459 4919 estin
474 4867 542 4928 lieo,
554 4862 606 4935 qui
619 4861 687 4917 lecit
711 4859 822 4923 onmia,
850 4863 882 4914 nt

49 4952 124 5008 dieit
134 4953 302 5025 Apostolus,
318 4953 405 5026 quasi
415 4952 456 5008 nil
467 4951 588 5008 inservit
602 4949 754 5014 creaturis,
769 4964 804 5002 es
820 4963 881 5019 qno

50 5042 109 5098 hoe
123 5042 262 5110 cognosci
277 5047 388 5116 posset.
403 5040 523 5098 Salutio.
539 5038 621 5096 Ratio
638 5041 705 5093 ante
726 5041 881 5110 peceatum

50 5129 211 5187 faciliusct
225 5131 384 5202 perfectius
413 5127 648 5202 comprehendit,
675 5125 757 5200 qnod
791 5125 882 5179 modo

49 5235 122 5277 cum
137 5232 250 5288 magua
264 5216 446 5286 difficultate,
463 5222 491 5273 ct
521 5216 621 5272 minus
647 5213 784 5287 perferte,
809 5216 837 5266 et
865 5227 881 5266 a

49 5309 141 5378 longe
153 5306 324 5379 speetdntur
340 5325 346 5362 :
363 5306 456 5363 marlia
470 5305 559 5362 etiam
575 5304 707 5360 novisset
721 5306 790 5358 tuuc
815 5316 882 5372 quac

30 5440 33 5445 -
50 5397 144 5454 modo
158 5412 220 5451 non
232 5395 394 5464 cognoscit.
412 5394 554 5465 objicitur
568 5393 603 5449 iis
613 5393 665 5466 qui
679 5391 783 5447 dieunt
799 5389 882 5462 qnod

937 4852 1051 4919 Quibus
1067 4849 1107 4904 sie
1123 4847 1271 4917 objicitur.
1288 4847 1393 4900 Facere
1422 4845 1578 4916 peceatum
1605 4837 1680 4913 quid
1707 4842 1760 4900 cst,

938 4940 994 4997 nisi
1018 4953 1141 5013 peceare
1156 4939 1170 4992 'l
1196 4934 1270 5002 naid
1298 4938 1342 4988 est
1369 4932 1465 4988 iacere
1489 4929 1678 4994 adulterium,
1706 4923 1762 4981 nisi

938 5030 1033 5086 lacere
1048 5023 1232 5083 aelutterari?
1247 5024 1342 5079 lacere
1358 5021 1479 5088 lurtum,
1493 5019 1549 5075 nisi
1570 5016 1684 5073 tumri‘t
1708 5015 1764 5068 Un-

936 5118 1010 5174 desi
1025 5114 1207 5174 conceditur,
1221 5112 1302 5186 (prend
1329 5110 1416 5166 farciat
1436 5112 1604 5181 peceatum,
1631 5099 1764 5172 sequitur

936 5206 1018 5281 quod
1034 5209 1111 5262 licus
1129 5208 1240 5276 praed,
1257 5201 1378 5264 iuretur,
1404 5195 1594 5256 adulteretur,
1624 5185 1760 5243 occidat:

936 5296 1017 5370 arrad
1057 5310 1117 5350 non
1144 5291 1242 5346 solum
1268 5287 1351 5343 arelas
1380 5290 1424 5340 est
1451 5282 1560 5345 dicere,
1592 5276 1643 5331 sed
1673 5273 1763 5331 etiam

937 5387 1077 5454 cogitare.
1096 5380 1170 5436 illud
1185 5376 1266 5450 qirod
1289 5373 1427 5443 objicitur
1445 5369 1482 5423 dc
1510 5365 1660 5423 volrrntate
1685 5363 1764 5421 rnnln

49 5486 126 5544 ratio
140 5484 285 5542 naturalis
300 5484 411 5558 aliquid
429 5483 521 5557 possit
536 5499 589 5556 per
607 5499 659 5538 se:
686 5485 788 5537 Nonne
815 5494 883 5532 ocra·
936 5481 963 5531 et
975 5474 1090 5530 actione
1103 5484 1162 5524 raon
1177 5466 1267 5526 tiana,
1283 5460 1366 5533 quod
1380 5455 1491 5555 aliquid
1517 5458 1596 5522 suut,
1623 5460 1651 5511 ct
1679 5453 1720 5511 sie
1747 5471 1764 5511 a

26 5592 29 5626 1
49 5572 98 5633 tus
111 5575 239 5635 exterior
253 5573 295 5632 nil
309 5571 410 5628 videre
423 5576 519 5646 potest
541 5571 603 5627 sinc
619 5568 812 5626 illustratione
840 5564 882 5619 ln-
938 5565 1007 5618 Deo.
1026 5560 1070 5618 Sic
1082 5554 1218 5611 solsitur.
1230 5551 1421 5605 peecatorum
1435 5542 1516 5600 aliud
1531 5549 1574 5601 est
1599 5542 1765 5601 seeundum
