3832 6044
75 112 126 173 961
410 109 588 174 ΕΧΡο81Τ10
607 117 643 172 IN
662 115 848 172 HIERARCH.
869 109 1027 173 COELEST.
1049 116 1077 172 S.
1098 111 1261 177 OlONYSll.
1277 151 1312 160 —
1327 115 1392 177 LlB.
1415 124 1462 178 lll.
1737 130 1789 184 96¹2

75 243 189 296 natiuae
204 237 334 308 illorum,
355 243 384 297 et
397 220 485 297 velox
504 240 543 298 ad
570 239 672 297 omnia
686 243 786 296 motus
810 238 906 313 expri·
924 242 1021 299 Alloc
1048 244 1092 298 εει
1115 257 1196 312 ergo,
1211 243 1295 316 quod
1308 242 1340 299 in
1363 244 1419 300 isto
1443 243 1572 318 capitulo
1585 245 1790 307 demonstrare

75 333 185 385 matur.
203 328 278 395 Ouia
290 345 362 399 ergo
376 330 407 386 in
421 330 519 403 primo
536 329 666 404 capitulo
681 329 856 400 generaliter
869 328 906 385 de
961 329 1096 399 intendit,
1113 329 1188 388 sicut
1197 348 1251 405 per
1264 332 1382 390 titidum
1398 333 1491 406 ipsius
1503 333 1678 407 exprimitur
1689 353 1696 392 τ
1707 338 1791 410 quod

75 417 159 474 omni
173 418 342 475 hierarchia
355 419 504 488 disseruit,
521 419 607 493 quasi
616 436 768 477 summam
783 435 908 492 sequen·
961 417 1071 487 divina,
1089 423 1117 475 et
1132 420 1262 478 coelestia
1276 421 1411 498 pulchre,
1426 427 1454 479 et
1467 423 1606 479 decenter
1617 438 1678 480 non
1693 423 1791 482 solum

74 508 110 563 tis
125 507 225 581 operis
239 507 367 565 breviter
390 508 430 565 ad
445 508 612 565 doctrinam
631 507 801 565 faciendam
814 507 909 582 praeli·
960 507 1148 579 persimiles,
1165 509 1218 565 sed
1240 510 1329 566 ctiam
1341 526 1396 584 per
1409 509 1568 567 dissimiles
1583 510 1706 585 formas,
1719 515 1747 570 ει
1757 512 1792 568 fi-

73 596 151 653 bans
169 614 175 663 ;
189 596 332 669 primum,
349 596 420 669 quia
431 612 520 652 omne
534 597 650 653 bonum
666 615 684 654 a
697 597 908 655 summobono
962 596 1133 668 gurationes
1147 597 1380 655 demonstratur.
1393 602 1426 656 Et
1436 600 1519 673 quod
1531 599 1624 668 nulla,
1640 601 1716 657 sicut
1729 602 1793 676 qui-

74 685 301 759 perticipatione
322 685 544 759 multiplicatur,
572 690 601 744 et
623 687 849 745 omnebonum
869 688 909 745 ad
961 685 1033 742 dam
1047 686 1300 755 existimaverunt,
1322 687 1394 760 ipsis
1408 687 1515 745 divinis
1529 693 1558 744 ει
1571 687 1740 746 coelestibus
1749 689 1793 746 in·

74 790 229 830 summum
243 773 360 830 bonnm
376 773 569 832 similitudine
591 778 620 832 et
635 776 830 834 conversione
845 774 908 832 uni·
958 775 1038 846 juria
1049 775 1111 844 fiat,
1126 775 1151 831 si
1160 775 1324 850 aliquando
1338 776 1370 832 in
1394 777 1550 850 scripturis
1566 779 1657 836 sacris
1671 795 1725 853 per
1737 780 1792 837 hu-

75 867 122 919 tur
137 862 275 931 ;deinde,
291 862 363 936 quia
376 863 587 921 convenienter
598 865 749 937 Scriptura
761 864 801 922 ad
812 864 910 922 decla.
960 864 1046 920 miles
1060 863 1265 933 formationes,
1285 869 1313 921 ct
1324 864 1412 939 qnasi
1427 865 1465 921 ab
1491 883 1596 923 eorum
1620 866 1792 925 excellentia

74 951 220 1008 rationem
235 950 429 1008 invisibilium
455 951 583 1009 visibilia
610 952 698 1025 signa
720 953 907 1028 assumpsit:
960 958 1100 1021 remotas,
1117 957 1145 1010 et
1171 952 1311 1025 indignas
1336 954 1512 1027 figurentur,
1532 956 1792 1028 quemadmodum

73 1058 156 1099 nunc
180 1041 316 1115 sequenti
331 1041 461 1114 capitulo
476 1042 615 1111 ostendit,
632 1043 708 1101 siout
731 1044 832 1101 titulus
844 1044 908 1117 ipse
959 1041 991 1097 in
1006 1041 1156 1115 Scriptura
1171 1044 1248 1097 Deus
1263 1041 1407 1115 plaustro,
1424 1046 1452 1099 ct
1478 1041 1577 1112 angeli
1598 1042 1698 1099 bobus
1712 1060 1793 1101 com·

73 1131 278 1204 praeloquitur,
295 1131 378 1204 quod
391 1131 529 1188 videlicet
542 1132 676 1205 pulchre,
697 1133 728 1190 id
742 1137 786 1190 εει
797 1137 865 1207 apte
880 1138 909 1190 et
960 1134 1105 1203 parantur
1121 1148 1127 1186 :
1144 1135 1173 1187 ct
1184 1135 1290 1188 caetera
1304 1131 1335 1187 in
1347 1131 1427 1187 huno
1442 1130 1578 1189 modum.

74 1220 284 1277 convenienter
297 1216 535 1291 manifestantur,
565 1222 622 1278 hoc
638 1228 682 1279 est
695 1228 908 1295 repraesentan-
996 1243 1010 1269 α
1029 1222 1149 1293 Oportet
1175 1236 1256 1292 ergo,
1274 1224 1305 1276 nt
1327 1219 1474 1289 existimo,
1492 1219 1623 1293 primum
1643 1237 1791 1295 exponere

75 1313 122 1365 tur
136 1313 165 1365 et
178 1308 393 1379 significantur,
410 1314 443 1365 nt
456 1308 705 1384 manifestationi,
719 1311 820 1368 divina
834 1311 908 1368 scili·
959 1325 1053 1382 qnam
1082 1309 1205 1382 quidem
1229 1325 1293 1366 esse
1315 1308 1550 1382 specrdationem
1571 1309 1669 1366 omnis
1683 1309 1792 1366 hierar-

75 1402 121 1454 cet
135 1413 171 1454 ca
186 1415 253 1472 quae
274 1398 305 1454 in
316 1414 437 1454 summa
461 1403 530 1455 sunt
543 1398 718 1468 hierarchia,
733 1403 763 1457 et
776 1400 908 1458 eoelestia
960 1397 1032 1452 chire
1050 1397 1265 1466 existimamus,
1282 1401 1337 1454 etc.
1354 1420 1367 1446 »
1395 1397 1503 1454 Pudice
1527 1401 1671 1471 temperat
1699 1414 1792 1455 asser-

74 1502 143 1558 qure
171 1485 202 1542 in
230 1485 365 1556 angelica
392 1490 462 1542 sunt
484 1486 659 1543 hierarchia.
691 1489 818 1562 Utraque
842 1489 907 1545 haec
959 1485 1071 1542 tionem
1088 1502 1185 1558 suam,
1202 1490 1234 1542 ut
1254 1485 1433 1559 prudentem
1457 1486 1542 1543 decet
1557 1505 1564 1556 3
1578 1502 1633 1544 nec
1656 1486 1791 1544 inrebus

74 1575 282 1632 convenienter
294 1574 531 1644 manifestantur,
547 1591 609 1632 non
624 1577 722 1634 solum
736 1593 789 1651 per
799 1577 941 1655 similiass
959 1575 1180 1648 excellentibus,
1204 1579 1232 1631 et
1252 1591 1271 1631 a
1292 1591 1383 1632 sensu
1408 1576 1543 1632 hnmano
1566 1576 1687 1645 remotis
1714 1574 1792 1633 ultra

75 1663 226 1737 symbola,
242 1664 273 1721 id
289 1669 406 1721 estnon
427 1663 524 1720 solnm
537 1681 591 1738 ρει
604 1666 746 1740 pulchras
760 1672 788 1724 ct
801 1668 907 1725 decen·
958 1664 1089 1720 hominis
1102 1663 1328 1738 possibilitatem
1342 1681 1523 1738 praesumere
1534 1665 1785 1739 videtur,dicens:

76 1758 128 1825 tes,
143 1758 233 1827 atque
262 1770 366 1811 eorum
393 1753 542 1826 majestati
556 1759 585 1810 ct
598 1755 717 1828 puritati
745 1773 904 1827 congruas,
960 1776 973 1803 ιι
991 1755 1025 1808 Ut
1035 1751 1181 1809 existimo.
1199 1775 1213 1802 »
1227 1756 1353 1809 Noverat
1367 1753 1447 1809 enim
1458 1755 1515 1811 hoc
1530 1754 1604 1828 ipse,
1617 1754 1701 1828 quod
1714 1753 1790 1812 dice·

74 1842 136 1899 sive
151 1841 321 1898 consimiles
345 1841 458 1911 figuras
477 1845 506 1897 ει
524 1841 655 1912 formas,
672 1843 826 1901 sedetiam
853 1861 906 1918 per
959 1841 1020 1910 bat,
1036 1841 1181 1914 quoniam
1206 1842 1245 1899 ab
1266 1857 1301 1898 eo
1325 1843 1431 1900 doctus
1453 1847 1516 1900 erat
1537 1845 1590 1917 qui
1616 1844 1739 1913 viderat,
1762 1847 1792 1901 et

73 1929 230 1986 dissimilia
258 1930 407 2003 symbola.
421 1929 452 1985 id
466 1934 510 1987 est
524 1947 578 2004 per
593 1932 665 1988 tales
687 1933 800 1990 formas
814 1939 843 1990 et
856 1934 906 1990 de·
959 1929 1080 1987 sciebat.
1098 1930 1156 1987 Sed
1167 1930 1296 1986 servavit
1309 1931 1488 1988 modestiam
1502 1932 1649 2001 dictionis,
1672 1937 1704 1989 ut
1725 1932 1790 1989 haee

74 2019 260 2092 scriptiones,
284 2034 353 2092 quea
367 2019 406 2075 ab
426 2034 531 2077 eorum
557 2021 729 2080 excellentia
748 2023 851 2080 εΙίειιεε
878 2028 907 2082 ει
958 2019 1134 2089 humilitate,
1151 2035 1212 2076 non
1235 2019 1361 2077 clatione
1380 2020 1544 2094 quaerenda
1563 2025 1592 2076 et
1611 2020 1791 2077 invenienda

73 2109 201 2182 puritate
223 2109 354 2180 indigner
374 2109 542 2168 videantur.
559 2111 646 2177 Quod
660 2112 783 2185 quidem
803 2113 907 2187 aliqui-
959 2108 1136 2165 ostenderet.
1154 2109 1276 2181 Oportet
1289 2123 1371 2180 ergo,
1389 2111 1422 2165 ut
1436 2107 1582 2177 existimo,
1597 2107 1730 2181 primum
1743 2124 1792 2166 ex·

74 2197 131 2254 hus
155 2197 256 2254 minus
276 2197 460 2274 conveniens
486 2197 622 2255 videatur
642 2216 716 2257 esse.
745 2201 802 2258 Sed
828 2202 906 2259 bene
959 2214 1070 2272 ponere
1083 2213 1177 2272 quam
1187 2197 1311 2271 quidem
1330 2214 1394 2256 esse
1414 2198 1677 2271 speculationem«
1692 2198 1791 2256 omnis

74 2286 333 2344 considerantibus
355 2287 469 2344 ratione
483 2304 605 2359 magna,
629 2295 658 2346 et
685 2290 906 2364 dispensatione
959 2287 1133 2345 hierarchice
1147 2286 1363 2344 existimamus.
1381 2309 1395 2340 s
1420 2287 1557 2361 Quinque
1584 2288 1633 2344 hie
1658 2288 1791 2361 primum

73 2375 244 2432 neccssaria
259 2375 431 2432 ordinatum
454 2376 609 2434 invenitur.
635 2378 757 2436 Ratione
771 2380 905 2454 quidem,
960 2375 1135 2447 generaliter
1162 2375 1382 2433 consideranda
1396 2376 1488 2433 modo
1509 2376 1736 2434 introductionis
1751 2375 1791 2433 le·

75 2469 108 2521 ut
121 2465 195 2521 dum
207 2466 271 2522 hac
287 2465 385 2522 aliena
398 2465 430 2522 in
443 2465 730 2525 demonstrationem
752 2475 907 2545 assumpta
960 2466 1100 2537 gentibus
1123 2465 1282 2539 proponit:
1312 2481 1381 2539 quae
1406 2482 1460 2539 per
1483 2465 1639 2539 sequentia
1662 2465 1792 2538 capitula

75 2552 235 2622 cemimus,
251 2553 445 2628 illaqucquc,
467 2569 535 2626 qnoe
549 2557 672 2629 propria
687 2574 751 2615 esse
764 2558 906 2615 videban-
961 2555 1133 2626 singillatim
1162 2558 1300 2628 exponet.
1327 2555 1468 2624 Primum,
1498 2555 1668 2626 generalem
1694 2552 1791 2611 omnis

76 2646 123 2698 tur
138 2641 304 2699 secundum
320 2641 444 2716 aliquid,
474 2642 572 2701 aliena
587 2661 661 2714 esse,
676 2651 704 2703 et
720 2646 907 2706 dissimiliaa
959 2620 1134 2701 hierarchiae
1159 2643 1377 2700 definitionem.
1402 2643 1583 2716 Secundum,
1604 2642 1793 2714 uniuscujus

76 2748 197 2788 summa
215 2731 336 2789 veritate
347 2747 559 2802 agnoscamus.
585 2734 809 2808 Dispensatione
824 2754 904 2808 vero,
960 2750 1020 2807 quc
1035 2732 1209 2790 hierarchia
1224 2732 1389 2790 utilitatem.
1405 2732 1533 2790 Tertium
1547 2731 1711 2788 coelestium
1733 2730 1793 2787 hie-

75 2823 108 2876 ut
128 2820 202 2876 dum
226 2819 286 2889 illa,
306 2836 374 2894 quar
398 2837 485 2878 mens
508 2822 558 2895 pia
576 2822 606 2879 in
634 2824 740 2881 <tinnis
768 2826 908 2884 collocari
960 2822 1148 2879 rarchiarum
1163 2820 1330 2878 secundum
1342 2820 1478 2878 visibiles
1504 2819 1709 2888 formationes,
1725 2835 1793 2892 quae

75 2908 242 2965 secundum
271 2908 483 2982 proprietatem
511 2927 572 2967 non
599 2912 732 2984 sustinet,
761 2914 942 3011 significa-C
961 2913 993 2967 in
1006 2911 1126 2985 eloquio
1139 2925 1225 2968 sacro
1239 2911 1437 2984 reperiuntur,
1463 2908 1679 2966 laudationem.
1703 2909 1794 2975 Ouar-

76 2997 157 3053 tione
179 2995 298 3054 illorum
317 2998 410 3054 cernit
435 2998 554 3055 attribui
579 3018 585 3056 :
611 3000 669 3057 alia
692 3018 814 3076 quoque
838 3020 907 3077 qnae
961 3004 1034 3069 tum,
1051 3002 1186 3073 ipsarum
1199 2999 1415 3056 formationum
1425 3001 1453 3056 et
1465 2999 1712 3071 descriptionum,
1728 2997 1795 3070 qui-

76 3084 170 3154 digna
182 3083 369 3154 videbantur,
386 3102 420 3143 ac
433 3102 487 3160 per
498 3087 556 3143 hoc
570 3104 641 3145 vera
656 3092 684 3145 et
695 3091 818 3164 propria
827 3091 908 3148 credi
961 3091 1019 3147 bus
1043 3090 1176 3147 coelestes
1212 3091 1333 3146 virtutes
1361 3089 1577 3159 significantur,
1607 3087 1792 3159 qualitatem.

77 3177 225 3247 poterant,
240 3173 398 3244 figurativa
419 3192 493 3245 esse,
520 3181 548 3233 ει
559 3193 612 3251 per
624 3177 848 3236 similitudinem
861 3197 908 3237 ve·
963 3182 1116 3247 Quintum,
1131 3165 1254 3251 qualem
1264 3194 1300 3234 cx
1314 3178 1398 3250 ipsis,
1415 3193 1483 3250 quac
1501 3175 1656 3232 visibiliter
1668 3175 1707 3230 ad
1719 3176 1793 3232 invi·

76 3262 156 3320 ritati
181 3261 311 3321 adducta
338 3264 509 3321 nullatenus
537 3265 632 3338 possit
659 3266 798 3324 dubitari.
832 3272 908 3339 Ergo
962 3268 1096 3326 sibilium
1122 3267 1356 3325 declarationem
1387 3269 1416 3321 et
1446 3264 1650 3321 laudationem
1685 3279 1795 3337 propo-

78 3351 218 3427 symbola
230 3352 338 3410 similia
364 3353 394 3410 in
408 3354 694 3412 demonstrationem
707 3356 746 3414 ad
760 3358 817 3414 hoc
840 3374 908 3431 pro-

77 3440 175 3515 posita
190 3445 268 3510 sunt,
282 3446 317 3498 nt
329 3442 523 3500 invisibilium
544 3444 697 3502 veritatem
721 3446 819 3519 speeie
839 3462 908 3504 con·

78 3529 167 3586 simili
191 3531 402 3600 ostenderent;
430 3532 585 3589 dissimilia
609 3538 719 3603 autem,
746 3539 780 3592 ut
797 3536 908 3607 signifi·

79 3615 176 3672 cando
193 3617 324 3689 atigura
333 3618 373 3675 ad
387 3619 540 3678 veritatem
552 3622 733 3693 exeundum,
748 3628 777 3680 et
789 3640 851 3680 non
866 3640 910 3681 re-

77 3707 265 3764 manendum
279 3709 310 3765 in
323 3708 367 3778 iis,
383 3726 451 3783 quae
466 3727 536 3768 vera
547 3728 683 3769 essenon
698 3718 844 3786 poterant,
860 3714 910 3771 de·

78 3802 289 3856 monstrarent.
304 3803 380 3872 Ergo
396 3805 544 3875 qnantum
559 3803 666 3862 similia
681 3805 820 3878 symbola
834 3821 910 3878 prae-

80 3886 190 3944 cellunt
203 3887 310 3962 specie,
326 3892 426 3947 tamen
440 3890 596 3949 dissimilia
608 3892 747 3967 symbola
759 3898 910 3951 transcen·

81 3975 158 4032 dunt
172 3976 403 4048 significatione;
420 3979 574 4052 quoniam,
592 3981 705 4039 etsiilla
719 3982 831 4040 habent
844 3998 911 4056 spe-

83 4058 159 4117 ciem
173 4062 384 4136 pulchriorem,
408 4071 508 4125 tamen
524 4068 582 4126 ista
602 4068 850 4140 significationem
870 4074 911 4128 te-

80 4155 154 4208 nent
172 4153 447 4214 manifestatiorem.
474 4157 527 4216 llla
546 4158 700 4216 veritatem
727 4159 910 4229 ostendunt;

962 3362 1084 3426 nuntur,
1099 3373 1185 3413 mens
1199 3356 1334 3412 humana
1348 3357 1378 3410 in
1392 3355 1467 3426 ipsis
1481 3351 1683 3410 invisibilibus
1697 3353 1795 3409 eonci—
1856 3363 1862 3380 ¹

963 3463 1033 3522 pere
1046 3447 1164 3515 debeat,
1179 3447 1343 3503 veritatem.
1370 3447 1430 3500 Hoc
1453 3446 1506 3515 εει,
1522 3442 1711 3499 considerare
1736 3441 1795 3514 pri-

963 3553 1059 3606 mum,
1075 3534 1150 3609 quid
1163 3536 1201 3592 sit
1223 3535 1401 3591 hierarchia.
1434 3511 1581 3604 Secimdo,
1602 3532 1676 3605 quid
1691 3532 1794 3606 prosit,

964 3626 995 3681 id
1009 3629 1053 3682 εει
1067 3641 1134 3699 quae
1146 3627 1177 3681 in
1199 3638 1382 3697 unaquaque
1398 3621 1508 3678 utilitas
1523 3621 1675 3681 consistat.
1687 3621 1793 3690 Tertia,

963 3713 1118 3789 quomodo
1143 3714 1317 3771 excellentia
1339 3711 1536 3769 invisibilium
1558 3711 1796 3769 inerarchiarum

963 3820 1017 3878 per
1046 3804 1176 3861 visibilia
1208 3805 1295 3874 signa
1323 3802 1496 3859 ostenditur.
1531 3801 1641 3866 Quarto
1669 3799 1795 3873 qualita-

964 3897 1025 3951 tem
1051 3896 1218 3965 signorum,
1235 3898 1264 3950 et
1286 3892 1577 3949 demonstrationum
1599 3892 1797 3962 mysticarum

965 3999 1154 4054 cognoscere.
1176 3984 1295 4049 Quinto,
1317 3985 1505 4053 signatuma
1529 3981 1625 4051 signo,
1640 3981 1796 4037 veritatem

965 4072 1095 4142 afigura
1104 4087 1253 4144 separare.
1267 4071 1386 4143 Oportet
1395 4072 1529 4143 primum
1542 4084 1692 4142 exponere
1702 4084 1797 4144 quam

966 4160 1211 4233 speculationem,
1241 4157 1329 4215 idest
1350 4174 1444 4229 quam
1471 4158 1677 4216 definitionem
1699 4158 1798 4215 existi·

81 4237 138 4296 ista
149 4255 167 4296 a
180 4239 307 4301 falsitate
320 4245 399 4302 exire
421 4245 613 4319 compellunt.
629 4248 682 4304 llla
703 4248 744 4304 sio
758 4249 913 4307 veritatem
967 4264 1088 4306 mamus
1103 4263 1168 4304 esse
1190 4248 1289 4303 omnis
1303 4244 1487 4312 hierarchice,
1510 4245 1568 4300 boc
1585 4249 1630 4301 est
1642 4245 1797 4318 quomodo

82 4326 263 4403 significant,
285 4337 318 4390 nt
329 4333 414 4390 facile
428 4335 523 4408 possit
533 4334 616 4392 rudis
630 4335 749 4394 animus
763 4336 794 4393 in
809 4336 850 4393 cis
863 4337 913 4394 de·
929 4306 951 4362 Β
968 4337 1145 4410 generaliter
1157 4335 1205 4392 vel
1221 4332 1428 4392 universaliter
1442 4332 1614 4389 definienda
1626 4338 1670 4389 εει
1688 4333 1798 4389 hierar-

82 4417 169 4475 tineri
184 4437 191 4487 ;
206 4419 263 4478 ista
276 4421 318 4479 sic
332 4423 482 4498 erudiunt,
497 4427 531 4480 ut
552 4439 614 4482 non
636 4424 712 4483 sinat
726 4426 757 4482 in
770 4427 816 4483 sui
827 4442 913 4483 vene·
968 4429 1046 4486 chia.
1067 4426 1276 4484 definitionem
1298 4427 1399 4481 autem
1426 4421 1538 4479 idcireo
1562 4419 1799 4494 speculationem

83 4507 199 4566 ratione
212 4509 330 4568 animos
344 4513 598 4570 considerantium
609 4512 680 4572 falli.
697 4514 759 4588 llla,
774 4531 844 4572 cum
856 4516 915 4574 sint
967 4521 1055 4575 coeat
1071 4534 1078 4585 ;
1094 4517 1240 4588 quoniam
1259 4512 1393 4570 definitio
1416 4513 1459 4567 rei
1471 4512 1558 4584 quasi
1573 4509 1729 4584 speculum
1743 4513 1797 4581 εει,

85 4596 172 4667 signa
185 4598 314 4656 veritatis
332 4603 443 4674 tamen,
469 4601 633 4675 aliquando
655 4602 788 4660 fortassis
804 4620 835 4660 se
858 4620 914 4678 pro
968 4608 1000 4663 in
1013 4621 1076 4679 qua
1089 4606 1185 4677 ipsius
1201 4605 1243 4659 rei
1258 4605 1366 4659 natum
1388 4602 1529 4672 cernitur,
1543 4602 1619 4657 sicut
1630 4601 1662 4657 in
1676 4599 1799 4674 speculo

84 4685 206 4742 veritate
221 4693 343 4761 propter
362 4689 554 4748 excellentem
574 4691 704 4764 speciem
726 4692 817 4766 recipi
838 4692 916 4751 face·
968 4700 1077 4753 natura
1091 4694 1225 4767 corporis
1240 4690 1370 4765 appositi
1385 4691 1487 4762 imago
1501 4691 1629 4748 videtur.
1649 4690 1799 4748 Generalis

84 4778 161 4844 rent,
186 4775 243 4831 nisi
257 4776 314 4834 ista
328 4777 414 4849 signa
426 4784 532 4848 essent,
548 4779 579 4837 in
598 4780 709 4854 quibus
723 4780 831 4838 veritas
853 4797 917 4839 non
970 4783 1104 4840 definitio
1134 4787 1187 4850 est,
1216 4798 1285 4855 quae
1307 4779 1441 4838 definitio
1463 4779 1669 4838 universaliter
1694 4795 1800 4838 conve·

85 4863 225 4934 creditur,
240 4864 357 4924 etiamsi
371 4883 424 4940 per
434 4867 501 4942 ipsa
514 4869 622 4926 veritas
635 4868 917 4941 significetur.tlliud
970 4875 1025 4941 nit,
1045 4871 1112 4929 etin
1125 4876 1187 4930 toto
1202 4873 1361 4928 invenitur.
1374 4872 1429 4938 Oui
1440 4872 1522 4928 enim
1532 4870 1605 4928 dicit
1613 4856 1800 4945 principatus

85 4955 167 5012 enim
194 4958 239 5012 εει
258 4957 377 5027 veritas,
402 4963 491 5032 atque
519 4959 602 5017 aliud
616 4959 737 5031 signum
761 4960 915 5031 veritatis;
972 4962 1123 5034 angelicos
1137 4963 1337 5020 hierarchiam
1350 4978 1423 5031 esse,
1438 4978 1544 5019 verum
1557 4961 1644 5029 dicit;
1670 4958 1799 5015 seduni-

86 5046 159 5120 quia
173 5046 294 5118 signum
312 5048 421 5107 veritas
447 5053 574 5120 nonest,
591 5050 679 5109 etiam
693 5068 762 5108 cum
789 5051 918 5109 veritatis
971 5052 1125 5110 versaliter
1149 5068 1211 5109 non
1241 5051 1355 5121 definit,
1389 5052 1536 5125 quoniam
1563 5050 1594 5103 in
1625 5044 1800 5102 hominibus

86 5137 209 5207 signnm
232 5141 285 5205 est,
313 5141 342 5194 et
364 5154 470 5195 verum
484 5139 618 5198 est-illa
636 5140 725 5210 igitur
752 5140 838 5211 signa
859 5140 918 5198 evi·
972 5157 1094 5215 quoquc
1126 5142 1295 5199 hierarchia
1324 5139 1483 5196 invenitur.
1522 5138 1608 5200 item,
1641 5134 1694 5204 qui
1728 5133 1802 5191 dicit

87 5225 254 5283 dentiorem
275 5225 561 5286 demonstrationem
583 5228 705 5299 habent,
730 5246 798 5303 quae
819 5234 848 5288 ct
865 5245 920 5304 per
972 5231 1172 5288 hierarchiam
1200 5246 1263 5286 csse
1294 5227 1441 5292 ordinem,
1465 5238 1571 5279 venun
1598 5218 1696 5287 dicit;
1727 5234 1801 5292 quo·

89 5313 324 5386 similitudinem,
341 5310 402 5391 qua
416 5319 663 5393 appropinquant
681 5319 806 5391 veritati,
822 5320 920 5394 ipsam
972 5322 1056 5377 niam
1080 5318 1132 5374 ubi
1158 5321 1289 5390 potestas
1308 5317 1361 5381 εει,
1386 5312 1460 5367 ordo
1484 5312 1537 5365 cst.
1558 5307 1616 5365 Sed
1628 5311 1800 5365 noatomm

89 5405 244 5463 veritatem
269 5408 477 5477 manifestant;
505 5413 533 5464 ει
560 5425 613 5481 ρει
638 5408 919 5478 dissimilitudinem,
974 5410 1045 5464 dicit
1061 5426 1068 5476 ;
1083 5407 1229 5478 quoniam
1253 5416 1313 5457 non
1338 5401 1437 5455 omnis
1459 5397 1534 5452 ordo
1559 5397 1726 5453 hierarchia
1745 5401 1798 5468 εει,

89 5511 152 5567 qua
167 5495 309 5566 elongant
323 5515 342 5554 a
351 5498 483 5566 veritate,
498 5514 529 5553 se
541 5515 603 5554 non
616 5516 680 5556 esse
692 5501 856 5569 veritatem,
868 5499 922 5555 sed
973 5499 1047 5572 quia
1059 5510 1121 5551 non
1132 5493 1230 5548 omnis
1243 5489 1317 5545 ordo
1331 5491 1461 5562 potestas
1469 5489 1522 5541 εει.
1531 5490 1631 5560 ltaque
1642 5487 1798 5558 generalis,

91 5583 178 5655 signa
192 5590 304 5656 tamen,
327 5591 356 5645 et
369 5586 533 5658 imaginem
557 5587 687 5647 veritatis
706 5589 920 5647 demonstrant.
976 5585 1110 5646 definitio
1120 5584 1174 5653 eet,
1184 5596 1252 5654 quae
1266 5579 1350 5637 omui
1361 5576 1500 5634 convenit
1509 5580 1537 5632 et
1550 5577 1681 5638 continet
1694 5580 1798 5634 tolum·
