3832 6044
167 137 219 191 40³
352 131 503 187 HUGONIS
518 132 563 186 DE
579 131 607 186 S.
623 129 771 187 VICTORE
786 128 860 184 OPP.
876 126 964 182 PARS
979 129 998 181 1.
1014 156 1049 165 -
1062 126 1300 182 execanda-
1316 127 1336 179 1.
1351 126 1383 179 lN
1400 124 1427 179 S.
1446 125 1671 180 sculpturata.
1821 126 1882 186 tot.

167 272 222 329 per
234 254 384 314 luxuriam
399 253 599 319 conculcatur,
611 255 639 309 et
660 252 689 307 in
718 252 815 309 lutum
840 250 992 322 redigitur,
1006 251 1030 305 Α
1048 249 1090 304 bis
1105 249 1201 306 hodae.
1214 247 1338 305 tristitia
1354 261 1486 319 namque
1508 251 1551 301 est
1570 245 1661 301 animi
1672 245 1875 303 toediumcum

167 345 208 402 ita
218 349 251 402 ut
257 346 322 416 jam
335 343 424 399 miser
438 342 535 398 dicere
548 340 641 413 possit
657 358 664 396 ι
681 341 800 409 Infixae
815 355 879 397 anm
899 341 930 395 ia
960 340 994 395 li
1048 353 1172 393 merore
1189 355 1195 393 :
1212 332 1877 409 quandomensquodammodotabefacta,et

168 449 216 490 mo
224 432 375 502 profundi
387 446 399 486 .·
413 435 441 486 et
455 445 514 485 cort
529 427 760 485 estsulrstantio.
781 430 854 485 Veni
867 429 898 484 in
924 429 993 485 atti·
1047 426 1119 484 vitio
1133 443 1188 483 suo
1203 425 1375 493 amaricata,
1392 424 1506 481 interna
1517 423 1669 479 bonanon
1686 423 1808 496 appetit,
1835 428 1877 479 at·

170 522 301 578 tudinem
316 519 408 574 erraris
422 533 434 573 .·
449 521 478 574 et
498 521 654 586 tempestas
678 517 816 574 demersit
828 532 874 572 me
899 516 992 587 (Pani.
1048 531 1106 588 que
1122 514 1205 571 omni
1213 515 1314 586 vigore
1325 516 1471 580 emortuo,
1483 511 1567 568 nullo
1577 511 1737 585 spiritualis
1747 511 1878 578 relectio·

168 607 273 679 ιιιιιιι).
287 590 582 678 ΟιιιιιᾳιιόΙιιιιοΙίιιιο
601 604 743 677 profundi
763 604 882 660 animus
909 602 996 659 fuerit
1048 603 1095 658 nis
1107 602 1254 658 desiderio
1276 601 1434 658 hilarescit.
1456 603 1614 673 Propterea
1642 599 1681 655 ad
1707 599 1877 657 sanandum

168 693 278 749 infixus
293 697 321 749 et
334 692 396 749 luto
411 691 661 766 coinquinationis
685 696 713 748 et
731 691 928 748 immundities
952 690 995 745 in·
1048 691 1106 746 hoc
1122 691 1226 747 ritirrm
1238 690 1392 764 deprecari
1418 706 1473 746 nos
1500 694 1616 762 oportet
1643 688 1877 744 misericordiam

167 781 297 850 volutus,
318 780 403 838 evelli
417 797 612 854 nequaquam
632 784 737 853 potest,
767 780 806 837 ad
830 780 914 836 illum
939 779 996 834 cla·
1051 778 1177 845 Domini,
1194 783 1226 835 ut
1240 777 1637 851 ipsesolitapietateanimae
1646 776 1734 833 tredio
1748 777 1878 832 suolan-

168 875 240 939 met,
255 875 284 927 et
295 869 440 927 auxilium
453 870 518 941 ejus
532 869 670 942 postulet,
686 869 723 925 de
749 886 810 942 quo
840 868 996 926 Psabnista
1051 867 1153 937 guenti
1168 867 1290 924 internae
1303 866 1469 923 relectionis
1483 865 1629 939 pabulum
1646 865 1825 922 admoveat:
1847 871 1879 920 ut

91 979 94 989 ¹
169 958 310 1032 loquitur,
320 958 422 1015 dicens
432 977 438 1015 :
447 959 635 1029 despectans
643 960 815 1029 exspectavi
825 959 995 1029 bornicum,
1051 955 1134 1028 quod
1148 955 1213 1028 ipsa
1228 955 1336 1011 absens
1348 955 1441 1010 nescit
1451 960 1600 1027 appetere,
1612 959 1716 1024 gustus
1726 953 1879 1026 praesentis

169 1054 198 1104 et
212 1047 340 1104 intendit
353 1046 436 1119 milri,
452 1053 481 1104 et
490 1049 644 1104 excudivit
649 1063 753 1118 preces
768 1063 856 1116 meas,
875 1053 903 1103 et
926 1047 998 1103 adu·
1051 1042 1207 1100 admonita
1219 1042 1341 1116 incipiat
1351 1058 1463 1099 amare.
1477 1046 1567 1098 batur
1578 1059 1649 1112 ergo
1663 1042 1732 1099 huic
1748 1041 1880 1115 petitioni

170 1137 217 1192 ait
231 1135 322 1193 mede
344 1136 413 1192 lecu
432 1137 566 1206 miseras,
590 1142 617 1192 et
645 1137 681 1192 de
704 1138 766 1192 teto
791 1136 877 1206 [ιιοιι
903 1135 995 1205 (Pset.
1051 1133 1173 1207 spiritus
1186 1131 1608 1200 tortitudinis,uttatisccntem
1619 1131 1753 1188 animam
1763 1130 1878 1201 erigat:

171 1223 281 1294 xxxrx).
292 1225 450 1294 Propterea
465 1238 536 1292 ergo
551 1223 615 1296 ipse
638 1239 694 1280 nos
717 1240 803 1280 orare
827 1223 937 1291 docuit,
966 1227 999 1278 ut
1051 1226 1200 1296 quatenus
1215 1221 1274 1288 illa,
1291 1220 1405 1294 pristini
1422 1220 1531 1290 vigoris
1543 1220 1648 1277 virtute
1659 1224 1777 1293 recepta
1788 1219 1828 1274 ab
1841 1217 1882 1275 at-

171 1314 267 1367 tatum
276 1309 392 1366 bonum
404 1314 540 1365 nostrum
551 1326 569 1366 a
579 1313 639 1366 beo
649 1327 714 1366 esse
727 1310 998 1382 intelligamusl‘ri-
1052 1311 1131 1368 iectu
1146 1309 1192 1366 sui
1207 1309 1285 1366 tedii
1299 1309 1338 1366 ad
1354 1308 1535 1365 desiderium
1551 1308 1658 1365 interni
1673 1308 1787 1381 saporis
1814 1323 1883 1362 con-

171 1413 223 1454 ma
237 1410 308 1468 ergo
322 1395 423 1469 petilio
438 1401 541 1454 contra
556 1398 729 1470 superbiam
743 1404 797 1467 est,
808 1415 870 1472 qua
880 1403 938 1456 beo
956 1397 998 1456 di·
1051 1399 1192 1456 valescat.
1210 1401 1294 1455 Creat
1308 1414 1379 1469 ergo
1395 1397 1515 1470 spiritus
1533 1397 1563 1452 in
1587 1397 1676 1454 corde
1699 1396 1811 1452 tamem
1838 1396 1884 1465 jn-

172 1485 288 1541 cimus:
303 1485 635 1555 Sanctificeturnomen
651 1492 744 1543 taum.
761 1487 811 1544 llic
835 1487 915 1544 enim
928 1487 999 1560 peti·
1053 1487 1147 1555 sete,
1163 1491 1196 1544 ut
1207 1487 1281 1544 dum
1296 1486 1343 1542 hic
1358 1502 1412 1559 per
1426 1485 1606 1542 desiderium
1631 1485 1746 1557 pietatis
1772 1483 1885 1540 sortiter

172 1588 252 1641 mus,
267 1576 300 1629 ut
310 1572 360 1630 det
371 1573 459 1630 nobis
474 1572 577 1631 timere
587 1578 616 1630 et
627 1575 760 1632 venerari
774 1590 886 1633 nomen
897 1592 996 1643 suum,
1012 1595 1033 1650 g
1052 1576 1235 1644 accenditur,
1254 1575 1313 1632 illic
1327 1591 1384 1648 pro
1397 1574 1521 1648 praemio
1546 1573 1667 1646 plenam
1691 1571 1885 1630 beatitudinis

171 1660 356 1736 quatenusei
369 1677 422 1734 per
437 1661 635 1721 humilitatem
654 1663 780 1736 subjecti
807 1664 900 1721 simus
926 1664 999 1738 quia
1052 1667 1254 1737 consequatur
1268 1663 1446 1720 satietatem.

171 1765 226 1824 per
240 1750 413 1823 superbiam
427 1751 552 1808 rebelles
564 1757 593 1810 et
606 1758 798 1810 contumaces
821 1753 996 1810 exstitimus.
1088 1753 1196 1819 Quinta
1209 1752 1310 1825 petitio
1325 1757 1370 1810 est
1384 1755 1488 1810 eontra
1503 1751 1669 1820 avaritiam,
1684 1766 1746 1824 qna
1760 1750 1884 1806 dicitur:

171 1838 244 1896 lluic
258 1839 391 1914 petitioni
402 1840 491 1898 datur
501 1841 620 1914 spiritus
630 1841 743 1899 timoris
758 1842 875 1900 bomini
893 1847 926 1900 ut
950 1841 997 1899 ille
1050 1843 1173 1901 Dimitte
1183 1843 1265 1900 nobis
1279 1843 1379 1900 debite
1392 1842 1594 1914 castraverint
1610 1847 1637 1899 et
1648 1857 1700 1898 reos
1710 1842 1888 1901 dirntttirnua

171 1928 213 1986 ad
227 1944 278 1984 cor
290 1927 411 1988 veniens
434 1929 572 1988 rirtutem
599 1930 629 1988 in
649 1947 685 1987 eo
710 1935 788 1988 creet
813 1929 998 2000 humilitatis,
1053 1933 1234 1992 debitoribus
1250 1936 1370 1991 icastris.
1386 1935 1504 1989 lustum
1518 1932 1599 1989 enim
1613 1937 1657 1989 est
1670 1937 1703 1990 ut
1716 1932 1747 1989 in
1760 1931 1885 1990 redden·

172 2035 241 2093 quse
250 2019 398 2093 superbiae
408 2020 549 2078 morbum
564 2025 657 2090 sanet,
668 2021 861 2095 quatenusad
871 2036 998 2092 regnum
1053 2022 1093 2080 do
1107 2021 1208 2079 debito
1218 2037 1281 2079 non
1294 2021 1404 2079 debeat
1417 2036 1481 2076 esse
1496 2020 1613 2090 anxius,
1625 2020 1678 2093 qui
1692 2021 1722 2076 in
1738 2020 1883 2091 exigendo

172 2107 326 2175 coelorum,
342 2108 425 2183 quod
444 2109 568 2181 angelus
595 2109 743 2183 superbus
768 2125 822 2185 per
840 2110 999 2168 elationem
1052 2111 1256 2168 nolueritesse
1280 2126 1399 2168 avarus.
1436 2114 1530 2183 atque
1559 2109 1626 2166 ideo
1647 2126 1717 2166 cum
1745 2127 1764 2167 a
1796 2109 1884 2167 nobis

172 2197 310 2269 perdidit,
324 2197 416 2255 homo
430 2198 550 2256 humilis
565 2199 719 2272 pervenire
729 2199 831 2273 possit.
1054 2215 1108 2273 per
1122 2199 1173 2256 bei
1186 2199 1313 2270 gratiam
1326 2198 1430 2256 titium
1444 2198 1573 2256 avaritia.
1589 2198 1709 2268 tollitur,
1725 2198 1852 2272 qualiter
1865 2217 1884 2257 a

209 2286 347 2344 Secunda
354 2286 456 2360 petitio
464 2291 508 2344 cst
519 2293 623 2345 contra
634 2286 789 2356 invidiam,
801 2303 863 2361 qua
872 2286 997 2344 dicitur:
1054 2292 1157 2346 nostro
1169 2287 1269 2346 debito
1282 2286 1399 2345 absolvi
1419 2285 1596 2355 debeamus,
1621 2287 1754 2361 exposita
1777 2287 1879 2346 salutis

172 2373 323 2432 Adveniet
336 2390 460 2447 regnam
476 2380 569 2433 tuum.
586 2379 722 2447 Regnum
736 2374 885 2449 siquidem
895 2374 1000 2431 Deiest
1056 2376 1234 2444 conditione,
1264 2376 1404 2434 donatur.
1437 2376 1508 2432 lluic
1537 2392 1609 2446 ergo
1636 2377 1769 2450 petitioni
1796 2377 1885 2435 datur

173 2462 254 2519 salus
268 2463 428 2521 hominum
444 2482 451 2521 :
468 2464 540 2538 quia
553 2469 624 2522 tunc
639 2467 715 2522 bens
727 2464 759 2522 in
772 2463 946 2522 hominibus
956 2478 1000 2519 rc·
1056 2464 1177 2540 spiritus
1191 2464 1316 2531 consilii,
1332 2464 1386 2538 qui
1397 2464 1504 2522 doceat
1518 2480 1573 2521 nos
1588 2465 1617 2521 in
1643 2466 1700 2522 hoe
1724 2465 1834 2524 seculo
1852 2466 1885 2524 li·

173 2566 265 2623 gnare
278 2551 393 2620 dicitur,
410 2553 534 2625 quando
549 2553 606 2627 ipsi
626 2553 764 2611 homines
792 2552 1000 2625 subjiciuntur,
1057 2553 1163 2610 beuter
1177 2552 1312 2627 peccanti
1326 2553 1357 2609 iu
1373 2568 1428 2610 nos
1440 2553 1676 2611 misericordiam
1700 2550 1884 2624 impendere,

172 2643 201 2696 et
216 2639 308 2696 modo
323 2639 350 2695 ei
364 2639 546 2698 adherendo
560 2641 728 2714 perfidem,
743 2645 772 2698 et
780 2640 1003 2714 postinhaeren-
1056 2645 1205 2714 quatenus
1219 2640 1251 2698 in
1265 2640 1365 2698 tuturo
1379 2657 1449 2698 cum
1464 2640 1659 2716 propeccatis
1680 2640 1772 2697 nostri
1797 2639 1885 2696 ratic-

173 2728 213 2784 do
228 2727 432 2802 perspeciem.
448 2729 504 2795 Qui
524 2745 596 2800 ergo
610 2730 682 2803 petit
696 2735 728 2787 ut
748 2745 876 2800 regnum
887 2729 938 2786 bei
950 2729 1001 2786 ad·
1056 2745 1126 2787 nem
1136 2728 1280 2786 reddituri
1308 2746 1423 2799 sumus,
1450 2745 1619 2786 mereamur
1646 2727 1885 2785 misericordiam

172 2815 281 2885 veniat,
296 2816 489 2890 illcprolecto
510 2818 636 2876 salutem
659 2819 766 2892 quierit
791 2818 936 2886 omnium,
965 2835 1001 2876 ac
1056 2817 1198 2875 invenire.

172 2921 227 2977 per
240 2905 297 2962 boc
311 2906 394 2978 quod
408 2921 464 2978 pro
477 2907 631 2963 communi
646 2907 782 2964 omnium
793 2907 887 2965 salute
901 2911 1002 2980 postu·
1015 2944 1035 3002 (¹
1093 2910 1180 2964 Sexta
1193 2906 1295 2980 petitio
1308 2910 1412 2964 contra
1427 2906 1540 2978 gulam,
1552 2921 1614 2979 qua
1628 2906 1736 2963 dicitur
1751 2924 1757 2962 :
1781 2908 1820 2962 Et
1848 2923 1884 2963 ne

172 2992 224 3061 lat,
240 2992 341 3050 livoris
354 2993 458 3050 vitium
471 3011 502 3051 sc
526 2994 687 3068 reprobare
710 2995 904 3052 demonstrat.
930 2994 1001 3052 lluic
1028 2979 1036 3000 ⁴
1056 3011 1109 3052 nos
1120 2995 1246 3053 induces
1258 2996 1290 3051 ire
1306 2996 1507 3067 tentationem,
1524 2994 1618 3062 idest,
1634 3010 1672 3051 ne
1692 2994 1794 3050 induci
1818 3011 1885 3067 per-

173 3081 306 3156 petiticni
333 3082 421 3139 datur
446 3083 565 3157 spiritus
591 3083 717 3157 pietatis,
747 3088 779 3142 ut
804 3084 868 3157 ipse
892 3083 931 3140 ad
951 3099 1002 3141 eor
1056 3082 1155 3140 mittas
1165 3083 1197 3140 in
1211 3083 1412 3142 tentationem.
1428 3087 1494 3140 lloec
1516 3088 1560 3140 est
1587 3082 1708 3157 tentatio
1736 3099 1804 3156 quae
1828 3099 1884 3139 nos

172 3169 306 3239 veniens,
322 3171 361 3228 ad
372 3169 587 3243 benignitatem
601 3171 676 3229 illud
695 3171 840 3231 accendat
853 3177 1002 3246 quatenus
1057 3172 1196 3229 illecebra
1210 3170 1308 3229 carnis
1323 3188 1402 3245 saepe
1416 3187 1470 3245 per
1482 3172 1652 3229 naturalem
1666 3172 1830 3245 appetitum
1845 3172 1884 3231 ad

174 3259 213 3316 ad
227 3260 368 3318 eamdem
391 3261 611 3319 bomcaeternae
636 3261 816 3319 hereditatis
842 3260 1003 3333 possessio·
1056 3277 1212 3319 excessum
1226 3261 1340 3319 trahere
1362 3261 1473 3330 nititur,
1500 3266 1529 3319 et
1550 3261 1674 3319 latenter
1700 3261 1884 3334 voluptatem

173 3363 254 3417 nem,
265 3348 408 3423 adquam
418 3349 492 3407 alios
502 3349 655 3423 pervenire
665 3350 756 3423 eupit,
767 3348 830 3423 ipsc
838 3348 1001 3421 perveniat.

209 3436 305 3494 Tertia
318 3438 420 3510 petitio
434 3443 478 3495 est
487 3443 591 3496 contra
604 3439 690 3507 ham,
705 3455 767 3512 qua
787 3437 894 3495 dicitur
908 3455 914 3492 :
930 3438 1002 3495 Fiat

174 3524 314 3581 rotantes
329 3530 392 3593 tue,
408 3528 485 3583 sicut
498 3528 529 3582 in
545 3528 618 3584 coetc
643 3531 672 3583 et
685 3527 716 3582 in
742 3531 834 3584 terra.
862 3527 922 3582 Hac
946 3525 1002 3582 sibi

174 3609 292 3683 placere
304 3609 425 3678 indicat,
442 3612 570 3685 quiquid
579 3611 717 3668 voltmtas
731 3611 782 3669 bei
795 3611 898 3668 sivein
909 3629 951 3685 se,
965 3613 1002 3670 si·

174 3713 211 3755 ve
225 3696 256 3754 in
271 3695 336 3756 aliis
360 3699 526 3755 secundum
554 3699 709 3756 arbitrium
730 3716 792 3755 suae
820 3699 1001 3770 dignationis

174 3786 337 3860 dispensat.
352 3787 424 3846 Huic
438 3803 509 3858 ergo
523 3787 657 3861 petitioni
671 3788 759 3844 datur
773 3788 893 3861 spiritus
908 3790 1001 3847 scien-

1057 3349 1184 3423 subjicit,
1194 3349 1268 3407 dum
1283 3349 1438 3407 manifeste
1451 3350 1540 3407 nobis
1554 3351 1592 3407 de
1605 3350 1778 3407 necessitate
1799 3349 1884 3406 blan·

1056 3437 1144 3495 ditur.
1162 3441 1193 3495 ln
1207 3455 1301 3511 quam
1315 3438 1447 3512 protecto
1457 3438 1648 3498 tentationem
1674 3444 1744 3494 tunc
1772 3452 1884 3511 nequa·

1056 3543 1150 3600 quam
1162 3526 1342 3597 inducimur,
1353 3528 1378 3584 si
1392 3528 1433 3584 sic
1444 3528 1599 3585 studemus
1616 3527 1783 3584 secundum
1802 3542 1885 3583 men·

1057 3630 1159 3672 suram
1171 3615 1353 3673 necessitatis
1367 3621 1481 3672 naturae
1493 3615 1662 3672 subsidium
1671 3615 1885 3688 impenderent

1057 3707 1157 3761 tamen
1168 3719 1286 3777 semper
1299 3702 1524 3760 meminerimus
1540 3705 1706 3777 appetitum
1729 3704 1769 3760 ab
1789 3702 1884 3760 illece-

1055 3792 1111 3850 bra
1124 3792 1284 3865 roluptatis
1298 3806 1443 3848 coercere.
1464 3792 1551 3858 Quod
1578 3798 1612 3848 ut
1637 3792 1760 3865 implere
1787 3791 1887 3849 valea-

173 3875 232 3944 tire,
248 3879 282 3934 ut
293 3876 357 3950 ipse
367 3876 407 3933 ad
421 3892 473 3934 cor
483 3874 605 3933 veniens
620 3876 735 3933 erudiat
747 3876 821 3933 illud
835 3882 864 3934 et
878 3878 1002 3936 salubri·
1056 3897 1124 3936 mus
1136 3881 1225 3937 datur
1238 3879 1325 3936 nobis
1337 3878 1506 3953 petentibus
1530 3879 1650 3953 spiritus
1673 3879 1882 3950 intelligentie,

174 3966 219 4019 ter
232 3967 426 4036 compungat,
442 3968 474 4021 ut
488 3964 561 4021 sciat
574 3964 666 4021 homo
681 3964 806 4034 malum,
820 3966 903 4040 quod
929 3968 1003 4040 pati·
1056 3973 1089 4026 ut
1101 3968 1218 4026 interna
1229 3967 1350 4026 reiectio
1364 3968 1448 4025 verbi
1458 3969 1509 4026 bei
1524 3969 1689 4042 appetitum
1709 3968 1884 4026 exteriorem

175 4052 224 4108 tur
234 4063 272 4106 ex
285 4066 341 4108 sua
354 4050 444 4124 culpa
459 4052 634 4132 provenire:
651 4053 676 4110 si
701 4052 776 4127 quid
803 4059 903 4112 autem
930 4055 1003 4113 boni
1056 4057 1203 4126 cohibeat,
1220 4061 1248 4114 et
1261 4072 1348 4114 mens
1362 4057 1506 4131 spirituali
1520 4058 1588 4115 cibo
1602 4058 1803 4126 roboretur,ut
1815 4073 1883 4116 cam

175 4137 294 4208 babeat,
311 4154 348 4196 ex
360 4139 564 4198 misericordia
576 4141 627 4199 bei
640 4141 802 4214 procedere
815 4161 822 4212 ;
834 4158 869 4200 ac
882 4159 935 4217 per
944 4145 1002 4202 hoc
1055 4161 1118 4203 non
1127 4145 1225 4203 valeat
1238 4145 1402 4220 corporalis
1417 4151 1534 4217 egestas
1549 4146 1694 4218 frangere,
1718 4161 1774 4203 nec
1786 4145 1884 4203 carnis

175 4225 342 4286 diseatsive
365 4228 396 4286 in
419 4229 517 4299 malis,
550 4246 618 4304 quaa
645 4230 778 4299 sustinet,
804 4232 865 4288 sive
893 4232 923 4290 in
949 4233 1003 4290 bo·
1055 4234 1194 4308 voluptas
1209 4250 1361 4308 superare.
1377 4237 1535 4308 Propterea
1548 4250 1680 4308 namque
1693 4239 1721 4292 et
1746 4234 1810 4307 ipse
1830 4236 1884 4291 bo-

175 4315 232 4388 nis,
272 4332 341 4389 quae
377 4332 439 4374 non
478 4318 578 4387 habet,
612 4324 715 4376 contra
748 4322 915 4377 Creatorem
940 4337 1003 4380 non
1056 4322 1157 4380 minus
1171 4323 1309 4381 tentatori
1323 4339 1377 4380 suo
1392 4323 1465 4380 dum
1480 4322 1619 4380 esurienti
1634 4322 1691 4378 sibi
1713 4322 1884 4395 fraudulen-

175 4403 263 4463 irasci
302 4405 355 4463 sed
394 4422 448 4479 per
485 4407 587 4464 omnia
635 4406 810 4481 patientiam
852 4409 1001 4467 exhibere.
1057 4412 1129 4470 tiam
1142 4413 1180 4470 de
1193 4412 1344 4470 exterioris
1358 4412 1446 4486 panis
1472 4411 1660 4483 suggestione
1688 4411 1806 4479 taceret,
1825 4427 1884 4468 res-

176 4493 292 4566 Optime
314 4510 386 4566 ergo
419 4511 473 4569 per
495 4496 757 4568 compunctionem
793 4496 901 4569 cordis,
934 4514 1003 4573 quae
1057 4500 1162 4573 pendit
1189 4501 1310 4556 dicens:
1339 4499 1408 4556 Non
1428 4501 1459 4555 in
1485 4501 1548 4555 soto
1566 4513 1649 4569 pane
1676 4501 1749 4556 vivit
1786 4499 1883 4570 tarro,

176 4580 281 4653 spiritu
295 4581 423 4640 scientiae
434 4588 575 4655 operante
585 4583 707 4642 interius
715 4599 751 4642 ex
761 4584 925 4643 humilitate
936 4602 1005 4644 nas·
1054 4588 1106 4645 sed
1131 4589 1163 4643 in
1199 4589 1282 4645 omrai
1318 4586 1405 4644 verbo
1432 4586 1513 4658 quod
1530 4586 1668 4655 procedit
1696 4588 1732 4644 de
1756 4601 1807 4644 ore
1830 4587 1886 4644 Dei

177 4667 262 4735 citm,
275 4668 320 4725 ira
330 4668 530 4740 etindignatio
540 4672 633 4729 animi
643 4672 816 4744 mitigatur:
832 4674 904 4748 quia
930 4675 1004 4733 edi·
1056 4675 1179 4749 (Metti.
1205 4677 1263 4748 ιι);
1289 4678 1322 4731 ut
1347 4677 1448 4747 aperte
1477 4673 1695 4732 demonstraret
1718 4675 1884 4749 quodcum

176 4768 265 4809 verso
278 4752 400 4811 stultum
415 4754 460 4812 ira
468 4755 614 4826 interficit,
630 4760 753 4832 quando
768 4776 822 4834 per
848 4761 1004 4835 impatien-
1057 4780 1143 4830 mens
1165 4763 1216 4821 illo
1243 4762 1365 4821 interius
1388 4777 1467 4835 pane
1494 4761 1633 4830 reficitur,
1666 4779 1728 4821 non
1771 4777 1884 4834 magno

176 4840 224 4898 ue
242 4840 348 4900 vitium
375 4842 513 4913 agitatus,
537 4848 628 4918 atque
654 4853 791 4919 caecatus,
817 4851 864 4909 vet
889 4851 1003 4909 malum
1056 4867 1146 4925 opere
1161 4855 1246 4909 curat
1259 4851 1283 4908 si
1298 4849 1369 4908 toris
1381 4851 1422 4907 ad
1432 4855 1550 4924 tempus
1571 4850 1683 4908 tamem
1710 4851 1809 4908 carnis
1832 4867 1884 4924 pa-

176 4928 261 5002 quod
269 4928 380 5003 patitur
393 4946 424 4988 se
437 4932 592 5003 meruisse,
607 4935 652 4993 vel
665 4936 782 4995 bonum
808 4939 891 5012 quod
913 4939 1005 4997 habet
1056 4940 1156 4998 tiatur.
1171 4942 1263 4997 Datur
1276 4940 1365 5013 igitur
1379 4943 1483 4998 contra
1508 4940 1608 5010 gulam
1639 4940 1759 5014 spiritus
1783 4939 1885 4997 intelli-

176 5018 365 5094 pergratiam
372 5019 523 5094 accepisse
536 5037 598 5080 non
612 5026 774 5098 cognoscit.
799 5029 880 5085 lianc
903 5033 1004 5086 autem
1057 5029 1164 5102 gentiae
1180 5028 1308 5087 :sedille
1323 5029 1362 5086 ad
1378 5045 1429 5086 cor
1443 5029 1564 5087 veniens
1579 5031 1724 5088 emundat
1745 5029 1820 5088 illud
1844 5033 1885 5086 at-

176 5107 328 5179 virtutem,
342 5108 374 5166 id
395 5113 448 5180 est,
476 5113 739 5184 compunctionem
768 5114 829 5171 sire
857 5114 1002 5186 dolorem,
1056 5134 1116 5192 que
1130 5117 1277 5192 purificat.

176 5199 336 5272 premium
356 5198 566 5258 consolationis
591 5203 734 5276 sequitur,
760 5207 794 5260 ut
819 5203 873 5277 qui
898 5219 930 5260 se
955 5204 1005 5263 hic
1094 5206 1225 5281 Septima
1238 5205 1338 5280 petitio
1353 5211 1397 5263 est
1406 5209 1510 5264 contra
1518 5206 1678 5277 luxuriam,
1688 5205 1881 5282 quadicitur:

178 5290 284 5358 sponte
298 5302 401 5347 coram
416 5290 476 5346 Deo
490 5304 544 5362 per
555 5288 687 5349 lamenta
701 5289 815 5364 affligit,
827 5289 887 5348 illic
897 5308 1004 5352 rerum
1055 5296 1165 5353 Libera
1179 5311 1232 5353 oca
1247 5311 1265 5353 o
1280 5296 1371 5352 mato.
1386 5299 1460 5353 Nam
1487 5295 1563 5366 licet,
1592 5301 1625 5354 ut
1647 5295 1717 5354 alibi
1740 5295 1881 5364 diximus,

178 5374 323 5442 gaudium
332 5380 362 5432 et
372 5376 504 5436 letitiam
518 5376 651 5438 invenire
665 5383 824 5438 mereatur.
1056 5384 1212 5458 multiplex
1221 5389 1266 5442 est
1277 5385 1402 5455 malurn,
1414 5390 1447 5442 ut
1455 5385 1571 5444 malum
1585 5384 1717 5461 corporis
1726 5388 1755 5441 et
1766 5383 1882 5443 malum

215 5462 325 5528 Quarta
337 5466 437 5537 petitio
451 5470 496 5525 est
507 5472 611 5528 contra
623 5471 780 5541 tristitiam,
795 5486 849 5528 seu
855 5471 1001 5543 acediam,
1054 5472 1164 5531 anima
1177 5472 1406 5548 ;ma1umquod
1421 5478 1465 5531 est
1478 5474 1576 5547 culpa
1590 5473 1705 5532 malum
1728 5471 1812 5544 (1¹¹0d
1839 5478 1883 5531 0⁸²

179 5562 240 5620 qua
251 5548 358 5608 dicitur
371 5572 378 5610 :
393 5555 508 5614 Panem
521 5565 655 5617 nostrum
669 5560 876 5631 quotidianum
896 5560 937 5619 da
951 5578 1001 5620 no·
1055 5576 1166 5636 perna,
1181 5561 1296 5621 malum
1305 5563 1396 5634 hujus
1411 5562 1521 5632 secat,
1538 5568 1567 5623 et
1582 5563 1697 5623 malum
1709 5560 1802 5618 luturi
1817 5579 1826 5632 ;
1843 5566 1881 5620 ta-
