3832 6044
188 128 239 179 655

502 120 653 177 HUGONlS
673 119 718 172 llll
738 118 766 172 S.
786 111 934 173 vvarant:
954 114 1029 169 orl).
1049 114 1136 169 Palas
1157 117 1176 168 1.
1198 144 1232 153 -
1255 113 1446 167 EllllGllTlCh
1466 112 1579 166 llUlilh.

1845 113 1895 169 att

188 262 223 302 eo
233 244 317 318 quod
330 242 427 298 lutum
436 241 583 314 inquinat,
596 236 899 306 luxiuiamdcsignat.
913 235 1010 303 Palea,
1031 242 1054 294 h
1072 238 1102 291 ln
1117 237 1241 296 transitu
1251 235 1388 293 iordanis
1401 234 1520 291 inferior
1536 251 1606 307 pars
1617 251 1703 307 aqua
1718 234 1758 290 ad
1781 232 1897 292 luterio

188 351 223 392 eo
236 332 318 407 quod
325 330 396 388 levis
408 334 462 397 est,
474 334 503 386 et
512 328 569 385 cito
581 326 752 394 transvolat,
763 342 873 382 vanam
889 324 1015 396 gloriam

189 421 345 493 significat.
358 422 442 476 Later
456 433 588 490 quoque,
602 415 654 489 qui
668 415 704 471 de
719 414 802 470 molli
828 419 904 470 terra
919 413 990 469 conf
1006 444 1016 452 -

188 517 263 579 ctus,
277 525 331 583 per
344 507 550 564 decoctionem
564 504 642 576 ignis
666 503 804 571 durescit,
820 503 1017 560 1111111111-

187 598 234 654 dis
248 597 400 664 duritiam,
412 594 595 669 perlongam
611 592 671 648 sive
682 590 939 664 concupiscentiae,
955 589 1017 644 sive

187 685 319 743 libidinis
347 690 399 743 aut
430 682 560 740 avaritiae
590 679 837 737 consuetudinem
863 679 1018 734 decoctam

188 773 338 834 ostendit:
355 789 409 847 per
427 788 519 846 quam
530 769 616 826 multi
631 767 763 825 serviunt
772 768 801 824 in
817 768 863 824 his
877 767 1018 823 omnibus

189 864 278 923 hodie
288 862 445 930 Pharaoni,
461 860 514 934 qui
524 863 623 916 1111111
641 856 758 914 suntad
773 857 864 912 vitam
877 860 1019 912 veternam

188 949 400 1026 praedestinati,
421 955 450 1006 et
470 954 579 1006 terram
608 946 734 1005 coelestis
748 945 852 1011 patria
871 941 1017 1016 adepturi.

190 1040 359 1114 Flagellatio
372 1038 489 1111 AEgypti
500 1037 732 1094 destructionem
747 1034 893 1106 significat
908 1029 1017 1098 saeculi,

189 1148 251 1189 nen
267 1129 434 1187 secundum
453 1129 509 1185 hoc
525 1126 607 1200 quod
621 1125 724 1181 divina
748 1123 935 1197 providentia
945 1120 1020 1191 regi-

190 1226 248 1289 tur,
264 1221 317 1277 sed
332 1217 499 1276 secundum
518 1217 574 1273 hoc
594 1215 677 1288 quod
692 1214 721 1270 in
736 1213 900 1270 ministerio
914 1210 1020 1285 praedi-

191 1307 315 1365 cationis
336 1307 367 1363 in
396 1322 451 1362 sua
474 1303 588 1361 malitia
613 1302 793 1358 debilitatur.
823 1299 1021 1370 Primogenita

191 1395 368 1471 principalia
382 1393 555 1467 exprimunt
579 1391 659 1448 vitia.
675 1390 873 1460 Primogenita
887 1404 956 1445 vero
979 1387 1020 1442 in-

192 1482 522 1557 terticiuntur,quando
545 1497 598 1554 per
623 1480 750 1551 gratiam
772 1479 822 1535 Dei
846 1476 1021 1551 principalia

1069 343 1103 382 ra
1116 326 1302 394 decurrebat,
1330 325 1465 398 superior
1490 328 1591 380 autem
1606 323 1731 380 solidata
1760 322 1898 380 subsiste

1069 415 1130 470 bat.
1148 413 1193 471 Sic
1209 415 1240 471 in
1262 419 1357 470 morte
1383 413 1502 470 interior
1526 429 1597 485 pars
1624 412 1763 480 hominis,
1789 409 1898 477 scilicet

1071 520 1150 571 carc,
1166 503 1288 559 interius
1303 502 1441 570 decurrit,
1455 502 1527 575 quia
1539 507 1615 557 terra
1627 506 1680 568 est,
1694 505 1722 556 et
1742 501 1773 556 iu
1788 505 1897 578 terrant

1072 592 1205 664 superior
1225 608 1295 664 pars
1309 592 1384 663 ejus,
1396 591 1426 646 id
1438 596 1480 646 est
1489 590 1599 658 anima,
1614 589 1740 645 solidata
1756 587 1896 655 subsistit

1071 680 1143 753 quia
1154 697 1239 737 suam
1257 681 1321 751 jam
1336 679 1481 752 recipiens
1509 678 1625 746 stolam,
1639 678 1679 734 ad
1706 678 1897 748 aeternitatem

1074 769 1185 826 transit.
1198 772 1262 825 Duo
1276 786 1347 827 vero
1363 774 1432 825 sunt
1444 770 1605 841 bonaque
1621 769 1708 825 nobis
1732 769 1762 825 in
1789 763 1898 829 caelesti

1073 859 1168 932 patria
1181 858 1393 931 promittuntur
1405 877 1411 914 :
1425 858 1471 915 lac
1482 863 1510 914 et
1520 858 1587 915 mel.
1596 862 1662 927 Lac,
1674 858 1746 930 qrria
1758 858 1795 914 de
1812 873 1897 914 carne

1073 954 1125 1012 est.
1142 947 1289 1019 significat
1310 947 1526 1005 humanitatem
1537 948 1657 1016 Christi;
1669 947 1729 1003 mel
1737 964 1819 1015 vcro,
1830 947 1897 1019 quia

1072 1039 1110 1094 dc
1124 1054 1190 1093 rore
1204 1037 1272 1094 eceli
1283 1038 1455 1106 concrescit,
1465 1036 1601 1106 designat
1611 1038 1636 1108 ej
1643 1054 1675 1092 ns
1686 1036 1837 1093 deitatem.
1849 1041 1898 1095 hc

1073 1127 1220 1201 cipianrus
1236 1126 1335 1200 itaque
1350 1131 1459 1183 terram
1473 1126 1548 1182 laete
1563 1133 1591 1183 et
1606 1126 1694 1182 melle
1709 1130 1896 1183 manantem:

1073 1215 1145 1288 quia
1171 1215 1201 1269 in
1232 1216 1290 1271 hoc
1329 1214 1546 1282 beatificamur,
1575 1214 1657 1287 quod
1683 1213 1895 1275 humanitatem

1074 1304 1177 1363 Christi
1189 1310 1217 1360 ct
1230 1304 1323 1376 ipsius
1341 1304 1525 1360 divinitatem
1554 1304 1802 1378 contemplamur.
1817 1307 1896 1376 :Egy-

1073 1399 1142 1468 ptus
1155 1395 1265 1466 itaque,
1281 1393 1339 1450 rita
1355 1393 1525 1449 saecularitis
1539 1412 1546 1460 ;
1558 1393 1718 1459 desertum,
1734 1392 1795 1448 vita
1819 1391 1895 1465 spiri-

1075 1481 1273 1549 tualis3terra
1296 1481 1512 1555 promissionis,
1536 1482 1597 1537 rita
1622 1480 1758 1538 coelestis.
1787 1481 1895 1538 Pharao

191 1575 264 1632 vitia
277 1575 481 1631 destruuntm.
503 1569 616 1628 Occisio
638 1568 708 1640 agni
722 1567 822 1641 passio
839 1565 952 1633 Christi,
968 1581 1021 1636 per
1040 1571 1225 1646 ssdiabolus,
1241 1570 1390 1644 principes
1405 1572 1469 1641 eius
1485 1571 1647 1639 alremones,
1663 1570 1759 1627 lutum
1773 1569 1895 1638 luxuria,

192 1681 287 1738 quam
298 1678 404 1721 omncs
419 1660 504 1718 electi
517 1659 681 1716 liberantur
695 1656 861 1714 aservitute
874 1654 1021 1710 diabolici

193 1755 230 1810 dc
245 1752 414 1826 captivitate
424 1747 578 1824 praesentis
589 1746 699 1803 saeculi.
709 1746 799 1816 Cujus
807 1744 943 1799 videlicet
952 1743 1022 1814 agni

193 1841 339 1913 sanguine
347 1844 507 1911 utriunque
515 1838 776 1908 postemnostrurn
786 1831 1020 1904 linimustllaod.

193 1933 254 2004 xvv),
270 1946 340 1987 cum
352 1927 524 2001 passionem
539 1925 603 1995 ejus
617 1927 645 1978 et
660 1922 749 1979 corde
760 1921 919 1989 credimus,
936 1925 1022 1977 ctorc

193 2019 474 2084 eenfitcmm·(ltorrr.
491 2014 529 2086 x).
548 2016 680 2069 Lactucae
696 2014 837 2081 agrestes,
850 2009 1023 2066 amaritudi-

193 2125 264 2166 nem
278 2105 452 2180 exprimunt
464 2101 654 2168 peanitentiae.
670 2103 744 2156 Cum
759 2099 839 2156 enim
855 2115 1023 2155 sacramen-

193 2203 224 2256 to
239 2194 384 2254 bominici
398 2192 532 2266 corporis
543 2184 812 2258 communicamus,
832 2187 945 2257 flagitia
966 2187 1023 2243 sub

193 2288 347 2346 Pharaone
373 2286 520 2340 retroacta
547 2279 655 2336 dellere
693 2278 848 2334 debemus.
875 2275 1023 2332 accinctio

194 2393 301 2436 renum
316 2373 464 2447 significat
478 2368 701 2428 continentiam.
716 2367 932 2433 Calceamenta,
955 2382 1023 2439 quae

194 2469 232 2525 de
246 2465 334 2523 coriis
349 2460 525 2520 animalium
551 2461 739 2515 mortuorum
752 2457 837 2525 liunt,
862 2454 1023 2511 mortalita·

195 2557 231 2615 tis
254 2551 432 2612 memoriam
469 2549 646 2620 significant.
685 2545 794 2614 Baculi,
821 2561 897 2617 quos
925 2549 1023 2599 tenere

195 2643 347 2700 debebant
361 2641 391 2695 in
405 2637 556 2704 manibus,
578 2634 748 2705 significant
756 2633 912 2706 justitiam,
929 2631 959 2687 in
972 2631 1024 2687 ba·

196 2731 270 2789 culis
297 2729 378 2786 euim
401 2725 545 2783 rectitudo
569 2728 622 2779 cst.
651 2721 806 2779 Festinatio
833 2719 1024 2778 comestionis

196 2818 376 2878 celeritatem
386 2813 524 2886 exprimit
539 2809 751 2868 conversionis.
767 2815 880 2865 hurum
895 2807 1022 2881 AEgypti,

196 2907 280 2982 quod
293 2905 345 2962 filii
372 2901 461 2959 lsrael
482 2899 621 2966 tulerunt,
636 2914 671 2954 eo
700 2897 782 2970 quod
801 2897 949 2967 fulgidum
969 2901 1022 2965 est,

196 2994 435 3073 philosophicam
471 2990 602 3047 insinuat
641 2987 828 3061 sapientiam.
861 2991 1025 3057 Argentum

197 3091 309 3155 autem,
324 3083 396 3159 quia
409 3096 552 3138 sonorum
579 3083 632 3148 est,
649 3077 795 3149 significat
812 3077 1023 3150 eloquentiam.

198 3181 298 3242 Arma,
323 3171 434 3247 quibus
460 3165 907 3237 111111111111311111111111111,
937 3164 1025 3220 virtu·

199 3272 241 3324 tes
269 3264 431 3330 insinuant,
462 3259 572 3334 quibus
612 3262 715 3314 contra
753 3257 821 3313 vitia
847 3245 1023 3312 armamur:

199 3354 373 3421 castitatem,
402 3365 558 3424 perquam
573 3346 727 3403 munimur
739 3350 841 3402 contra
855 3344 1024 3412 luxuriam3

199 3442 407 3508 humilitatem,
434 3442 538 3496 contra
567 3434 749 3508 superbiam,
766 3440 794 3490 et
808 3435 848 3490 sic
863 3435 900 3490 do
915 3432 1027 3489 caeteris

126 3531 128 3535 ’
200 3529 358 3587 virtutibus
372 3532 402 3583 et
413 3525 500 3582 vitiis.
518 3524 623 3580 Farina
642 3539 704 3579 nou
733 3523 918 3591 fermentata,
934 3538 1027 3595 quam

201 3634 304 3676 secum
319 3616 458 3681 tulerunt,
485 3611 650 3685 simplicem
676 3616 705 3666 et
726 3628 832 3667 sanam
860 3612 1028 3669 doctrinam

201 3707 348 3779 designat,
376 3702 515 3761 heretica
534 3700 678 3774 pravitate
693 3699 816 3755 minime
844 3706 1026 3773 corruptam.

201 3801 278 3857 liare
306 3793 440 3851 Rubrum
463 3788 648 3862 baptismum
675 3786 822 3856 significat
844 3787 948 3843 Christi
962 3804 1029 3844 san·

203 3887 292 3958 guinc
307 3882 522 3940 consecratum.
548 3880 579 3932 ln
591 3875 668 3932 mari
682 3876 782 3933 Rubro
798 3876 971 3932 submersus
986 3881 1030 3933 est

131 4032 140 4043 ,
202 3977 327 4040 Pharao,
344 3976 372 4027 et
393 3967 542 4043 principes
566 3966 639 4036 ejus,
656 3965 724 4020 etia
752 3965 903 4037 baptismo
925 3965 1030 4022 libera-

203 4078 273 4119 mur
287 4076 304 4118 1
318 4061 463 4132 potestate
473 4053 594 4122 diaboli,
606 4056 634 4110 et
650 4052 820 4126 principum
832 4053 919 4109 illius.
930 4056 1031 4110 beser·

203 4155 278 4217 tum,
292 4146 376 4222 qued
389 4142 511 4203 transito
526 4141 602 4198 mari
617 4141 715 4198 Rubro
730 4140 782 4196 tilii
803 4140 892 4197 lsrael
905 4141 1030 4198 1111111-

204 4243 283 4307 runt,
298 4237 389 4294 vitam
404 4233 551 4306 significat
579 4231 773 4305 spiritualem,
789 4247 891 4304 quam,
908 4235 1030 4304 accepta

1075 1660 1162 1733 palea
1178 1676 1256 1717 sana
1272 1659 1375 1730 gloria,
1390 1677 1497 1717 amum
1513 1660 1720 1734 philosophica
1747 1659 1894 1734 sapientia,

1076 1755 1233 1820 argentum
1248 1749 1427 1822 eloquentia,
1444 1750 1517 1806 later
1536 1749 1644 1807 dmitia
1672 1750 1780 1819 cordis,
1793 1750 1895 1807 fluvius

1075 1839 1191 1913 AEgypti
1218 1839 1317 1895 1111111
1345 1840 1455 1897 saeculi.
1480 1844 1593 1913 Moyses
1617 1841 1837 1914 praedicatores,
1853 1840 1895 1896 srlii

1076 1928 1164 1985 lsrael
1188 1927 1352 1995 Christiani,
1370 1927 1530 1985 interiectio
1557 1929 1826 2002 primogenitorum
1839 1929 1896 1989 des-

1077 2017 1181 2074 tructio
1197 2016 1409 2089 principalium
1424 2017 1571 2084 vitiorum,
1587 2018 1696 2074 occisio
1711 1998 1782 2088 agni
1805 2018 1896 2092 passio

1078 2106 1191 2173 Christi,
1215 2109 1345 2176 agrestes
1369 2105 1491 2162 lactucae
1517 2107 1685 2163 amaritudo
1714 2107 1895 2180 paenitentia,

1077 2196 1173 2252 farina
1187 2212 1246 2251 non
1263 2197 1438 2253 fermentata
1452 2196 1576 2268 simplex
1590 2195 1736 2266 doctrina,
1752 2214 1835 2253 mare
1851 2200 1897 2276 111Ι

1077 2286 1166 2341 braun
1180 2284 1359 2357 baptismus,
1374 2284 1504 2357 populus
1518 2284 1748 2341 straralecitarum
1759 2285 1831 2342 vitia
1846 2303 1898 2342 ear·

1078 2373 1167 2441 nulia,
1185 2373 1246 2428 sive
1258 2372 1390 2443 perversi
1405 2372 1551 2428 homines.
1569 2375 1612 2442 (lg
1626 2377 1654 2429 ct
1669 2372 1719 2429 ulii
1732 2390 1820 2443 reges
1837 2374 1899 2446 vitia

1078 2460 1251 2535 spiritualia,
1285 2459 1346 2515 sive
1383 2460 1545 2528 (1111111111,
1575 2465 1659 2516 terrra
1699 2461 1900 2534 promissionis

1078 2548 1227 2622 possessio
1242 2552 1352 2603 veterna
1365 2547 1528 2616 beatitudo,
1549 2548 1751 2604 calceamenta
1779 2550 1902 2607 mortali

1078 2636 1145 2693 tatis
1160 2635 1314 2703 memoria,
1331 2635 1430 2691 baculi
1443 2635 1565 2708 justitia,
1591 2636 1738 2693 festinatio
1753 2639 1902 2695 comestio

1078 2724 1125 2780 nis
1140 2723 1272 2780 celeritas
1301 2723 1513 2792 conversionis,
1529 2724 1671 2782 accinctio
1695 2736 1804 2782 renum
1819 2725 1902 2794 couti

1078 2813 1188 2880 nentia,
1205 2812 1265 2868 duo
1276 2817 1375 2885 postes
1387 2812 1462 2867 tides
1475 2817 1502 2868 et
1517 2813 1673 2870 confessio.

1040 2944 1060 2996 C
1080 2950 1146 3002 1111.
1161 2949 1193 3001 ll.
1208 2946 1252 3000 De
1262 2945 1297 3000 r'is
1307 2945 1749 3016 prerespiritualiter·Dominum
1766 2946 1904 3002 1110111

1357 3038 1435 3087 11111
1449 3034 1630 3104 significant.

1116 3172 1191 3226 Sunt
1217 3167 1402 3240 quaedamin
1416 3167 1506 3223 Veteri
1532 3170 1717 3223 Testamento
1737 3185 1808 3241 qvia
1834 3169 1904 3228 Chri·

1081 3261 1160 3312 stum
1179 3255 1367 3329 spiritualiter
1381 3254 1567 3324 significant:
1580 3256 1656 3311 sicut
1669 3272 1766 3326 agnus
1787 3259 1904 3330 pascha·

1080 3346 1125 3413 lis,
1148 3345 1297 3413 columna,
1322 3349 1415 3418 petra,
1446 3350 1474 3400 ct
1497 3350 1603 3401 catera
1625 3346 1778 3419 quaedam.
1809 3353 1904 3422 Agnis

1081 3435 1231 3509 paschalis
1246 3434 1392 3505 significat
1406 3434 1564 3502 Christum,
1589 3436 1660 3509 quia
1686 3437 1761 3493 sicut
1780 3438 1810 3493 in
1837 3437 1905 3496 occi

1082 3526 1164 3582 sione
1180 3525 1250 3594 agni
1264 3524 1379 3580 liberati
1392 3529 1461 3580 sunt
1486 3524 1538 3580 lilii
1552 3524 1640 3581 lsrael
1654 3526 1691 3582 de
1715 3527 1858 3584 servitute
1870 3545 1904 3588 11

1082 3615 1126 3684 gis
1141 3612 1267 3686 AEgypti,
1283 3613 1324 3668 sic
1352 3612 1382 3668 in
1407 3613 1546 3684 passione
1566 3614 1681 3670 Domini
1704 3614 1822 3672 liberati
1846 3613 1905 3675 sunt

1082 3704 1134 3759 tilii
1145 3703 1227 3759 electi
1242 3702 1279 3757 dc
1293 3702 1431 3758 servitute
1441 3702 1563 3760 diaboli.
1580 3704 1735 3772 Columna,
1751 3722 1821 3778 quur
1836 3706 1904 3780 filins

1084 3791 1170 3849 lsrael
1185 3790 1381 3864 praecedebat,
1406 3791 1554 3848 Christum
1578 3792 1733 3862 significat,
1750 3795 1824 3866 quia
1839 3797 1905 3853 sicut

1084 3882 1225 3939 columna
1238 3880 1426 3954 praecedebat
1435 3881 1584 3955 populum
1604 3887 1778 3955 pergentem
1807 3885 1847 3941 ad
1861 3890 1903 3944 ter·

1083 3989 1148 4028 ram
1157 3970 1372 4044 promissionis,
1388 3970 1428 4026 sic
1445 3971 1585 4039 Christus,
1601 3972 1696 4028 lactus
1711 3975 1856 4032 obediens
1863 3979 1903 4031 Pa

1084 4061 1120 4118 tri
1135 4077 1230 4133 usque
1245 4059 1283 4117 ad
1296 4063 1424 4116 mortem
1449 4061 1593 4132 (Philipp.
1610 4061 1649 4132 1),
1665 4064 1807 4134 praecedit
1819 4080 1902 4139 popu·

1083 4150 1148 4206 lum
1160 4148 1359 4205 11111111111111
1373 4148 1510 4221 exemplo
1531 4149 1679 4221 passionis
1694 4167 1767 4219 sua,
1794 4153 1901 4212 tender-

1084 4243 1144 4295 tem
1155 4238 1193 4295 ad
1207 4237 1334 4310 patriam
1349 4237 1414 4292 vita
1430 4237 1567 4295 calestia.
1583 4239 1642 4295 Per·
1656 4242 1768 4297 arcultas
1781 4255 1900 4316 namque

204 4326 345 4403 baptismi
361 4324 466 4396 gratia
489 4339 577 4395 agere
601 4322 757 4378 debemus·
774 4322 845 4386 011ae
869 4319 928 4378 illa
953 4324 1030 4376 recle
1080 4329 1233 4398 passiones
1249 4332 1274 4382 11
1290 4326 1498 4382 tentatationes
1526 4333 1703 4396 opor·tetrros
1731 4330 1849 4387 intrare
1869 4345 1902 4386 re

205 4419 312 4478 dieitur
334 4416 495 4480 desertum,
518 4412 589 4485 quia
616 4427 633 4467 a
657 4410 757 4467 multis
785 4409 938 4479 deseritur,
966 4414 1031 4466 cta

206 4508 310 4584 paucis
325 4505 447 4563 colitur:
464 4502 536 4577 quia
549 4500 688 4575 quamvis
709 4499 795 4556 multi
809 4499 916 4568 vocati,
943 4500 1032 4572 pauci

206 4604 307 4654 tamen
335 4596 405 4650 sunt
429 4590 521 4648 electi.
551 4588 630 4646 Multi
660 4588 782 4645 nomine
810 4592 895 4644 tenus
914 4587 945 4643 in
973 4588 1033 4645 vita

207 4687 277 4741 sunt
291 4679 445 4754 spirituali,
465 4678 519 4750 qui
545 4693 640 4750 prava
659 4676 811 4734 voluntate
840 4675 949 4732 suntin
974 4675 1033 4733 vita

208 4768 352 4826 saeculari.
368 4766 547 4832 amalecitae,
559 4764 611 4837 qui
620 4764 752 4836 primum
760 4763 827 4818 filiis
840 4762 1033 4819 lsraelarma-

209 4858 230 4917 ti
244 4856 447 4922 occurrerunt,
463 4857 492 4909 et
504 4867 588 4921 reges
603 4850 655 4924 qui
669 4855 773 4924 postea
797 4855 965 4907 contraeas
979 4865 1033 4922 pu·

209 4946 375 5017 gnaverunt
388 4941 518 4997 duorum
532 4938 671 4995 vitiorum
695 4938 901 5014 demonstrant
914 4952 1032 5009 genera,

209 5032 341 5092 carnalia
354 5035 383 5088 ct
392 5027 565 5103 spiritualia,
582 5044 651 5084 eum
665 5026 777 5100 duplici
794 5027 878 5085 hoste
898 5040 1036 5099 pugnan-

209 5125 249 5182 tia
268 5138 322 5197 per
349 5120 483 5176 diversos
506 5117 643 5173 hominos
658 5120 686 5172 ct
714 5116 877 5171 daemones.
902 5116 969 5172 Non
993 5123 1034 5171 111

210 5214 293 5272 nodis
308 5210 481 5268 eollactatr'o
496 5209 638 5264 urteersrrs
659 5221 780 5262 earnem
807 5210 835 5260 et
849 5204 1034 5275 1111111111,

210 5305 373 5360 1111111111
385 5304 544 5369 potestates
570 5296 759 5351 taricheorum
783 5294 901 5361 11111111,
931 5299 1035 5348 contro

1085 4434 1177 4489 prium
1188 4418 1330 4473 1111111111
1347 4415 1424 4483 (Aet.
1439 4420 1508 4482 111).
1534 4415 1632 4471 Nubes
1647 4417 1752 4474 Christi
1769 4418 1903 4491 signifieat

1085 4506 1312 4573 humanitatem,
1329 4503 1405 4574 ignis
1420 4503 1613 4562 divinitatem.
1629 4510 1722 4575 Petra,
1738 4524 1808 4581 quur
1831 4508 1903 4579 virga

1086 4610 1228 4668 percussa
1249 4597 1302 4662 cst,
1317 4597 1345 4649 et
1372 4609 1484 4666 aquam
1513 4593 1626 4667 populo
1652 4595 1742 4665 dedit,
1769 4597 1905 4669 signifieat

1087 4683 1246 4751 Christum,
1261 4681 1313 4754 qui
1328 4681 1358 4737 in
1373 4681 1455 4751 ligno
1469 4698 1576 4755 passus
1591 4682 1806 4756 redemptionis
1829 4682 1905 4741 nobs

1088 4771 1214 4844 gratiam
1240 4769 1425 4826 ministravit.
1468 4775 1544 4826 Arca
1571 4770 1719 4841 significat
1755 4773 1906 4834 Christum·

1088 4858 1350 4928 Quemadmodum
1365 4858 1445 4916 enim
1460 4859 1489 4915 iu
1509 4877 1580 4917 arca
1589 4861 1779 4918 continentur
1793 4863 1862 4920 due
1874 4867 1909 4932 ta·

1088 4949 1166 5006 bulae
1179 4948 1262 5019 legis,
1279 4951 1307 5004 et
1320 4963 1443 5019 manna,
1457 4952 1487 5006 et
1499 4949 1593 5019 virga,
1609 4949 1651 5006 sic
1664 4949 1695 5006 in
1710 4950 1827 5010 Christo
1851 4954 1912 5011 suu

1089 5052 1194 5095 onmes
1216 5036 1346 5093 thesauri
1372 5037 1524 5110 sapientire
1539 5043 1568 5094 et
1592 5038 1720 5096 scientie
1748 5025 1913 5109 absconditi

1089 5129 1212 5203 (Coloss.
1228 5127 1268 5199 11),
1289 5126 1399 5199 quihus
1412 5126 1451 5184 ad
1466 5129 1666 5198 cognitionem
1678 5128 1810 5186 veritatis
1824 5147 1859 5187 er
1885 5153 1899 5176 «1

1090 5234 1168 5285 mur,
1185 5221 1212 5273 et
1226 5216 1321 5287 gratia
1344 5216 1513 5289 spiritualis,
1538 5234 1592 5289 per
1606 5234 1700 5290 quam
1714 5200 1916 5290 mummi

1088 5308 1212 5379 justitia,
1233 5325 1286 5379 per
1309 5323 1401 5377 qrram
1429 5308 1569 5375 regimur.
1599 5311 1669 5364 llure
1702 5309 1813 5365 1111111
1837 5311 1909 5373 tabu

210 5383 1038 5460 111111111111111111111111111111111111.11101·-
1091 5395 1125 5450 1213
1152 5395 1310 5464 ,resignant
1348 5397 1525 5467 sapientiam
1549 5403 1578 5453 at
1611 5399 1777 5465 scientiam,
1808 5416 1912 5458 man

212 5478 308 5549 danis,
325 5479 377 5551 qui
390 5478 598 5553 interpretatur
612 5476 776 5546 descensus,
799 5472 946 5543 signifieat
960 5489 1038 5528 mor·
1092 5485 1228 5554 gratiam,
1253 5486 1337 5554 virga
1373 5486 1528 5555 justitiam.
1570 5487 1720 5560 Sapientia
1750 5492 1780 5545 et
1799 5490 1912 5567 scienti

213 5579 283 5645 tem,
299 5582 326 5634 et
341 5583 417 5634 terra
432 5576 637 5651 promissionis
656 5580 798 5632 veternam
813 5572 1036 5630 beatitudinem.
1093 5574 1224 5631 Christus
1238 5590 1293 5631 nos
1315 5574 1441 5642 instruit,
1459 5575 1553 5645 gratia
1567 5576 1671 5648 pascit,
1695 5577 1811 5647 justitia
1836 5579 1911 5651 regu
