3832 6044
185 115 236 171 299
346 114 496 175 HUGONlS
518 115 563 171 DE
584 112 611 172 S.
632 110 780 170 vturottn
799 110 874 168 ΟΡΡ.
902 108 990 168 etus
1011 111 1079 167 1.·-
1095 110 1294 171 macarios.
1311 120 1381 173 -1.
1403 119 1437 176 tu
1459 120 1486 175 S.
1509 120 1735 182 soutrruunn.
1844 130 1897 185 300

184 240 298 308 Regum
313 253 366 311 per
380 240 456 298 diras
470 241 649 296 illasvaccas
664 235 865 305 significatum
877 238 931 301 est,
942 248 1010 309 quar
1025 246 1053 303 Α
1068 234 1168 292 Solent
1195 237 1236 295 ad
1264 237 1384 297 sibilum
1398 240 1593 299 formandum
1607 245 1789 304 extrinsecus
1817 247 1898 305 labia

184 345 285 386 arcam
300 330 416 386 Domini
438 332 476 387 ab
492 326 655 400 allophylis
670 325 844 381 redeuntem
867 323 1012 399 superim·
1067 326 1211 396 contrahi,
1225 331 1254 384 ct
1267 327 1445 388 intrinsecus
1459 330 1562 403 lingua
1577 317 1805 406 quodammodo
1820 337 1851 395 in
1862 340 1898 396 si-

183 422 310 496 positam
324 420 457 494 plaustro
472 435 549 475 noro
563 414 720 488 gestabant
735 434 741 470 :
758 414 919 488 dequibus
944 414 1012 470 scri·
1065 415 1263 474 militudinem
1274 418 1386 477 canalis
1402 420 1519 479 sinuata
1534 422 1683 480 substerni
1694 431 1735 495 ut,
1751 427 1825 486 dum
1838 430 1897 503 spi-

182 517 267 586 ptum
281 514 346 567 cst:
368 511 514 566 Pallentes
534 507 609 563 clads
631 520 747 577 coccus,
763 521 828 574 qaia
858 504 1010 560 lactabant
1064 505 1137 563 ritus
1151 523 1205 581 per
1217 513 1334 567 arctum
1345 511 1452 569 ductus
1461 516 1489 569 et
1500 519 1676 572 extenuatus
1684 523 1812 588 emanet,
1823 521 1898 578 mol-

181 602 474 672 eitcclos,jccrraernnt
485 597 716 668 adplcastrtcn,
728 593 894 664 nitidosque
907 607 1010 649 caraem
1064 594 1119 652 lior
1133 595 1332 673 blandiorque
1345 602 1384 659 ad
1395 602 1531 660 auditum
1545 604 1780 665 demulcendum
1793 625 1897 683 perve-

179 692 262 749 domi
271 692 482 748 concluserunt
494 688 523 760 (t
532 689 603 758 Rea.
616 685 664 757 rr).
680 688 713 741 Et
726 682 893 756 paulopost
906 682 1010 738 :rectit
1063 684 1135 742 niat.
1152 687 1229 754 otuu
1243 689 1330 760 igitur
1351 692 1458 750 rectius
1481 709 1534 766 per
1559 694 1680 753 sibilum
1708 697 1777 768 oris,
1802 716 1895 774 quam

179 782 211 839 in
222 782 368 839 directior
384 793 479 837 ccccc
489 793 547 849 pet·
561 778 650 847 ciani,
666 789 730 847 qun
744 773 826 829 ducit
841 770 1009 829 Bethsantis
1065 775 1275 835 consolationis
1289 780 1415 837 verbum
1430 782 1553 853 intelligi
1568 785 1691 857 potest?
1707 788 1796 855 Quasi
1814 789 1894 847 enim

176 879 344 944 perpetues,
356 877 383 928 et
405 871 590 940 nescientem
604 873 631 924 ct
659 881 718 921 narn
744 861 945 930 declinabant,
962 878 1009 919 ne·
1065 867 1222 923 contractis
1249 868 1346 938 labiis,
1360 875 1389 928 et
1402 870 1507 942 lingua
1534 873 1684 934 substrata
1706 876 1836 947 sibilare,
1852 885 1896 936 est

178 962 283 1037 qrcccd
296 962 566 1032 castoreaeque
580 957 621 1014 ud
645 956 799 1012 sinistrant
812 951 915 1024 (idid).
932 949 1009 1018 Quid
1063 954 1201 1012 emollitis
1215 962 1244 1015 et
1258 961 1429 1032 temperatis
1443 961 1540 1019 verbis
1568 981 1659 1022 omne
1677 966 1819 1041 loquendi
1835 975 1894 1028 stu-

178 1054 258 1112 cnim
271 1068 382 1122 racem,
405 1050 462 1108 nisi
484 1048 588 1106 fideles
611 1061 748 1119 quosque
762 1044 793 1100 in
816 1041 964 1110 Ecclesia;
979 1045 1009 1098 ct
1063 1045 1147 1102 dium
1162 1046 1200 1104 ad
1214 1063 1303 1105 usum
1327 1051 1539 1110 consolationis
1554 1052 1714 1115 inilectare.
1730 1061 1894 1117 transeun-

176 1144 250 1219 quid
266 1140 514 1211 arca,nisilegem
529 1138 579 1194 lici
590 1155 597 1204 ;
610 1141 638 1193 ot
651 1135 725 1209 quid
740 1130 912 1201 bethsamis,
924 1131 1008 1205 quod
1063 1136 1105 1190 tes
1120 1135 1208 1207 igitur
1228 1151 1282 1211 per
1308 1139 1389 1197 viam
1404 1158 1494 1215 super
1521 1144 1680 1215 desolatos,
1702 1152 1729 1204 et
1751 1149 1892 1206 manibus

107 1278 110 1284 -
174 1236 385 1308 interpretatur
403 1232 506 1287 doricus
534 1229 615 1299 sotis,
631 1225 687 1281 nisi
702 1223 852 1281 coelestem
879 1221 1006 1295 patriam
1061 1222 1211 1296 plaudunt
1224 1231 1313 1285 etorc
1323 1228 1453 1300 sibilant,
1468 1233 1591 1306 quando
1603 1233 1770 1308 spirituales
1780 1238 1892 1312 quique

175 1322 336 1396 designati
351 1325 452 1378 Vacca
463 1319 551 1393 igitur
564 1315 651 1392 quasi
666 1330 767 1373 arcam
795 1310 1007 1387 superimposi-
1061 1318 1231 1386 peccatores
1246 1322 1274 1375 et
1287 1331 1340 1392 per
1354 1321 1494 1395 exempla
1506 1321 1648 1380 virtutum
1662 1325 1702 1382 ad
1713 1325 1790 1384 hene
1803 1343 1893 1399 agen-

173 1419 237 1473 tem
252 1417 400 1485 gestantes
410 1413 577 1486 pergentes,
587 1411 616 1464 ct
626 1405 793 1476 mugientes
803 1406 882 1460 recto
903 1401 1004 1458 itinere
1061 1404 1135 1461 dum
1150 1413 1324 1479 provocant,
1352 1415 1381 1467 ct
1393 1426 1447 1484 per
1473 1411 1600 1471 verbum
1626 1415 1837 1474 consolationis
1852 1418 1892 1476 ad

132 1522 134 1526 ⁸
174 1503 337 1562 bethsamis
351 1498 610 1572 vadunt,quandc
623 1493 806 1563 fidelcslegis
820 1491 928 1549 ditium
943 1507 1004 1548 me·
1062 1510 1147 1567 spem
1161 1497 1255 1554 veniae
1283 1499 1471 1559 consumant.
1501 1503 1660 1576 Sequitur:
1679 1509 1829 1565 Moverunt
1845 1524 1892 1566 ca·

174 1594 347 1652 ditationem
358 1590 505 1664 jugiterin
515 1588 604 1645 corde
613 1602 667 1642 suo
682 1588 843 1658 portantes,
859 1598 912 1656 per
921 1582 1002 1638 viam
1019 1606 1044 1665 p
1060 1590 1226 1657 pulsuum.
1242 1591 1296 1646 Per
1309 1594 1400 1663 caput
1414 1606 1477 1649 non
1490 1591 1730 1652 inconvenienter
1757 1602 1890 1654 menmm

170 1681 245 1739 boni
260 1679 357 1756 operis
377 1678 415 1735 ad
430 1676 580 1734 celestem
607 1671 736 1745 petriam
758 1669 893 1735 tendunt,
910 1673 939 1725 et
951 1682 1004 1740 per
1059 1675 1193 1748 accipere
1206 1693 1379 1752 possumus,
1388 1680 1615 1753 permotionem
1626 1683 1740 1758 eapitis,
1753 1702 1892 1760 compgg.

173 1776 275 1844 gcntes
289 1786 344 1845 pro
357 1769 412 1837 his,
429 1782 505 1840 qnos
521 1764 620 1821 adhue
635 1759 762 1818 carnalis
776 1757 937 1816 allectusin
946 1758 1002 1814 hoc
1059 1764 1175 1822 sionem
1188 1767 1306 1825 mentis.
1334 1771 1410 1827 Eene
1424 1775 1697 1843 ergo-transeuntes
1724 1780 1792 1848 post
1805 1776 1890 1850 plau.

172 1862 288 1920 mundo
303 1860 426 1930 obligat,
442 1855 574 1928 mugitus
588 1850 804 1926 compassionis
816 1850 908 1906 edunt
921 1849 935 1903 ‘l
949 1847 1002 1921 qui
1058 1871 1126 1911 sum
1139 1859 1167 1913 et
1177 1855 1307 1927 sibilum,
1319 1859 1409 1916 etiam
1420 1864 1640 1933 caputmovent
1651 1881 1657 1933 ;
1670 1863 1742 1937 quia
1756 1864 1887 1937 protecto

170 1966 227 2010 nec
248 1954 369 2026 propter
392 1945 633 2021 compassionem
647 1958 665 1999 a
679 1946 758 1998 recto
786 1940 889 1996 itinere
915 1937 1003 1995 decli·
1056 1943 1169 2003 alienos
1184 1947 1302 2005 dolores
1316 1947 1475 2008 efficaciter
1487 1952 1635 2010 consolari
1655 1959 1819 2028 nequount,
1834 1956 1887 2030 qui

171 2045 325 2110 nantuac
349 2042 471 2112 propter
487 2034 598 2092 itineris
622 2031 810 2106 propositum
838 2045 857 2086 a
883 2028 1000 2099 mugitu
1056 2033 1210 2093 doloribus
1224 2035 1327 2094 alicnis
1338 2038 1481 2097 veraciter
1493 2042 1627 2113 compati
1652 2059 1714 2100 nou
1728 2049 1885 2102 noverunt.

171 2128 389 2205 compassionis
404 2128 530 2183 cessant.
562 2123 694 2195 idipsum
720 2120 752 2176 in
765 2121 822 2176 hoe
848 2118 914 2175 loco
934 2133 1001 2192 pro·
1056 2122 1155 2181 Videte
1177 2124 1201 2180 si
1220 2125 1321 2184 Paulo
1337 2127 1460 2202 aliquod
1485 2129 1595 2188 horum
1622 2131 1726 2189 defuit.
1753 2134 1886 2192 Manibus

169 2220 261 2293 pheta
276 2218 381 2286 innuit,
397 2217 519 2274 dicens:
1054 2210 1165 2284 plausit
1178 2213 1297 2283 Pardus,
1321 2216 1445 2290 quando
1472 2218 1609 2277 dicebat:
1638 2221 1807 2280 Indtotores
1829 2224 1888 2280 traci

205 2311 381 2367 Plauserunt
396 2323 485 2381 super
497 2311 524 2362 tc
539 2303 680 2361 manibus
694 2316 800 2360 omncs
813 2302 999 2359 transeuntes
1054 2307 1154 2374 estote,
1168 2304 1246 2362 sicut
1260 2310 1288 2362 ct
1300 2320 1352 2377 eqo
1367 2306 1483 2365 Christi
1491 2307 1521 2380 (I
1533 2310 1601 2366 Cor.
1617 2311 1666 2382 ur).
1681 2313 1735 2369 Ore
1747 2311 1884 2380 sibilavit,

169 2399 324 2475 perviam.
336 2396 484 2454 I'lauclunt
497 2394 577 2452 enim
593 2399 621 2450 ct
632 2392 721 2449 simul
749 2395 912 2460 transcunt,
927 2389 999 2464 quia
1052 2390 1178 2463 quando
1201 2392 1367 2452 Corinthios
1382 2401 1449 2469 post
1476 2398 1683 2471 penitentiam
1705 2400 1882 2459 consolans:

170 2489 210 2546 sic
222 2487 337 2546 afflictis
348 2484 565 2560 compassionis
580 2499 641 2540 stite
652 2483 792 2540 allectum
806 2480 955 2549 exhibent,
967 2483 1000 2536 ut
1053 2480 1170 2552 scepei
1182 2483 1262 2540 nobis
1277 2491 1381 2543 remant
1410 2488 1628 2545 contristemini
1657 2490 1709 2547 sed
1722 2496 1756 2546 ut
1783 2492 1884 2549 sciatis

170 2582 270 2638 tamen
285 2594 302 2636 a
316 2575 470 2651 proposito
485 2574 555 2631 recti
574 2573 684 2629 itineris
699 2589 754 2629 nec
778 2571 927 2638 deficiant,
943 2584 998 2626 nec
1052 2583 1143 2640 qaam
1161 2569 1341 2630 charitatem
1361 2573 1496 2646 habenta,
1516 2576 1720 2634 cbccndantins
1746 2579 1777 2635 in
1803 2579 1883 2635 ociis

169 2669 326 2726 (inclinent.
339 2668 429 2738 Cujus
444 2662 660 2737 compassionis
682 2661 791 2719 modus
805 2665 883 2717 recte
895 2658 997 2716 subiu-
1052 2658 1099 2726 (Il
1111 2659 1179 2717 Cor.
1191 2659 1231 2732 u).
1249 2663 1344 2734 Caput
1357 2663 1460 2733 movit,
1474 2666 1599 2738 quando
1619 2666 1738 2726 dicebat
1749 2686 1755 2724 :
1767 2669 1881 2741 Fitich',

169 2760 270 2826 fertur,
284 2773 355 2814 cum
369 2755 494 2813 dicitur:
510 2754 685 2811 Plauserunt
695 2751 846 2818 manibus,
862 2748 997 2806 sibilare·
1052 2764 1125 2820 qnos
1139 2751 1397 2821 itccmpcrtcrtc
1411 2753 1505 2813 donec
1528 2757 1678 2825 formetur
1699 2757 1836 2816 Christus
1851 2762 1882 2815 in

168 2850 417 2918 rrmt,movcr1urt
436 2848 534 2918 eaput.
554 2848 585 2901 ln
596 2859 681 2901 sacro
707 2841 826 2914 eloquio
841 2854 920 2913 saepe
943 2855 997 2912 per
1051 2837 1132 2895 eoin
1146 2838 1259 2908 (Galat.
1273 2840 1322 2911 rr).
1336 2842 1475 2915 Sequitur
1489 2843 1520 2900 in
1534 2845 1630 2904 littora
1644 2865 1651 2903 :
1667 2847 1767 2919 Super
1783 2849 1881 2920 fitium

168 2954 277 2996 manus
289 2937 431 3012 operatio,
447 2951 500 3009 per
514 2949 548 2991 cs
561 2933 680 3001 locutio,
699 2936 727 2987 ct
740 2946 792 3003 per
807 2934 897 3002 eaput
910 2944 996 2985 mens
1015 2970 1038 3028 c
1052 2928 1229 2986 inuectam.
1244 2928 1321 2995 Quid
1334 2933 1508 3003 Jerusalem,
1519 2950 1587 3007 quae
1611 2937 1685 2995 nisio
1694 2939 1781 3007 pacit
1793 2937 1882 2996 iuter·

167 3027 317 3102 designari
332 3027 414 3083 solet.
431 3024 459 3082 Si
472 3024 560 3097 igitur
574 3037 626 3096 per
636 3036 745 3078 manus
759 3035 851 3093 opera
861 3018 997 3089 designa·
1051 3020 1194 3090 pretatur,
1222 3017 1279 3075 nisi
1298 3020 1448 3079 coelestem
1471 3024 1600 3097 patriam
1624 3024 1834 3097 designatius
1857 3027 1881 3083 si

167 3116 343 3187 addicimus,
360 3116 431 3192 quid
454 3115 484 3171 in
499 3114 607 3188 plausu
621 3127 778 3178 manuum,
803 3110 860 3166 nisi
883 3108 995 3166 temam
1051 3107 1258 3180 peccatoribus
1286 3109 1451 3171 diceretm:
1467 3115 1559 3172 Tanto
1587 3116 1754 3186 graviorem
1782 3116 1880 3175 clectis

167 3212 195 3266 et
205 3207 377 3283 opinionem
388 3206 538 3263 bonorum
549 3217 675 3276 operum
686 3200 819 3273 accipere
829 3199 997 3256 debemus?
1049 3197 1234 3270 quibuslibet
1256 3198 1293 3257 de
1319 3200 1410 3258 vestri
1442 3203 1607 3276 perditione
1633 3204 1748 3264 luctum
1773 3205 1877 3278 tacitis,

167 3299 257 3356 Fama
271 3313 403 3371 namque
419 3300 447 3353 ct
472 3292 573 3368 opinio
587 3293 738 3349 bonorum
766 3304 892 3362 operum
915 3287 996 3344 velut
1049 3292 1164 3361 quanto
1175 3288 1239 3360 jam
1254 3290 1361 3346 certius
1376 3296 1421 3349 est
1434 3292 1518 3366 quod
1531 3293 1570 3350 ad
1581 3296 1774 3367 consortium,
1790 3302 1819 3355 et
1833 3313 1879 3357 so·

165 3387 291 3461 quidam
303 3401 450 3443 manarum
465 3383 589 3458 plausus
601 3382 630 3437 in
642 3380 764 3438 auribus
777 3378 880 3452 populi
889 3382 993 3434 sonat:
1048 3376 1184 3435 oietatem
1193 3377 1356 3436 electorum
1364 3381 1510 3454 pertinere
1524 3383 1677 3441 debuistis.
1693 3387 1726 3442 Et
1734 3387 1880 3458 quemad·

165 3478 194 3532 ct
215 3491 293 3548 stepo
322 3490 391 3529 eum
419 3473 574 3545 repentina
610 3468 829 3543 perstrepuerit,
858 3465 994 3522 omnium
1048 3467 1375 3528 modumvestrasulus
1390 3471 1815 3544 omnibusgaudiumiaceret,
1838 3475 1879 3535 ita

164 3564 267 3623 oculos
279 3565 311 3620 in
323 3580 422 3631 saum,
438 3579 455 3618 a
469 3579 529 3636 quo
544 3565 608 3617 orta
622 3565 676 3623 est,
695 3562 846 3615 auctorem
872 3571 995 3613 eonver-
1048 3571 1171 3630 quoquo
1180 3557 1218 3615 de
1227 3558 1316 3616 ruina
1329 3559 1527 3618 sesua-dolor
1540 3560 1747 3619 universorum
1756 3568 1785 3620 et
1794 3564 1879 3623 tristi·

164 3654 205 3713 tit.
222 3653 294 3710 ilino
309 3653 388 3711 enim
404 3655 448 3707 est
461 3650 544 3725 qriod
553 3647 683 3722 peruersi
697 3646 844 3721 quiquein
858 3645 991 3720 hisquae
1048 3644 1088 3701 tia
1098 3646 1240 3719 procedit.
1254 3649 1286 3704 Et
1295 3647 1352 3706 hoo
1361 3653 1415 3716 est,
1426 3648 1651 3723 quodsequitur
1662 3668 1668 3706 ι
1680 3653 1812 3709 Haeccine
1821 3658 1875 3722 est,

162 3747 239 3802 recte
255 3759 342 3816 agere
357 3739 503 3807 ridentur,
522 3753 640 3811 semper
666 3737 850 3793 innotescere
861 3734 990 3793 solunt:
1047 3733 1188 3805 dicentes,
1200 3736 1271 3792 urbs
1281 3735 1401 3809 perlecti
1420 3736 1546 3805 decoris,
1558 3738 1704 3809 gaudium
1727 3741 1875 3801 universae

163 3840 195 3892 ut
208 3832 353 3900 videlicet,
369 3831 444 3886 dum
454 3829 530 3886 bene
546 3831 612 3884 acta
636 3842 691 3882 sua
718 3826 748 3881 in
761 3825 894 3883 medium
909 3841 992 3900 spec·
1045 3824 1236 3881 terrtetUrbs
1246 3824 1416 3897 namquein
1426 3825 1570 3895 hocloco,
1587 3827 1716 3887 Ecclesia
1730 3831 1876 3891 catholica

162 3924 254 3982 tanda
265 3901 452 3982 [adduxerint.
468 3918 557 3975 rudes
573 3916 690 3974 animos
703 3915 807 3989 populi
821 3915 852 3972 in
863 3916 992 3973 admira·
1044 3911 1298 3983 intelligendaast,
1305 3911 1336 3968 in
1346 3928 1408 3986 qua
1416 3915 1631 3985 portaeetmuri
1640 3917 1793 3992 suntiiqui
1801 3920 1875 3978 aiios

162 4011 296 4069 bonesci
311 4014 491 4068 corrrertant.
519 4007 607 4064 Electi
620 4022 690 4063 vero
716 4006 746 4063 in
760 4005 849 4062 bonis
875 4005 990 4064 actibus
1043 4005 1073 4059 et
1086 4000 1220 4058 doctrina
1234 4000 1364 4058 veritatis
1377 4000 1550 4073 informant,
1565 4009 1594 4063 et
1608 4005 1875 4082 circumspectione

161 4103 222 4159 suis
237 4105 318 4160 tanto
333 4100 462 4175 amplius
490 4096 673 4156 manifestari
698 4095 857 4167 refugiunt,
876 4099 989 4170 quanto
1043 4089 1198 4147 ambiunt:
1214 4106 1282 4164 quus
1295 4090 1433 4150 videlieet
1455 4094 1584 4153 Ecclesia
1611 4100 1681 4153 tunc
1707 4098 1874 4170 perlectum

160 4192 256 4263 magis
272 4194 388 4249 telerna
404 4188 604 4247 retributionis
627 4185 785 4261 praemium
809 4202 846 4243 ex
861 4186 989 4242 admira·
1042 4180 1181 4238 decorem
1195 4181 1287 4240 habet
1301 4184 1434 4256 quando,
1449 4190 1478 4244 et
1491 4185 1522 4242 in
1535 4187 1665 4258 praelatis
1679 4186 1770 4246 virtus
1786 4195 1874 4248 ornat

159 4283 237 4341 donc
258 4286 379 4340 terrena
403 4280 500 4337 laudis
527 4276 665 4335 imminui
687 4276 743 4333 sibi
764 4276 984 4350 pertimescunt.
1042 4270 1230 4344 sapientiam,
1246 4277 1274 4330 et
1296 4272 1328 4329 in
1354 4274 1495 4346 subiectis
1523 4274 1694 4335 obedientia
1720 4277 1872 4338 bonorum

158 4372 214 4441 Qui
227 4373 252 4432 si
261 4372 424 4446 aliquando
440 4371 560 4428 virtutes
589 4385 668 4437 suas,
699 4372 726 4424 ct
738 4367 825 4424 fortia
851 4370 917 4425 acta
931 4324 1024 4424 sua·
1040 4376 1168 4434 operum
1191 4362 1391 4436 disciplinam.
1407 4364 1501 4436 liujus
1524 4379 1595 4438 orgo
1621 4366 1744 4427 civitatis
1770 4370 1871 4440 decor,

153 4454 300 4538 proximis
329 4462 367 4519 ad
394 4459 565 4532 exemplum
592 4461 775 4532 propontmt
790 4471 984 4530 nequaquam
1039 4458 1118 4510 reete
1134 4454 1437 4525 gaudiumunirersoe
1461 4459 1545 4513 terrae
1571 4457 1695 4530 dicitur,
1710 4460 1782 4533 quia
1805 4462 1870 4534 ejus

155 4553 212 4611 hoc
227 4551 375 4610 desiderio
386 4549 542 4621 gloriandi,
557 4548 609 4604 sed
630 4563 732 4605 amore
757 4545 932 4605 consuendi
944 4547 985 4605 ia·
1039 4542 1198 4616 disciplina
1208 4543 1274 4614 jam
1288 4559 1342 4616 per
1355 4559 1462 4601 omnes
1475 4545 1582 4604 mundi
1596 4553 1696 4621 partes
1719 4549 1868 4609 dilatatur.

155 4642 246 4699 cium.
264 4640 345 4697 Unde
359 4642 387 4696 et
398 4637 446 4694 hic
460 4643 537 4695 recte
552 4637 608 4694 sub
619 4641 691 4712 typo
705 4636 845 4694 desolate
860 4635 984 4695 civitatis
1037 4632 1157 4689 Dicatur
1174 4647 1264 4702 ergo:
1280 4631 1413 4689 Haeccine
1427 4637 1472 4692 est
1494 4633 1567 4691 urbs
1592 4636 1715 4710 perlecti
1742 4638 1868 4707 decoris,

154 4728 335 4787 multitudini
349 4726 537 4801 peccantium
553 4727 659 4785 dicitur
675 4746 681 4783 :
698 4726 872 4783 Plauserunt
893 4742 984 4799 super
1037 4719 1181 4792 gaudium
1195 4719 1341 4777 universe
1356 4722 1465 4779 terrm?
1480 4724 1580 4794 {Quasi
1596 4724 1743 4784 diceretur
1759 4745 1766 4784 ε
1793 4729 1869 4794 Quo

154 4817 338 4876 temonibus
358 4833 462 4875 omncs
491 4822 677 4876 transeuntes
701 4830 755 4891 per
779 4816 871 4874 viam.
895 4813 982 4871 Electi
1035 4810 1128 4867 modo
1142 4813 1204 4867 tam
1215 4808 1272 4866 cito
1285 4809 1316 4866 ia
1328 4810 1544 4870 desolationem
1559 4814 1657 4871 renim
1674 4816 1779 4889 potuit,
1798 4833 1867 4891 quae

153 4908 532 4983 namque,quipervia1n
547 4907 760 4964 mandatorum
775 4906 825 4962 lici
840 4905 877 4962 de
891 4904 981 4978 hujus
1035 4899 1118 4973 prius
1131 4898 1239 4956 decore
1261 4915 1316 4958 suo
1330 4900 1485 4959 univorsos
1500 4918 1560 4976 per
1585 4905 1692 4962 mundi
1721 4905 1866 4964 abaciam

151 4998 259 5056 mundi
272 4998 374 5056 exsilic
389 4999 428 5056 ad
444 4999 592 5056 colestem
608 4996 735 5070 patriam
754 4998 917 5060 transeunt,
929 5010 981 5050 sce·
1033 4987 1143 5046 electos
1156 4988 1316 5046 laetificavit
1326 4990 1340 5046 'i
1351 4991 1409 5049 Sed
1420 4991 1639 5067 quidestquod
1649 4994 1680 5051 in
1692 4996 1779 5053 ruina
1792 5011 1867 5069 quo-

151 5101 199 5166 pe,
215 5089 289 5146 dum
303 5088 488 5146 infirmantes
516 5085 669 5161 proximos
695 5085 805 5153 rident,
822 5100 857 5141 cx
873 5083 981 5141 aliectu
1033 5077 1175 5136 rumdam
1188 5083 1249 5136 tota
1264 5079 1393 5137 Ecclesia
1403 5082 1490 5154 quasi
1504 5081 1638 5141 desolata
1648 5084 1799 5158 plangitur
1808 5084 1866 5142 nisi

150 5179 300 5237 charitalis
315 5179 353 5236 ad
369 5176 576 5250 provocandos
591 5175 708 5232 animos
723 5190 837 5247 eorum,
861 5172 980 5231 virtutes
1034 5168 1308 5243 quiadumpatitur
1319 5186 1415 5227 unum
1425 5170 1597 5230 membrum
1610 5173 1713 5234 omnia
1727 5173 1866 5233 membra

150 5286 220 5329 suas
236 5270 265 5325 in
289 5267 461 5341 crcrnphun
476 5268 657 5339 proponunt.
673 5263 837 5328 libantem,
862 5262 914 5336 qui
926 5279 980 5336 per
1032 5258 1272 5331 conrpntiuutur:
1291 5264 1411 5332 propter
1435 5260 1518 5332 quod
1547 5263 1633 5320 raldo
1656 5264 1864 5338 pertimescere

150 5357 267 5412 ‹lcsiunr
285 5362 447 5421 transcunt,
474 5371 563 5427 super
586 5355 718 5425 jacentes
734 5369 793 5409 nrm
814 5352 976 5426 plangunl3
1032 5351 1142 5405 clettent
1156 5350 1175 5407 ii
1189 5351 1241 5423 qui
1253 5350 1284 5406 iu
1295 5367 1350 5408 sua
1364 5350 1517 5423 iniquitate
1546 5354 1720 5412 charitatem
1735 5355 1863 5411 aliorum

149 5445 221 5517 qtria
234 5447 354 5504 uirtutes
369 5463 439 5502 siras
468 5460 527 5500 iton
554 5437 675 5518 propter
702 5441 854 5499 utilitatem
881 5442 978 5513 proxi·
1032 5441 1225 5508 contristant3
1250 5441 1321 5512 quia
1336 5440 1478 5511 profecto,
1494 5442 1570 5499 sicut
1584 5444 1623 5507 tui
1640 5445 1727 5500 malis
1741 5460 1864 5516 corripu-

147 5547 278 5605 morum,
306 5537 357 5594 scd
385 5540 506 5610 propter
520 5534 645 5607 gloriam
671 5532 823 5609 propriam
852 5531 977 5589 dilatan-
1030 5531 1131 5588 tiendo
1144 5530 1200 5585 sibi
1214 5529 1365 5599 adaugent
1378 5531 1530 5602 meritum,
1539 5533 1580 5592 ita
1592 5538 1623 5591 et
1636 5532 1682 5595 isti
1696 5532 1794 5594 bonos
1805 5549 1861 5597 cca

148 5623 220 5687 dam
255 5624 426 5687 ostendunt.
469 5622 628 5698 Sequitur:
669 5621 876 5696 sibilavertmt,
919 5626 974 5681 etc.
1028 5619 1173 5681 tristando
1186 5621 1595 5703 aggravantreatumsuum,
