3824 6052
163 110 230 164 1113
357 108 509 166 HUGONlS
528 112 574 165 DE
594 112 621 167 S.
642 112 790 167 VlCTOllE
811 112 885 167 OPP.
911 109 999 165 PARS
1019 110 1088 164 1.-
1103 106 1303 162 EllEGE'llCll.
1319 134 1354 143 -
1369 106 1401 159 ll.
1417 105 1450 159 ΙΝ
1465 98 1685 157 tancmari.
1818 101 1857 152 1111

161 236 292 301 nentem,
309 261 321 288 a
338 237 366 289 et
381 238 502 305 propter
513 232 651 305 liberum,
668 237 696 289 et
720 233 960 306 potentissimum
975 256 988 280 ι
1008 233 1030 286 A
1046 235 1156 298 autem,
1169 249 1182 274 ι
1197 228 1308 302 quibus
1321 227 1406 283 cibus
1418 219 1859 293 dividitur,etcomminuitur,a

162 322 246 397 quod
259 322 290 378 in
305 339 340 378 co
355 325 398 377 θεῖ
411 341 424 365 «
439 322 606 377 secundum
619 326 758 379 naturam
770 323 887 379 animae.
898 341 911 364 ν
924 326 989 377 Ρθο-
1045 317 1075 374 in
1091 335 1201 391 corpus
1214 318 1407 375 nutriendum
1422 316 1575 387 trajicitur,
1592 313 1710 369 dicunt
1724 309 1860 379 significo.

163 416 228 486 pter
239 413 297 468 boo
312 410 392 466 euim
407 409 437 466 in
450 410 547 468 forma
560 412 695 468 humana
707 411 831 481 angelus
850 411 991 468 describi·
1045 430 1059 455 α
1069 405 1228 463 divisivum
1241 406 1398 462 nutrientis
1409 403 1604 479 perfectionis
1618 400 1744 463 inditia,
1759 397 1804 454 vel
1823 398 1862 455 ins

164 505 210 557 tur
224 519 231 569 ;
245 499 421 573 quiabomo
436 505 549 575 quanto
565 500 867 572 mlnussensuviget,
896 499 948 556 ubi
974 515 992 556 a
1046 498 1083 551 tae
1097 496 1153 568 ipsi
1169 495 1305 553 rationali
1320 495 1444 568 spiritui.
1475 496 1714 565 «Unaquaeque
1745 488 1824 543 enim
1841 507 1863 543 a

162 584 265 642 bestiis
279 591 446 660 superatur,
462 590 543 645 tanto
554 589 701 662 potentior
715 595 759 645 θεῖ
770 589 893 656 ratione,
909 592 938 645 et
949 587 992 643 in·
1047 585 1141 642 sentia
1156 584 1361 642 intellectualis
1375 583 1556 640 uniformem
1570 578 1813 650 intelligentiam
1836 580 1863 634 lc

165 673 335 746 telligentia,
348 679 377 733 et
388 675 522 735 libertale
536 678 679 735 naturalis
694 677 869 747 arbitrii,ubi
880 675 993 748 angelis
1046 678 1150 730 naam
1165 674 1222 732 sibi
1235 690 1253 731 a
1267 674 1412 731 diviniore
1425 673 1553 730 essentia
1568 694 1583 718 ν
1600 669 1699 744 quasi
1725 666 1826 723 cibum
1842 669 1863 723 ir

166 762 357 822 assimilatur,
1049 769 1164 834 legrum
1177 784 1190 809 α
1212 764 1338 837 provida
1351 763 1457 819 virtute
1468 761 1573 818 dividit
1603 764 1636 816 et
1659 756 1864 830 multiplicarit·

201 854 398 923 «Estautem,
416 879 429 904 »
444 858 498 911 etc.
529 857 569 910 Ac
598 854 621 910 si
646 855 779 912 diceret:
808 858 871 911 Non
895 853 993 909 solum
1047 855 1265 922 comminuens,
1282 858 1311 909 θῖ
1320 853 1468 926 adaptans
1489 872 1502 896 ε
1517 851 1556 908 ad
1585 848 1768 906 ductricem
1796 846 1865 902 ana»

165 944 287 1014 propter
313 942 387 1008 haec,
415 960 482 1016 quae
507 943 578 1011 dixi,
622 945 830 1000 convenienter
860 944 994 998 bumana
1049 942 1129 1013 giam
1157 943 1313 1011 inferioris,
1331 963 1344 986 r
1371 943 1428 999 hoc
1452 945 1505 1010 est,
1528 941 1568 998 ad
1596 953 1799 1003 mensuram,
1836 952 1866 1009 pa

121 1102 127 1112 ι
166 1030 265 1086 forma
292 1030 405 1101 angelis
432 1048 485 1104 per
514 1031 760 1101 significationem
789 1036 917 1105 aptatur,
942 1030 994 1087 sed
1048 1019 1143 1105 quam
1159 1031 1275 1088 traduci
1289 1031 1383 1105 possit
1409 1031 1448 1087 ad
1474 1029 1753 1103 participationem
1780 1025 1869 1081 inferia

168 1119 445 1189 etiamoecst,»hoc
461 1126 513 1189 θεῖ,
530 1120 699 1191 contingit«
715 1120 994 1178 invenirecoelestes
1049 1123 1090 1179 ris
1104 1123 1242 1180 scientiae.
1260 1121 1317 1179 Nisi
1332 1121 1412 1178 enim
1434 1121 1517 1193 illud,
1547 1119 1636 1192 quod
1664 1133 1818 1187 magnum
1839 1133 1869 1170 ar-

166 1208 288 1265 virtutes
300 1224 353 1281 per
367 1208 486 1279 singula
500 1213 609 1266 nostra
633 1210 796 1283 corporalis
825 1207 995 1282 rrrulliplicis
1050 1212 1119 1286 cipit
1133 1216 1162 1268 et
1176 1212 1216 1269 ad
1234 1227 1409 1268 mensuram
1433 1210 1665 1277 comminueret,
1697 1221 1868 1280 nequaquan

167 1298 374 1371 partitionis.r
393 1303 426 1355 ln
453 1300 577 1370 singulis
606 1301 686 1358 enim
708 1300 844 1374 partibas
870 1296 996 1355 humani
1050 1301 1089 1357 ad
1101 1300 1245 1356 interioris
1267 1299 1465 1370 ineffigentia
1490 1297 1765 1372 participationem
1791 1295 1869 1350 ῖηθέε

169 1388 302 1462 corporis
327 1405 381 1462 per
405 1390 563 1464 mysticam
590 1390 836 1461 significationem
871 1387 996 1444 inveniri
1050 1409 1081 1448 re
1097 1390 1215 1447 valeret.
1232 1411 1245 1435 α
1261 1392 1405 1446 Homeros
1419 1394 1531 1456 autem,
1547 1392 1576 1444 θῖ
1599 1386 1746 1453 brachia,
1773 1388 1801 1441 θῖ
1821 1385 1869 1439 1ῖθθ

169 1481 297 1551 possunt
307 1478 473 1552 spirituales
488 1479 621 1549 virtutes3
636 1480 707 1553 quia
731 1481 843 1546 omnia,
867 1494 934 1551 quae
956 1474 997 1532 vi·
1051 1497 1184 1537 manus»
1197 1479 1301 1536 dicunt
1323 1478 1491 1549 significare
1518 1477 1710 1543 «factivum,
1736 1481 1765 1531 θῖ
1791 1490 1871 1547 opera

172 1564 292 1622 sibiliter
304 1565 381 1622 lacta
396 1572 473 1633 sunt,
490 1567 623 1641 aliquam
638 1567 677 1624 ad
702 1567 860 1624 invisibilia
886 1564 998 1621 babent
1017 1590 1038 1643 B
1052 1571 1156 1638 tivum,
1172 1574 1200 1628 et
1216 1569 1355 1626 activum,
1368 1571 1428 1626 cor
1439 1584 1509 1624 vero
1522 1588 1535 1612 a
1550 1566 1660 1623 dicunt
1686 1588 1702 1612 a
1720 1563 1872 1637 symbolum

172 1653 431 1724 significationem.
454 1659 495 1712 lta
519 1662 646 1729 possunt
671 1660 748 1713 recte
777 1655 998 1712 consinerantes
1053 1673 1127 1725 esse,
1141 1682 1153 1706 ε
1166 1656 1196 1713 id
1208 1661 1252 1714 est
1261 1656 1399 1727 figuram,
1416 1685 1430 1710 «
1445 1655 1600 1712 deiformis
1608 1655 1694 1722 vitae,
1710 1682 1724 1705 ι
1746 1652 1875 1709 seminan-

173 1757 210 1797 ex
221 1741 388 1799 visibilibus
402 1743 561 1800 invisibilia
574 1745 768 1819 perpendere.
786 1745 869 1800 t'nde
888 1742 1000 1799 contin·
1054 1745 1100 1812 ῖῖε,
1114 1744 1160 1802 vel
1185 1745 1362 1817 spargentis,
1389 1745 1448 1800 sive
1476 1742 1687 1800 diffundentis
1714 1765 1728 1789 ι
1740 1741 1877 1816 propriam

174 1829 215 1900 git
229 1830 260 1886 id
272 1830 413 1901 invenire,
428 1853 441 1877 v
457 1833 597 1902 dicentes,
612 1861 625 1885 ε
641 1834 670 1889 id
686 1839 729 1889 θεῖ
741 1850 792 1889 eos
820 1833 871 1905 qui
898 1831 1001 1886 dicunt
1055 1834 1173 1891 vitalem
1185 1834 1324 1890 virtutem
1336 1833 1366 1889 iu
1377 1850 1422 1901 ea,
1438 1850 1505 1907 quae
1523 1831 1748 1907 praeintellecta
1772 1835 1838 1886 sunl
1850 1846 1876 1882 ει

174 1919 701 1995 ‘ipsumclarissimmnrespectum,
720 1923 798 1995 »qui
819 1920 934 1978 bomini
950 1919 1001 1974 da·
1055 1924 1130 1979 sicut
1152 1939 1204 1979 cor
1231 1927 1347 1979 motum
1371 1921 1512 1978 diffundit
1536 1921 1664 1978 vitalem
1691 1921 1733 1977 ad
1759 1919 1877 1976 membra

176 2012 223 2064 tus
236 2013 280 2066 est
295 2009 358 2064 vad
373 2009 475 2064 divina
493 2009 661 2076 luminaria,
675 2030 688 2054 ν
712 2015 813 2083 utpote
840 2009 944 2075 solem,
974 2009 1001 2062 el
1055 2016 1171 2069 cratera.
1187 2015 1345 2084 Propterea
1360 2012 1462 2069 dicunt
1477 2028 1529 2067 cor
1543 2011 1656 2066 essein
1682 2013 1758 2078 Deo,
1783 2007 1880 2064 sivein

175 2095 290 2162 lunam,
304 2099 333 2150 et
346 2095 444 2151 stellas
459 2125 472 2149 a
487 2097 653 2167 significare
682 2099 888 2171 conspectivas
912 2096 1001 2152 virtu·
1055 2100 1192 2158 rationali
1207 2100 1311 2174 spiritu
1324 2100 1405 2157 illam
1432 2100 1582 2171 virtutem,
1612 2117 1631 2157 a
1663 2116 1732 2173 qua
1757 2096 1881 2155 diffundi
1911 2147 1912 2182 ,

175 2188 229 2253 ῖθε,
245 2204 259 2228 ²
274 2184 359 2241 idest
372 2187 626 2259 contemplativas,
643 2205 710 2261 quae
726 2195 795 2245 sunt
820 2189 850 2244 iu
874 2187 1002 2244 rationa-
1059 2195 1103 2246 tur
1119 2189 1213 2259 gratia
1226 2189 1323 2246 vitalis
1338 2189 1368 2246 in
1384 2189 1466 2258 alios,
1481 2189 1532 2262 qul
1552 2188 1678 2262 pravisi
1707 2192 1812 2244 sunta
1826 2188 1882 2242 lieo.

176 2273 297 2331 bilibus.
313 2274 449 2332 Similiter
463 2275 703 2334 dicentesadhuc
718 2278 818 2352 ipsum
834 2281 1003 2350 respectum
1058 2283 1089 2335 ut
1104 2278 1353 2352 illamaecipiant.
1384 2278 1442 2334 lllis
1462 2279 1542 2334 euim
1569 2282 1694 2333 tantum
1719 2277 1821 2340 datur,
1843 2272 1883 2347 qui

177 2363 329 2421 exterioris
358 2365 480 2421 intuitus
522 2366 688 2436 significare
726 2366 976 2441 «susceptionem
990 2389 1003 2415 a
1058 2367 1192 2424 adillam
1207 2366 1414 2440 accipiendam
1434 2365 1549 2440 praevisi
1573 2370 1657 2430 sunt,
1688 2369 1719 2422 et
1746 2362 1884 2438 pra-desti

177 2454 372 2529 quamdam«
388 2444 559 2512 divinarum
575 2456 841 2526 illuminationum,
857 2461 1003 2519 teneram,
1058 2457 1120 2514 nati
1131 2457 1170 2512 ad
1184 2456 1286 2512 vitam.
1306 2458 1454 2512 «Pectora
1476 2455 1612 2512 iterum»
1644 2454 1755 2511 dieunt
1782 2450 1885 2521 «signi-

178 2543 209 2600 id
224 2547 268 2601 est
282 2543 366 2601 lacilc
382 2545 557 2602 sentientem
571 2549 599 2602 et
624 2545 782 2619 liquidam,
798 2544 828 2601 id
856 2549 901 2600 est
926 2543 1004 2599 clare
1058 2547 1148 2602 ficare
1168 2545 1288 2612 durum,
1303 2548 1332 2601 θῖ
1358 2544 1500 2600 firmum:
1533 2547 1561 2600 et
1583 2543 1809 2600 custoditivum
1823 2565 1836 2589 ι
1862 2540 1885 2594 il

179 2632 418 2706 perspicientem,
434 2660 448 2685 ι
476 2639 504 2690 cl
526 2651 588 2692 non
622 2651 839 2708 repercussam,
855 2654 867 2677 »
896 2632 927 2688 id
962 2635 1006 2687 est
1059 2635 1115 2691 lius
1129 2654 1144 2688 ι
1157 2634 1283 2690 vivifica
1298 2632 1539 2690 distributionisa
1553 2632 1648 2688 corde
1667 2658 1681 2682 ι
1697 2630 1883 2706 procedentis,

179 2721 337 2779 efficaciter
348 2725 663 2797 comprehendentem,
679 2724 731 2780 sed
742 2728 826 2780 acute
835 2722 1005 2788 mobilem»
1061 2727 1161 2798 utpote
1174 2743 1188 2769 r
1203 2739 1221 2779 a
1237 2723 1391 2796 supposito
1407 2741 1420 2766 r
1434 2723 1490 2795 ipsi
1504 2721 1713 2795 pectori,quia
1723 2737 1775 2778 cor
1788 2719 1882 2794 pectori

179 2810 325 2884 quianon
340 2827 719 2885 repercussam;«pu1·am,
735 2833 748 2857 υ
758 2812 829 2886 quia
840 2810 1004 2884 liquidam3
1061 2812 1250 2885 suppositum
1265 2816 1318 2880 est,
1335 2815 1368 2868 ut
1381 2811 1447 2885 ipso
1458 2809 1613 2867 muniatur
1641 2815 1675 2867 et
1705 2809 1880 2866 custodiatur.

179 2898 326 2970 «plenam
339 2898 570 2970 impassibiliter,
586 2921 600 2946 »
620 2902 691 2974 quia
715 2906 857 2957 teneram.
887 2905 927 2956 lta
942 2899 1006 2972 qui-
1023 2944 1044 2998 C
1060 2904 1180 2956 «Darsa
1196 2914 1277 2967 ver0,
1294 2921 1308 2946 »
1332 2899 1435 2956 dicunt
1459 2898 1629 2969 significare
1663 2920 1678 2943 ε
1695 2898 1881 2957 continuum»

179 2988 249 3044 dem
258 3003 298 3043 ne
311 2986 378 3042 visu
391 2988 539 3060 corporali
548 2989 699 3046 dicentes:
716 3019 729 3042 a
743 2989 889 3046 Ollactum
902 3005 1006 3058 vero,»
1060 2991 1092 3047 id
1117 2995 1161 3046 est
1190 2988 1471 3046 continuationem«
1486 2992 1672 3044 cunctarum
1683 2986 1816 3044 fertilium
1834 2984 1881 3040 vir-

179 3075 381 3150 corporalium
403 3097 416 3123 r
429 3077 602 3136 discretivas
626 3080 758 3148 virtutes,
774 3099 788 3124 »
814 3080 945 3136 dicentes
971 3077 1007 3134 si·
1061 3085 1177 3146 tutum;
1195 3101 1208 3125 ι
1221 3077 1303 3150 quia,
1319 3077 1394 3134 sicut
1403 3077 1434 3133 in
1448 3077 1539 3133 dorso
1553 3077 1646 3152 spina
1658 3078 1757 3151 spinae
1780 3074 1880 3147 copda·

181 3166 323 3240 gnifieare
338 3187 351 3211 ι
366 3167 438 3224 illud
459 3170 643 3242 receptivum
669 3170 894 3238 distributionis,
910 3190 922 3214 υ
946 3169 1007 3225 sive
1061 3175 1091 3227 ta
1105 3175 1159 3242 est,
1170 3169 1211 3225 ita
1225 3169 1255 3224 in
1268 3167 1426 3225 virtutibus
1436 3183 1497 3224 una
1511 3167 1596 3225 alteri
1611 3169 1758 3225 cohaeret
1782 3190 1796 3214 ι
1808 3165 1882 3223 Pedes

180 3256 361 3325 donationis,
401 3257 461 3314 sive
498 3259 650 3315 eflusionis
698 3259 799 3329 gratia
848 3259 1008 3326 spiritualis
1062 3265 1163 3317 autem
1179 3277 1191 3302 r
1206 3257 1310 3313 dicunt
1324 3256 1491 3328 significare
1506 3256 1658 3329 «mobile,
1687 3263 1718 3314 et
1745 3258 1840 3323 velox,
1863 3259 1883 3307 θῖ

181 3363 299 3404 «suave
324 3347 430 3404 olentis
456 3365 547 3422 super
567 3349 758 3406 intellectum.
773 3369 787 3393 ι
816 3349 1009 3422 Receptivum
1063 3347 1169 3406 cursile
1190 3345 1331 3403 mollonis
1358 3361 1476 3418 semper
1503 3345 1619 3402 cunctis
1640 3346 1673 3403 in
1696 3346 1808 3402 divina.
1832 3347 1884 3399 Pro

181 3437 260 3509 dico,
287 3441 436 3509 quantum
464 3438 605 3511 possibile
632 3444 765 3496 estesse
803 3440 1008 3513 receptivum;
1063 3443 1129 3513 pter
1142 3437 1226 3510 quod
1240 3456 1253 3481 ι
1267 3435 1339 3509 quia
1352 3433 1487 3491 velocem
1499 3438 1616 3490 motum
1629 3434 1758 3503 babent,
1775 3432 1885 3490 «thecla

182 3549 196 3575 α
211 3528 241 3584 et
255 3541 440 3599 eorumquae
456 3527 570 3584 sicnon
586 3534 664 3596 sunt,
681 3529 737 3584 »iu
753 3532 797 3585 θεῖ
811 3544 915 3585 corum
942 3546 1009 3602 qua
1065 3527 1113 3597 gia
1125 3525 1217 3600 pedes
1231 3527 1403 3580 sanctorum
1417 3522 1619 3579 intellectuum
1644 3528 1799 3597 pennatos
1825 3522 1885 3592 figo

182 3630 244 3672 non
258 3614 387 3671 suaviter
399 3615 499 3685 olent;
521 3641 534 3665 α
548 3617 740 3675 discretivum
769 3635 822 3691 per
845 3619 1008 3687 scientiam,
1065 3616 1149 3673 ravit.
1163 3640 1176 3664 ε
1200 3617 1233 3670 Et
1261 3613 1377 3679 merito,
1400 3612 1472 3685 quia
1495 3616 1700 3685 «pennatum
1729 3611 1886 3683 significant

183 3707 212 3761 et
230 3703 354 3761 omnino
373 3704 573 3775 refugitivum.
592 3734 605 3757 ε
632 3710 691 3764 11οθ
720 3712 772 3775 θεῖ,
801 3707 943 3765 olfactum
970 3709 1011 3764 di·
1065 3705 1273 3777 anagogicam,
1288 3725 1302 3750 »
1317 3704 1346 3760 id
1362 3708 1415 3771 est,
1433 3720 1552 3759 sursum
1574 3703 1736 3760 ducentem
1763 3700 1886 3756 «veloci

184 3796 256 3850 cunt
281 3793 448 3864 significare
475 3795 640 3868 specialiter
664 3797 725 3851 vim
752 3794 833 3850 illam
862 3796 923 3851 sive
955 3796 1012 3853 vir·
1066 3802 1175 3853 tatem:
1190 3814 1203 3839 a
1218 3798 1247 3850 θῖ
1263 3792 1411 3865 significat
1433 3793 1523 3850 etiam
1544 3818 1558 3845 ι
1575 3791 1692 3849 ooeleste
1719 3792 1887 3853 activum.»

186 3886 279 3941 tutem
294 3884 412 3951 animae,
434 3900 501 3955 quae
519 3883 707 3956 spiritualiter
722 3885 864 3940 discernit
878 3885 1011 3958 interea,
1066 3886 1096 3941 id
1125 3888 1169 3940 θεῖ
1204 3882 1356 3939 coelestem
1388 3883 1546 3949 actionem,
1584 3880 1633 3938 vel
1669 3879 1885 3953 impulsionem,

184 3988 253 4045 quae
267 3970 458 4042 spiritualiter
472 3969 651 4040 beneoleut,
668 3977 776 4045 etqua
790 3989 852 4029 non
869 3992 876 4041 ;
893 3979 921 4031 et
936 3974 1013 4031 bene
1067 3974 1129 4030 sive
1160 3970 1381 4046 promotionem
1404 3970 1525 4038 itineris,
1566 3968 1653 4044 quod
1694 3973 1739 4026 θεῖ
1779 3983 1885 4024 sursum

185 4057 295 4130 olentia
308 4057 431 4131 appetit,
444 4058 522 4115 male
542 4076 613 4118 vero
640 4061 748 4119 olentia
776 4061 894 4135 refugit.
924 4069 1015 4120 «ilri-
1066 4078 1191 4119 versus:
1215 4065 1244 4117 et
1268 4061 1416 4130 signifieat
1441 4059 1530 4116 etiam
1556 4084 1569 4108 ι
1585 4063 1780 4128 remotum,»
1809 4057 1837 4115 id
1855 4060 1886 4112 θεῖ

186 4148 264 4220 rium
284 4163 355 4204 vero
379 4147 527 4207 virtutes»
555 4149 658 4208 dicunt
679 4151 846 4222 significare
875 4175 888 4200 α
901 4152 984 4222 illud,
1000 4182 1014 4208 ε
1067 4151 1274 4217 remotionem,
1288 4171 1301 4197 c
1316 4149 1356 4206 ab
1370 4150 1453 4207 omui
1464 4147 1581 4218 humili,
1598 4148 1631 4205 id
1646 4154 1693 4205 θεῖ
1720 4148 1885 4208 bumilitate,

186 4235 270 4313 quod
284 4237 436 4295 inanima
462 4244 506 4296 est
520 4257 534 4282 ²
557 4241 723 4314 particeps;
751 4247 778 4299 et
804 4242 983 4312 gnosticrnn,
1000 4270 1014 4295 »
1066 4242 1114 4298 vel
1125 4240 1303 4312 abjectione,
1330 4241 1391 4297 sive
1419 4240 1638 4312 depressione:
1663 4240 1750 4313 quod
1780 4268 1793 4292 t
1807 4252 1886 4294 remo

187 4328 217 4386 id
232 4331 276 4384 est
288 4327 474 4399 cognitivum
487 4334 515 4386 et
532 4331 735 4405 susceptivum
757 4331 866 4388 divinae
890 4333 1015 4405 inspira·
1068 4337 1131 4388 tum
1142 4352 1156 4377 »
1170 4331 1201 4386 in
1212 4331 1304 4386 eisest
1316 4356 1330 4381 α
1343 4345 1397 4404 per
1411 4345 1533 4385 sursum
1548 4326 1659 4396 ferens,
1674 4356 1689 4382 »
1703 4332 1779 4403 quia
1805 4330 1833 4383 in
1858 4341 1886 4380 θθ

186 4417 284 4475 tionis.
296 4437 310 4463 ι
326 4416 502 4486 Gustativas,
518 4439 532 4464 ι
543 4423 597 4477 θῖθ.
607 4419 689 4476 ldem
704 4420 784 4489 dicit,
806 4421 864 4477 hoc
889 4426 941 4488 est,
962 4436 1015 4491 gu-
1067 4419 1151 4494 quod
1167 4435 1287 4475 sursum
1301 4418 1436 4475 teruntur
1450 4417 1489 4474 ab
1504 4416 1659 4485 omnibus,
1685 4434 1758 4491 qua
1784 4419 1813 4473 in
1834 4418 1887 4472 imo

188 4506 308 4564 stativas
319 4506 441 4563 virtutes
451 4507 555 4565 dicunt
578 4507 745 4580 significare
760 4540 773 4564 t
800 4508 1015 4582 plenitudinem
1069 4513 1148 4576 sunt,
1159 4511 1362 4565 removentur.
1379 4511 1445 4581 lpse
1459 4522 1530 4563 vero
1548 4521 1724 4579 pennarum
1748 4507 1848 4563 levitas
1861 4507 1888 4559 si·

187 4595 393 4670 invisibilium,
421 4601 450 4653 et
475 4596 646 4654 divinarum
689 4614 836 4666 escarum,
865 4622 878 4646 «
905 4597 1016 4672 quibus
1070 4598 1191 4671 gnificat
1210 4597 1286 4653 nihil
1313 4601 1463 4655 terrenum
1491 4599 1543 4652 aut
1567 4595 1782 4670 ponderosum
1806 4597 1834 4653 in
1856 4596 1888 4650 eis

189 4684 325 4741 coelestes
351 4685 485 4742 essentiae
510 4686 705 4756 reficiuntur;
735 4687 902 4759 significare
927 4688 1017 4745 etiam
1070 4703 1169 4758 essa«
1186 4686 1239 4743 sed
1254 4690 1349 4743 totum
1363 4684 1529 4742 ascendens
1548 4685 1579 4740 in
1594 4683 1753 4742 excelsum
1781 4684 1888 4748 munde,

189 4774 416 4847 «susceptivum
431 4780 625 4848 promotuum
649 4776 802 4842 alentium,
829 4777 860 4833 id
881 4781 925 4833 θεῖ
944 4776 1017 4832 illud
1071 4781 1100 4833 θῖ
1114 4778 1179 4832 sine
1205 4777 1358 4848 gravitate.
1381 4773 1501 4831 Nudum
1516 4789 1650 4848 quoque,
1683 4779 1713 4830 et
1744 4775 1891 4831 discalcea-

189 4861 272 4936 quod
286 4861 329 4918 eis
344 4864 467 4937 suscipit
479 4865 590 4923 alentes
609 4873 775 4939 promotus,
806 4866 862 4923 boc
887 4870 940 4934 est,
965 4883 1018 4922 nu·
1071 4872 1172 4937 tum»
1199 4865 1282 4938 quod
1304 4866 1347 4920 eis
1373 4863 1553 4937 attribuitur,
1581 4862 1737 4933 significat
1773 4865 1891 4921 «demis

189 4949 306 5009 trientia
359 4948 551 5010 incrementa.
589 4984 603 5008 «
631 4957 763 5013 Tactiras
813 4973 883 5012 vero
929 4957 1018 5012 virtu·
1072 4971 1139 5011 sum
1154 4971 1292 5020 »eorum,
1307 4984 1321 5010 e
1336 4958 1365 5010 et
1387 4951 1570 5023 alrsolutum,
1590 4956 1619 5009 θῖ
1641 4952 1892 5011 immensurabile.

189 5045 243 5110 tes,
260 5062 274 5087 ι
288 5040 392 5098 dieunt
406 5040 670 5113 significareillud,
686 5046 769 5118 quod
784 5046 814 5102 in
830 5045 938 5108 ¹anima
964 5048 1017 5117 est,
1072 5049 1100 5101 ct
1114 5061 1222 5118 purum
1245 5043 1310 5100 ab»
1335 5045 1419 5101 omni
1443 5044 1662 5117 «appositione
1689 5060 1813 5116 eorum,
1839 5058 1892 5119 qur

189 5159 204 5186 ι
217 5130 411 5189 discretivum
425 5148 478 5206 per
493 5131 647 5189 scientiam
661 5135 874 5203 convenientis
889 5139 940 5192 aut
968 5151 1019 5191 no
1072 5139 1154 5191 extra
1169 5138 1270 5206 sunt»
1280 5134 1337 5189 boc
1353 5138 1407 5205 cst,
1418 5132 1501 5207 quod
1513 5133 1598 5205 nudi,
1614 5137 1644 5188 et
1657 5132 1892 5192 discalceatidcr

190 5221 292 5279 centis.
306 5221 467 5296 Palpebras
481 5222 600 5293 deinde,
616 5228 644 5281 et
656 5224 815 5297 supercilia
827 5253 841 5278 ι
854 5224 958 5282 dicunt
984 5224 1019 5280 si·
1072 5223 1226 5280 cribuntur
1238 5221 1348 5295 angeli,
1364 5222 1514 5293 significat
1526 5221 1610 5296 quod
1620 5251 1634 5277 ι
1647 5221 1686 5279 ab
1702 5241 1718 5266 ¹·
1733 5228 1824 5282 omni
1837 5237 1893 5295 «ap

191 5310 334 5383 gnificare
352 5312 594 5370 «custoditivum
622 5312 821 5385 intelligentia
847 5312 1019 5370 divinarum
1072 5314 1230 5384 positione,
1244 5336 1258 5361 ι
1274 5313 1336 5367 sive
1351 5312 1588 5384 conjunctione«
1602 5324 1722 5383 eorum,
1744 5329 1817 5386 qum
1828 5319 1895 5369 extra

190 5401 341 5459 visionum
358 5421 365 5468 ς
378 5403 542 5474 juvenilem
554 5420 634 5473 vero,
660 5408 688 5461 θῖ
714 5404 848 5460 adultam
872 5406 989 5461 atatem
1004 5425 1018 5451 ι
1072 5405 1151 5472 εθθῖ,
1163 5420 1177 5448 ι
1187 5401 1219 5457 id
1229 5405 1273 5458 est
1283 5401 1461 5475 visibilium,
1468 5400 1592 5457 demissi
1603 5403 1684 5472 sunt,
1695 5401 1730 5458 id
1746 5408 1793 5461 est
1806 5401 1894 5469 laxat,

191 5486 295 5548 dicunt
309 5492 477 5562 significare
488 5513 501 5538 ι
515 5493 599 5562 illud,
612 5516 625 5540 ι
639 5494 722 5568 quod
737 5493 767 5549 in
782 5494 884 5551 anima
894 5497 938 5550 cst
953 5522 966 5546 a
977 5492 1019 5549 vi·
1072 5496 1101 5547 θῖ
1114 5490 1254 5562 absoluti,
1267 5494 1381 5565 etpuri,
1394 5507 1428 5548 ac
1441 5492 1894 5565 perlrooimmensurabiles.0m

192 5574 258 5633 talis
272 5578 388 5638 virtutis
402 5598 521 5658 semper
548 5582 747 5643 innovantis»
768 5599 845 5642 eam.
871 5601 885 5628 ι
910 5586 1017 5641 Ιῖθθῖθε
1072 5581 1262 5638 enimminus
1272 5595 1417 5646 corporea
1427 5580 1650 5654 commistione,
1659 5579 1708 5639 vel
1716 5585 1894 5658 appositior·
